{"gold_per_floor":[119,119,137,312,364,364,393,393,438,438,503,228,228,239,239,339,389,404,8,8,278,278,278,305,6,60,60],"floor_reached":27,"playtime":1386,"items_purged":["Doubt","Strike_B"],"score":259,"play_id":"62e6a828-1acf-474b-b5dc-5afeb2c90749","local_time":"20190101163925","is_ascension_mode":true,"campfire_choices":[{"data":"Go for the Eyes","floor":6,"key":"SMITH"},{"data":"Genetic Algorithm","floor":8,"key":"SMITH"},{"data":"Machine Learning","floor":10,"key":"SMITH"},{"data":"Redo","floor":15,"key":"SMITH"},{"floor":23,"key":"REST"}],"neow_cost":"CURSE","seed_source_timestamp":189389290369989,"circlet_count":0,"master_deck":["Strike_B","Strike_B","Strike_B+1","Defend_B","Defend_B","Defend_B","Defend_B","Zap+1","Dualcast","Cold Snap","Go for the Eyes+1","Genetic Algorithm+1","Redo+1","Static Discharge","Go for the Eyes","Redo","Stack","Streamline+1","Multi-Cast","Chaos","Compile Driver+1","Tempest","Reboot","Double Energy"],"relics":["Juzu Bracelet","Blood Vial","Vajra","Shuriken","Tiny House","Molten Egg 2","Nloth\u0027s Gift","Whetstone","Meat on the Bone","Centennial Puzzle"],"potions_floor_usage":[7,27],"damage_taken":[{"damage":1,"enemies":"Cultist","floor":1,"turns":3},{"damage":8,"enemies":"2 Louse","floor":3,"turns":3},{"damage":13,"enemies":"Lagavulin","floor":7,"turns":8},{"damage":24,"enemies":"Lagavulin Event","floor":11,"turns":7},{"damage":6,"enemies":"Jaw Worm","floor":14,"turns":2},{"damage":19,"enemies":"The Guardian","floor":16,"turns":11},{"damage":6,"enemies":"Chosen","floor":18,"turns":4},{"damage":47,"enemies":"Book of Stabbing","floor":24,"turns":5},{"damage":44,"enemies":"Gremlin Leader","floor":27,"turns":7}],"seed_played":"5671442370701843838","potions_obtained":[{"floor":1,"key":"Explosive Potion"},{"floor":3,"key":"Block Potion"},{"floor":7,"key":"SteroidPotion"},{"floor":17,"key":"Explosive Potion"}],"is_trial":false,"path_per_floor":["M","?","M","?","T","R","E","R","T","R","?","$","?","M","R","B",null,"M","$","$","?","?","R","E","$","T","E"],"character_chosen":"DEFECT","items_purchased":["Static Discharge","Go for the Eyes","Redo","Stack","Molten Egg 2","Tempest","Double Energy","Meat on the Bone"],"campfire_rested":1,"item_purchase_floors":[12,12,12,12,19,19,25,25],"current_hp_per_floor":[74,74,66,66,66,66,53,53,53,53,31,31,85,79,79,62,90,84,84,84,48,48,75,30,30,30,0],"gold":60,"neow_bonus":"THREE_RARE_CARDS","is_prod":false,"is_daily":false,"chose_seed":false,"campfire_upgraded":4,"win_rate":0,"timestamp":1546382365,"path_taken":["M","?","?","?","?","R","E","R","T","R","?","$","?","M","R","BOSS","M","?","$","?","?","R","E","$","T","E"],"build_version":"2018-12-20","purchased_purges":2,"victory":false,"max_hp_per_floor":[75,75,75,75,75,75,75,75,75,75,75,75,85,85,85,85,90,90,90,90,90,90,90,90,90,90,90],"card_choices":[{"not_picked":["Biased Cognition","Meteor Strike"],"picked":"Machine Learning","floor":0},{"not_picked":["Scrape","Reprogram"],"picked":"Cold Snap","floor":1},{"not_picked":["Steam","Stack"],"picked":"Go for the Eyes","floor":3},{"not_picked":["Chaos","Ball Lightning"],"picked":"Genetic Algorithm","floor":7},{"not_picked":["Lockon","Sweeping Beam"],"picked":"Redo","floor":11},{"not_picked":["Rip and Tear","Gash"],"picked":"Streamline","floor":14},{"not_picked":["Biased Cognition","Buffer"],"picked":"Multi-Cast","floor":16},{"not_picked":["Turbo","Steam"],"picked":"Chaos","floor":17},{"not_picked":["Beam Cell","Gash"],"picked":"Compile Driver+1","floor":18},{"not_picked":["Streamline+1","Steam Power"],"picked":"Reboot","floor":24}],"player_experience":20636,"relics_obtained":[{"floor":5,"key":"Juzu Bracelet"},{"floor":7,"key":"Blood Vial"},{"floor":9,"key":"Vajra"},{"floor":24,"key":"Whetstone"},{"floor":26,"key":"Centennial Puzzle"}],"event_choices":[{"cards_removed":["Doubt"],"damage_healed":0,"gold_gain":0,"player_choice":"Removed Curses","damage_taken":0,"max_hp_gain":0,"max_hp_loss":0,"event_name":"Fountain of Cleansing","floor":2,"gold_loss":0},{"damage_healed":0,"gold_gain":175,"player_choice":"AGREE","damage_taken":0,"max_hp_gain":0,"max_hp_loss":0,"event_name":"Liars Game","floor":4,"gold_loss":0,"cards_obtained":["Doubt"]},{"damage_healed":0,"gold_gain":0,"player_choice":"Searched \u00273\u0027 times","damage_taken":0,"relics_obtained":["Shuriken"],"max_hp_gain":0,"max_hp_loss":0,"event_name":"Dead Adventurer","floor":11,"gold_loss":0},{"cards_removed":["Machine Learning"],"damage_healed":44,"gold_gain":0,"player_choice":"Offered Rare","damage_taken":0,"max_hp_gain":10,"max_hp_loss":0,"event_name":"Bonfire Elementals","floor":13,"gold_loss":0},{"damage_healed":0,"gold_gain":270,"player_choice":"GOLD GOLD GOLD ","damage_taken":36,"max_hp_gain":0,"max_hp_loss":0,"event_name":"Knowing Skull","floor":21,"potions_obtained":[],"gold_loss":0,"cards_obtained":[]},{"damage_healed":0,"gold_gain":0,"player_choice":"Traded Relic","damage_taken":0,"relics_obtained":["Nloth\u0027s Gift"],"max_hp_gain":0,"max_hp_loss":0,"event_name":"N\u0027loth","floor":22,"relics_lost":["Cracked Core"],"gold_loss":0}],"is_beta":false,"boss_relics":[{"not_picked":["Cursed Key","Snecko Eye"],"picked":"Tiny House"}],"items_purged_floors":[12,19],"is_endless":false,"potions_floor_spawned":[1,3,7,24],"killed_by":"Gremlin Leader","ascension_level":1}