{"gold_per_floor":[109,119,25,35,35,35,60,60,60,60,75,75,75,0,0,100,100,113,113,132,92,111,111],"floor_reached":23,"playtime":820,"items_purged":["Regret"],"score":327,"play_id":"a67d7b67-d896-473f-b461-0097a19846d2","local_time":"20190221204022","is_ascension_mode":true,"campfire_choices":[{"data":"Zap","floor":6,"key":"SMITH"},{"floor":8,"key":"REST"},{"data":"Chaos","floor":13,"key":"SMITH"},{"data":"Glacier","floor":15,"key":"SMITH"}],"neow_cost":"NONE","seed_source_timestamp":141575355442250,"circlet_count":0,"master_deck":["AscendersBane","Strike_B","Strike_B","Strike_B","Defend_B","Defend_B","Defend_B","Defend_B","Zap+1","Dualcast+1","Electrodynamics","Chaos+1","Glacier+1","Self Repair","Gash+1","Melter","Conserve Battery","Loop","Creative AI+1","Parasite","Coolheaded+1","White Noise"],"relics":["Cracked Core","Kunai","Regal Pillow","Omamori","Strawberry","Calling Bell","Bag of Preparation","Pear","Gambling Chip"],"potions_floor_usage":[7,7,16,23],"damage_taken":[{"damage":7,"enemies":"Jaw Worm","floor":1,"turns":3},{"damage":1,"enemies":"2 Louse","floor":2,"turns":3},{"damage":5,"enemies":"Small Slimes","floor":4,"turns":4},{"damage":17,"enemies":"Lagavulin","floor":7,"turns":5},{"damage":11,"enemies":"Exordium Wildlife","floor":11,"turns":5},{"damage":47,"enemies":"Hexaghost","floor":16,"turns":10},{"damage":31,"enemies":"Chosen","floor":18,"turns":6},{"damage":27,"enemies":"2 Thieves","floor":20,"turns":5},{"damage":30,"enemies":"Shelled Parasite and Fungi","floor":22,"turns":9},{"damage":14,"enemies":"3 Cultists","floor":23,"turns":3}],"seed_played":"3575131381258962940","potions_obtained":[{"floor":1,"key":"FearPotion"},{"floor":2,"key":"Block Potion"},{"floor":4,"key":"LiquidBronze"},{"floor":11,"key":"GamblersBrew"},{"floor":22,"key":"Energy Potion"}],"is_trial":false,"path_per_floor":["M","M","$","M","?","R","E","R","T","?","M","?","R","$","R","B",null,"M","?","M","?","M","M"],"character_chosen":"DEFECT","items_purchased":["Self Repair","Gash"],"campfire_rested":1,"item_purchase_floors":[3,3],"current_hp_per_floor":[61,60,60,62,62,62,52,74,74,74,70,77,77,77,77,37,81,57,57,37,37,14,0],"gold":111,"neow_bonus":"ONE_RANDOM_RARE_CARD","is_prod":false,"is_daily":false,"chose_seed":false,"campfire_upgraded":3,"win_rate":0,"timestamp":1550799622,"path_taken":["M","M","$","M","?","R","E","R","T","?","M","?","R","$","R","BOSS","M","?","?","?","M","M"],"build_version":"2019-01-23","purchased_purges":1,"victory":false,"max_hp_per_floor":[75,75,75,75,75,75,75,75,75,75,75,82,82,82,82,82,92,92,92,92,92,92,92],"card_choices":[{"not_picked":["Force Field","Double Energy"],"picked":"Chaos","floor":1},{"not_picked":["Barrage","Recycle"],"picked":"Glacier","floor":2},{"not_picked":["Go for the Eyes","Doom and Gloom"],"picked":"Melter","floor":4},{"not_picked":["Coolheaded","Ball Lightning"],"picked":"Conserve Battery","floor":7},{"not_picked":["Consume","Glacier"],"picked":"Loop","floor":11},{"not_picked":["Hyperbeam","Biased Cognition"],"picked":"Creative AI","floor":16},{"not_picked":["Self Repair","Hologram"],"picked":"Coolheaded+1","floor":18},{"not_picked":["Barrage","Sweeping Beam"],"picked":"White Noise","floor":20},{"not_picked":["Sweeping Beam","Redo","Sunder"],"picked":"SKIP","floor":22}],"player_experience":568620,"relics_obtained":[{"floor":7,"key":"Kunai"},{"floor":9,"key":"Regal Pillow"},{"floor":17,"key":"Bag of Preparation"},{"floor":17,"key":"Pear"},{"floor":17,"key":"Gambling Chip"}],"event_choices":[{"cards_removed":["Strike_B"],"damage_healed":0,"gold_gain":0,"player_choice":"Forget","damage_taken":0,"max_hp_gain":0,"max_hp_loss":0,"event_name":"Living Wall","floor":5,"gold_loss":0},{"damage_healed":0,"gold_gain":0,"player_choice":"Box","damage_taken":0,"relics_obtained":["Omamori"],"max_hp_gain":0,"max_hp_loss":0,"event_name":"Big Fish","floor":10,"gold_loss":0,"cards_obtained":["Regret"]},{"damage_healed":0,"gold_gain":0,"player_choice":"Searched \u00271\u0027 times","damage_taken":0,"relics_obtained":["Strawberry"],"max_hp_gain":0,"max_hp_loss":0,"event_name":"Dead Adventurer","floor":12,"gold_loss":0},{"damage_healed":0,"gold_gain":0,"player_choice":"Forge","damage_taken":0,"max_hp_gain":0,"max_hp_loss":0,"event_name":"Accursed Blacksmith","floor":19,"gold_loss":0,"cards_upgraded":["Creative AI"]},{"damage_healed":0,"gold_gain":0,"player_choice":"Upgraded Two","damage_taken":0,"max_hp_gain":0,"max_hp_loss":0,"event_name":"Designer","floor":21,"gold_loss":40,"cards_upgraded":["Gash","Dualcast"]}],"is_beta":false,"boss_relics":[{"not_picked":["Eternal Feather","Orrery"],"picked":"Calling Bell"}],"items_purged_floors":[14],"is_endless":false,"potions_floor_spawned":[1,2,4,11,22],"killed_by":"3 Cultists","ascension_level":12}