{"gold_per_floor":[118,118,128,128,128,128,157,157,157,157,177,194,213,228,228,307,307,317,161,161,15,33,33,61,61,61,61,93,53,53,69,69,140,140,152,152,168,98,98,98,131,131,156,156,156,156],"floor_reached":46,"playtime":3832,"items_purged":["Bane"],"score":795,"play_id":"ddfc7a8e-0fd1-44af-9577-56a4081bfd0e","local_time":"20180925220034","is_ascension_mode":true,"campfire_choices":[{"data":"Skewer","floor":6.0,"key":"SMITH"},{"data":"Malaise","floor":8.0,"key":"SMITH"},{"data":"Survivor","floor":10.0,"key":"SMITH"},{"data":"Neutralize","floor":15.0,"key":"SMITH"},{"data":"Well Laid Plans","floor":23.0,"key":"SMITH"},{"data":"All Out Attack","floor":25.0,"key":"SMITH"},{"floor":30.0,"key":"REST"},{"data":"Cloak And Dagger","floor":32.0,"key":"SMITH"},{"data":"Reflex","floor":40.0,"key":"SMITH"},{"data":"Acrobatics","floor":42.0,"key":"SMITH"},{"data":"Grand Finale","floor":45.0,"key":"SMITH"}],"neow_cost":"NONE","seed_source_timestamp":0,"circlet_count":0,"master_deck":["Survivor+1","Neutralize+1","AscendersBane","Skewer+1","PiercingWail+1","Malaise+1","Reflex+1","Acrobatics+1","Deflect","Heel Hook","Grand Finale","Dagger Throw","Outmaneuver+1","Cloak And Dagger+1","All Out Attack+1","Expertise","Deflect","Reflex+1","Well Laid Plans+1","Eviscerate","All Out Attack+1","Concentrate+1","Predator+1","Tools of the Trade","Cloak And Dagger+1","Eviscerate","Underhanded Strike","Grand Finale+1"],"special_seed":0,"relics":["Runic Dome","Kunai","Tough Bandages","Pandora\u0027s Box","MutagenicStrength","War Paint","Bottled Flame","Prayer Wheel","Toxic Egg 2","Philosopher\u0027s Stone","Ginger","Smiling Mask"],"potions_floor_usage":[46,46],"damage_taken":[{"damage":0.0,"enemies":"2 Louse","floor":1.0,"turns":4.0},{"damage":4.0,"enemies":"Small Slimes","floor":3.0,"turns":4.0},{"damage":16.0,"enemies":"Gremlin Nob","floor":7.0,"turns":3.0},{"damage":0.0,"enemies":"Jaw Worm","floor":11.0,"turns":4.0},{"damage":7.0,"enemies":"Large Slime","floor":12.0,"turns":8.0},{"damage":2.0,"enemies":"3 Louse","floor":13.0,"turns":4.0},{"damage":3.0,"enemies":"Lots of Slimes","floor":14.0,"turns":6.0},{"damage":4.0,"enemies":"Hexaghost","floor":16.0,"turns":12.0},{"damage":14.0,"enemies":"2 Thieves","floor":18.0,"turns":3.0},{"damage":0.0,"enemies":"Spheric Guardian","floor":22.0,"turns":3.0},{"damage":4.0,"enemies":"Gremlin Leader","floor":24.0,"turns":5.0},{"damage":33.0,"enemies":"Slavers","floor":28.0,"turns":5.0},{"damage":1.0,"enemies":"Snecko","floor":31.0,"turns":4.0},{"damage":19.0,"enemies":"Automaton","floor":33.0,"turns":9.0},{"damage":13.0,"enemies":"3 Darklings","floor":35.0,"turns":4.0},{"damage":5.0,"enemies":"Orb Walker","floor":37.0,"turns":4.0},{"damage":18.0,"enemies":"Giant Head","floor":41.0,"turns":7.0},{"damage":44,"enemies":"3 Darklings","floor":46,"turns":2}],"seed_played":"162350351583481578","potions_obtained":[{"floor":1.0,"key":"Strength Potion"},{"floor":22.0,"key":"AttackPotion"},{"floor":24.0,"key":"Energy Potion"},{"floor":35.0,"key":"SpeedPotion"},{"floor":37.0,"key":"AttackPotion"}],"is_trial":false,"path_per_floor":["M","?","M","?","?","R","E","R","T","R","M","M","M","M","R","B",null,"M","$","?","$","M","R","E","R","T","?","E","?","R","M","R","B",null,"M","?","M","$","?","R","E","R","T","?","R"],"character_chosen":"THE_SILENT","items_purchased":["Well Laid Plans","War Paint","Grand Finale"],"campfire_rested":1,"item_purchase_floors":[19,21,38],"current_hp_per_floor":[63,68,64,57,57,57,41,41,41,41,41,34,32,29,29,25,63,49,49,49,49,49,49,45,45,45,45,12,12,34,33,33,14,60,47,66,61,61,61,61,43,43,43,43,43,0],"gold":156,"neow_bonus":"BOSS_RELIC","is_prod":false,"is_daily":false,"chose_seed":false,"campfire_upgraded":10,"win_rate":0,"timestamp":1537905634,"path_taken":["M","?","M","?","?","R","E","R","T","R","M","?","M","?","R","BOSS","M","$","?","?","M","R","E","R","T","?","E","?","R","M","R","BOSS","M","?","M","?","?","R","E","R","T","?","R","?"],"build_version":"2018-09-20","purchased_purges":1,"victory":false,"max_hp_per_floor":[70,75,75,75,75,75,75,75,75,75,75,75,75,75,75,75,75,75,75,75,75,75,75,75,75,75,75,75,75,75,75,75,75,75,75,75,75,75,75,75,75,75,75,75,75,75],"card_choices":[{"not_picked":["Deadly Poison","Cloak And Dagger"],"picked":"Skewer","floor":1.0},{"not_picked":["Flying Knee","Deflect"],"picked":"PiercingWail","floor":3.0},{"not_picked":["All Out Attack","Flying Knee"],"picked":"Malaise","floor":7.0},{"not_picked":["Choke","Predator"],"picked":"Reflex","floor":11.0},{"not_picked":["Dodge and Roll","Quick Slash"],"picked":"Acrobatics","floor":12.0},{"not_picked":["Slice","Backflip"],"picked":"Deflect","floor":13.0},{"not_picked":["Accuracy","Dagger Spray"],"picked":"Heel Hook","floor":14.0},{"not_picked":["A Thousand Cuts","Adrenaline"],"picked":"Grand Finale","floor":16.0},{"not_picked":["Crippling Poison","Dodge and Roll"],"picked":"Reflex","floor":18.0},{"not_picked":["Outmaneuver","Predator","Blade Dance"],"picked":"SKIP","floor":22.0},{"not_picked":["Underhanded Strike","Flechettes"],"picked":"Eviscerate","floor":24.0},{"not_picked":["Expertise","Caltrops"],"picked":"All Out Attack+1","floor":28.0},{"not_picked":["Sucker Punch","Cloak And Dagger+1"],"picked":"Concentrate+1","floor":31.0},{"not_picked":["Bane+1","Dagger Spray"],"picked":"Predator+1","floor":31.0},{"not_picked":["Die Die Die","Venomology+1"],"picked":"Tools of the Trade","floor":33.0},{"not_picked":["Noxious Fumes","Finisher"],"picked":"Cloak And Dagger+1","floor":35.0},{"not_picked":["Underhanded Strike","Dodge and Roll+1"],"picked":"Eviscerate","floor":35.0},{"not_picked":["Dodge and Roll+1","Cloak And Dagger+1"],"picked":"Underhanded Strike","floor":37.0},{"not_picked":["Poisoned Stab+1","Caltrops+1","Deflect+1"],"picked":"SKIP","floor":37.0},{"not_picked":["Slice","Well Laid Plans+1","Sucker Punch+1"],"picked":"SKIP","floor":41.0},{"not_picked":["Slice","Well Laid Plans+1","Sucker Punch+1"],"picked":"SKIP","floor":41.0}],"player_experience":451947,"relics_obtained":[{"floor":7.0,"key":"Kunai"},{"floor":9.0,"key":"Tough Bandages"},{"floor":24.0,"key":"Bottled Flame"},{"floor":26.0,"key":"Prayer Wheel"},{"floor":28.0,"key":"Toxic Egg 2"},{"floor":41.0,"key":"Ginger"},{"floor":43.0,"key":"Smiling Mask"}],"event_choices":[{"event_name":"Big Fish","player_choice":"Donut","floor":2.0,"damage_taken":0.0},{"event_name":"Golden Wing","player_choice":"Card Removal","floor":4.0,"damage_taken":0.0},{"event_name":"Liars Game","player_choice":"disagreed","floor":5.0,"damage_taken":0.0},{"event_name":"Drug Dealer","player_choice":"Inject Mutagens","floor":20.0,"damage_taken":0.0},{"event_name":"Back to Basics","player_choice":"Elegance","floor":27.0,"damage_taken":0.0},{"event_name":"Designer","player_choice":"Upgrade 2 Random Cards","floor":29.0,"damage_taken":0.0},{"event_name":"Winding Halls","player_choice":"Writhe","floor":36.0,"damage_taken":0.0},{"event_name":"Falling","player_choice":"Removed Attack","floor":39.0,"damage_taken":0.0},{"event_name":"Fountain of Cleansing","player_choice":"Removed Curse","floor":44.0,"damage_taken":0.0}],"is_beta":false,"boss_relics":[{"not_picked":["White Beast Statue","Runic Pyramid"],"picked":"Pandora\u0027s Box"},{"not_picked":["Astrolabe","WristBlade"],"picked":"Philosopher\u0027s Stone"}],"items_purged_floors":[19],"is_endless":false,"potions_floor_spawned":[1,22,24,35,37],"killed_by":"3 Darklings","ascension_level":13}