{"gold_per_floor":[113,131,131,3,14,47,47],"floor_reached":7,"playtime":214,"items_purged":["Regret"],"score":89,"play_id":"c7f501be-f987-4f75-9d60-fc4ee1dcaa4c","local_time":"20190215184117","is_ascension_mode":true,"campfire_choices":[],"neow_cost":"NONE","seed_source_timestamp":254018940203323,"circlet_count":0,"master_deck":["AscendersBane","Strike_B","Strike_B","Strike_B","Strike_B","Defend_B","Defend_B","Defend_B","Defend_B","Zap","Dualcast","Leap","Coolheaded","Conserve Battery","Cold Snap","Self Repair"],"relics":["Cracked Core","Centennial Puzzle","Ornamental Fan","Pen Nib"],"potions_floor_usage":[6],"damage_taken":[{"damage":0,"enemies":"2 Louse","floor":1,"turns":3},{"damage":1,"enemies":"Small Slimes","floor":2,"turns":3},{"damage":7,"enemies":"Jaw Worm","floor":5,"turns":4},{"damage":48,"enemies":"Lagavulin","floor":6,"turns":10},{"damage":0,"enemies":"Lagavulin Event","floor":7,"turns":1}],"seed_played":"625340560485856647","potions_obtained":[{"floor":5,"key":"Weak Potion"}],"is_trial":false,"path_per_floor":["M","M","?","$","M","E","?"],"character_chosen":"DEFECT","items_purchased":["Conserve Battery"],"campfire_rested":0,"item_purchase_floors":[4],"current_hp_per_floor":[71,70,70,70,63,15,15],"gold":47,"neow_bonus":"TEN_PERCENT_HP_BONUS","is_prod":false,"is_daily":false,"chose_seed":false,"campfire_upgraded":0,"win_rate":0,"timestamp":1550277677,"path_taken":["M","M","?","$","M","E","?"],"build_version":"2019-01-23","purchased_purges":1,"victory":false,"max_hp_per_floor":[78,78,78,78,78,78,78],"card_choices":[{"not_picked":["Barrage","Stack"],"picked":"Leap","floor":1},{"not_picked":["Hologram","Barrage"],"picked":"Coolheaded","floor":2},{"not_picked":["Tempest","Static Discharge"],"picked":"Cold Snap","floor":5},{"not_picked":["Tempest","Lockon"],"picked":"Self Repair","floor":6}],"player_experience":186995,"relics_obtained":[{"floor":6,"key":"Ornamental Fan"}],"event_choices":[{"damage_healed":0,"gold_gain":0,"player_choice":"Box","damage_taken":0,"relics_obtained":["Centennial Puzzle"],"max_hp_gain":0,"max_hp_loss":0,"event_name":"Big Fish","floor":3,"gold_loss":0,"cards_obtained":["Regret"]},{"damage_healed":0,"gold_gain":0,"player_choice":"Searched \u00272\u0027 times","damage_taken":0,"relics_obtained":["Pen Nib"],"max_hp_gain":0,"max_hp_loss":0,"event_name":"Dead Adventurer","floor":7,"gold_loss":0}],"is_beta":false,"boss_relics":[],"items_purged_floors":[4],"is_endless":false,"potions_floor_spawned":[5],"killed_by":"Lagavulin Event","ascension_level":15}