{"gold_per_floor":[115,135,150,23,36,62,79,59,82,95,110,110,10,26,26,124,124,144,155,170,45,60,60,92,92,171,181,244,514,526,539,539,640,640,658,674,674,688,353,353,353,353,353,353,366,191,191],"floor_reached":47,"playtime":1870,"items_purged":["Strike_R","Strike_R","Strike_R","Seeing Red","Twin Strike"],"score":473,"play_id":"dd217cd0-b64a-4cd7-8a02-68ddadee1149","local_time":"20190125160123","is_ascension_mode":false,"campfire_choices":[{"data":"Iron Wave","floor":12,"key":"SMITH"},{"data":"Iron Wave","floor":15,"key":"SMITH"},{"data":"Thunderclap","floor":23,"key":"SMITH"},{"data":"Disarm","floor":25,"key":"SMITH"},{"data":"Disarm","floor":32,"key":"SMITH"},{"data":"Dropkick","floor":40,"key":"SMITH"},{"floor":42,"key":"REST"},{"data":"Metallicize","floor":44,"key":"SMITH"}],"neow_cost":"PERCENT_DAMAGE","seed_source_timestamp":417428433064661,"circlet_count":0,"master_deck":["Strike_R+1","Defend_R","Defend_R","Defend_R","Bash","Rampage+1","Disarm+1","Iron Wave+1","Iron Wave+1","Disarm+1","Cleave","Shrug It Off","Reaper","Metallicize+1","Thunderclap+1","Dropkick+1","Dropkick+1"],"relics":["Burning Blood","Sundial","Bronze Scales","Runic Dome","Art of War","Dodecahedron","Tiny Chest","Black Star","Whetstone","Bottled Lightning"],"potions_floor_usage":[6,24,27],"damage_taken":[{"damage":0,"enemies":"2 Louse","floor":1,"turns":3},{"damage":1,"enemies":"Cultist","floor":2,"turns":3},{"damage":14,"enemies":"Jaw Worm","floor":3,"turns":4},{"damage":22,"enemies":"Gremlin Gang","floor":5,"turns":6},{"damage":28,"enemies":"3 Sentries","floor":6,"turns":9},{"damage":0,"enemies":"2 Fungi Beasts","floor":7,"turns":4},{"damage":7,"enemies":"Exordium Thugs","floor":10,"turns":5},{"damage":5,"enemies":"Blue Slaver","floor":11,"turns":3},{"damage":2,"enemies":"Red Slaver","floor":14,"turns":3},{"damage":27,"enemies":"The Guardian","floor":16,"turns":11},{"damage":2,"enemies":"Shell Parasite","floor":18,"turns":5},{"damage":25,"enemies":"Spheric Guardian","floor":19,"turns":4},{"damage":10,"enemies":"Shelled Parasite and Fungi","floor":20,"turns":6},{"damage":10,"enemies":"Centurion and Healer","floor":22,"turns":8},{"damage":20,"enemies":"Book of Stabbing","floor":24,"turns":7},{"damage":8,"enemies":"3 Cultists","floor":27,"turns":4},{"damage":4,"enemies":"Gremlin Leader","floor":28,"turns":6},{"damage":7,"enemies":"Snecko","floor":30,"turns":6},{"damage":22,"enemies":"Centurion and Healer","floor":31,"turns":9},{"damage":58,"enemies":"Collector","floor":33,"turns":13},{"damage":34,"enemies":"3 Shapes","floor":35,"turns":4},{"damage":14,"enemies":"Orb Walker","floor":36,"turns":5},{"damage":40,"enemies":"Sphere and 2 Shapes","floor":38,"turns":6},{"damage":32,"enemies":"Maw","floor":45,"turns":8},{"damage":37,"enemies":"Transient","floor":47,"turns":4}],"seed_played":"-8598470543016577796","potions_obtained":[{"floor":1,"key":"SteroidPotion"},{"floor":2,"key":"SkillPotion"},{"floor":7,"key":"Weak Potion"},{"floor":8,"key":"SkillPotion"},{"floor":11,"key":"EssenceOfSteel"},{"floor":27,"key":"Energy Potion"},{"floor":28,"key":"LiquidBronze"},{"floor":45,"key":"Explosive Potion"}],"is_trial":false,"path_per_floor":["M","M","M","$","M","E","M","?","T","M","M","R","$","M","R","B",null,"M","M","M","$","M","R","E","R","T","M","E","?","M","M","R","B",null,"M","M","?","M","$","R","?","R","T","R","M","$","M"],"character_chosen":"IRONCLAD","items_purchased":["Iron Wave","Dropkick","Whetstone"],"campfire_rested":1,"item_purchase_floors":[4,39,39],"current_hp_per_floor":[62,67,59,59,43,21,27,27,27,26,27,27,27,31,31,10,80,80,61,61,61,65,65,55,55,55,71,80,48,53,49,49,9,80,58,50,50,24,24,24,24,48,48,48,28,28,0],"gold":191,"neow_bonus":"REMOVE_TWO","is_prod":false,"is_daily":false,"chose_seed":false,"campfire_upgraded":7,"win_rate":0,"timestamp":1548453683,"path_taken":["M","M","M","$","M","E","M","?","T","M","?","R","$","M","R","BOSS","M","M","M","$","M","R","E","R","T","M","E","?","M","M","R","BOSS","M","?","?","M","?","R","?","R","T","R","M","$","M"],"build_version":"2019-01-23","purchased_purges":5,"victory":false,"max_hp_per_floor":[80,80,80,80,80,80,80,80,80,80,80,80,80,80,80,80,80,80,80,80,80,80,80,80,80,80,80,80,80,80,80,80,80,80,80,80,80,80,80,80,80,80,80,80,80,80,80],"card_choices":[{"not_picked":["Corruption","Havoc"],"picked":"Rampage","floor":1},{"not_picked":["Body Slam","True Grit"],"picked":"Disarm","floor":2},{"not_picked":["Sever Soul","Havoc"],"picked":"Twin Strike","floor":3},{"not_picked":["Searing Blow","Body Slam"],"picked":"Iron Wave","floor":5},{"not_picked":["Limit Break","Anger"],"picked":"Disarm","floor":6},{"not_picked":["Clothesline","Iron Wave"],"picked":"Cleave","floor":7},{"not_picked":["Fire Breathing","Clothesline","Rage"],"picked":"SKIP","floor":10},{"not_picked":["Sword Boomerang","Sentinel"],"picked":"Shrug It Off","floor":11},{"not_picked":["Shrug It Off","Sword Boomerang"],"picked":"Seeing Red","floor":14},{"not_picked":["Dark Embrace","Brutality"],"picked":"Reaper","floor":16},{"not_picked":["Havoc","Clothesline"],"picked":"Metallicize","floor":18},{"not_picked":["True Grit","Warcry","Flex"],"picked":"SKIP","floor":19},{"not_picked":["Barricade","Pummel","Headbutt"],"picked":"SKIP","floor":20},{"not_picked":["Anger","Pummel"],"picked":"Thunderclap","floor":22},{"not_picked":["Sword Boomerang","Clothesline","Twin Strike"],"picked":"SKIP","floor":24},{"not_picked":["True Grit+1","Flex+1","Sentinel"],"picked":"SKIP","floor":27},{"not_picked":["Rage+1","Sever Soul"],"picked":"Dropkick","floor":28},{"not_picked":["Uppercut","Whirlwind","Clash"],"picked":"SKIP","floor":30},{"not_picked":["Uppercut","True Grit","Flame Barrier"],"picked":"SKIP","floor":31},{"not_picked":["Intimidate","Flame Barrier+1","Disarm"],"picked":"SKIP","floor":35},{"not_picked":["Dual Wield+1","Clash+1","Warcry+1"],"picked":"SKIP","floor":36},{"not_picked":["Shockwave+1","True Grit","Clash"],"picked":"SKIP","floor":38},{"not_picked":["Flex+1","Perfected Strike","Thunderclap+1"],"picked":"SKIP","floor":45}],"player_experience":129987,"relics_obtained":[{"floor":6,"key":"Sundial"},{"floor":9,"key":"Bronze Scales"},{"floor":24,"key":"Art of War"},{"floor":26,"key":"Dodecahedron"},{"floor":28,"key":"Tiny Chest"},{"floor":43,"key":"Bottled Lightning"}],"event_choices":[{"damage_healed":0,"gold_gain":0,"player_choice":"Bought 1 Potion","damage_taken":0,"max_hp_gain":0,"max_hp_loss":0,"event_name":"The Woman in Blue","floor":8,"gold_loss":0},{"damage_healed":0,"gold_gain":270,"player_choice":"GOLD GOLD GOLD ","damage_taken":32,"max_hp_gain":0,"max_hp_loss":0,"event_name":"Knowing Skull","floor":29,"potions_obtained":[],"gold_loss":0,"cards_obtained":[]},{"damage_healed":0,"gold_gain":0,"player_choice":"Forge","damage_taken":0,"max_hp_gain":0,"max_hp_loss":0,"event_name":"Accursed Blacksmith","floor":37,"gold_loss":0,"cards_upgraded":["Rampage"]},{"damage_healed":0,"gold_gain":0,"player_choice":"Ignored","damage_taken":0,"max_hp_gain":0,"max_hp_loss":0,"event_name":"Mysterious Sphere","floor":41,"gold_loss":0}],"is_beta":false,"boss_relics":[{"not_picked":["Lizard Tail","Snecko Eye"],"picked":"Runic Dome"},{"not_picked":["Calling Bell","Runic Cube"],"picked":"Black Star"}],"items_purged_floors":[4,13,21,39,46],"is_endless":false,"potions_floor_spawned":[1,2,7,10,11,20,27,28,31,35,36,45],"killed_by":"Transient","ascension_level":0}