{"gold_per_floor":[116,81,81,91,21,50,50,50,50,13,13,13,41,72,72,72],"floor_reached":16,"playtime":718,"items_purged":[],"score":109,"play_id":"a9cbcc1a-9b9b-471a-b107-7165731547c5","local_time":"20190101165135","is_ascension_mode":true,"campfire_choices":[{"floor":7,"key":"REST"},{"floor":15,"key":"REST"}],"neow_cost":"PERCENT_DAMAGE","seed_source_timestamp":190789211639321,"circlet_count":0,"master_deck":["Strike_B","Strike_B","Strike_B","Defend_B","Defend_B","Defend_B","Defend_B","Zap","Dualcast","Thunder Strike","Redo","Rebound","Leap","Barrage","Conserve Battery","Genetic Algorithm","Regret","Aggregate","Consume"],"relics":["Cracked Core","Bronze Scales","Darkstone Periapt","Dodecahedron","Odd Mushroom","Kunai"],"potions_floor_usage":[16,16,16],"damage_taken":[{"damage":2,"enemies":"Small Slimes","floor":1,"turns":3},{"damage":1,"enemies":"Jaw Worm","floor":4,"turns":3},{"damage":45,"enemies":"Lagavulin","floor":6,"turns":7},{"damage":15,"enemies":"The Mushroom Lair","floor":13,"turns":4},{"damage":29,"enemies":"3 Sentries","floor":14,"turns":9},{"damage":25,"enemies":"Hexaghost","floor":16,"turns":9}],"seed_played":"-7036178372798178523","potions_obtained":[{"floor":1,"key":"SpeedPotion"},{"floor":3,"key":"Weak Potion"},{"floor":3,"key":"Poison Potion"},{"floor":14,"key":"Fire Potion"}],"is_trial":false,"path_per_floor":["M","?","?","M","$","E","R","?","T","$","?","$","?","E","R","B"],"character_chosen":"DEFECT","items_purchased":["Leap","Barrage","Genetic Algorithm"],"campfire_rested":2,"item_purchase_floors":[5,5,10],"current_hp_per_floor":[52,70,70,69,69,24,46,39,39,39,45,45,30,1,25,0],"gold":72,"neow_bonus":"THREE_RARE_CARDS","is_prod":false,"is_daily":false,"chose_seed":false,"campfire_upgraded":0,"win_rate":0,"timestamp":1546383095,"path_taken":["M","?","?","?","?","E","R","?","T","$","?","$","?","E","R","BOSS"],"build_version":"2018-12-20","purchased_purges":0,"victory":false,"max_hp_per_floor":[75,75,75,75,75,75,75,75,75,75,81,81,81,81,81,81],"card_choices":[{"not_picked":["Machine Learning","Biased Cognition"],"picked":"Thunder Strike","floor":0},{"not_picked":["Turbo","Beam Cell"],"picked":"Redo","floor":1},{"not_picked":["Consume","Undo"],"picked":"Rebound","floor":4},{"not_picked":["Reboot","Hello World"],"picked":"Conserve Battery","floor":6},{"not_picked":["Chaos","Rebound"],"picked":"Aggregate","floor":13},{"not_picked":["Tempest","Blizzard"],"picked":"Consume","floor":14}],"player_experience":22022,"relics_obtained":[{"floor":6,"key":"Bronze Scales"},{"floor":9,"key":"Darkstone Periapt"},{"floor":13,"key":"Odd Mushroom"},{"floor":14,"key":"Kunai"}],"event_choices":[{"damage_healed":18,"gold_gain":0,"player_choice":"Healed","damage_taken":0,"max_hp_gain":0,"max_hp_loss":0,"event_name":"The Cleric","floor":2,"gold_loss":35},{"damage_healed":0,"gold_gain":0,"player_choice":"Got Potions","damage_taken":0,"max_hp_gain":0,"max_hp_loss":0,"event_name":"Lab","floor":3,"gold_loss":0},{"cards_removed":["Strike_B"],"damage_healed":0,"gold_gain":0,"player_choice":"Card Removal","damage_taken":7,"max_hp_gain":0,"max_hp_loss":0,"event_name":"Golden Wing","floor":8,"gold_loss":0},{"damage_healed":0,"gold_gain":0,"player_choice":"Box","damage_taken":0,"relics_obtained":["Dodecahedron"],"max_hp_gain":0,"max_hp_loss":0,"event_name":"Big Fish","floor":11,"gold_loss":0,"cards_obtained":["Regret"]},{"damage_healed":0,"gold_gain":0,"player_choice":"Fought Mushrooms","damage_taken":0,"max_hp_gain":0,"max_hp_loss":0,"event_name":"Mushrooms","floor":13,"gold_loss":0}],"is_beta":false,"boss_relics":[],"items_purged_floors":[],"is_endless":false,"potions_floor_spawned":[1,14],"killed_by":"Hexaghost","ascension_level":1}