{"gold_per_floor":[117,87,102,102,115,147,165,183,206,219,235,235,249,199,199,199],"floor_reached":16,"playtime":1121,"items_purged":[],"score":138,"play_id":"6996dfe1-cdbc-47ce-bad4-bff2d3c25bec","local_time":"20180801173745","is_ascension_mode":true,"campfire_choices":[{"floor":12,"key":"REST"},{"floor":15,"key":"REST"}],"neow_cost":"NONE","seed_source_timestamp":1794734412756,"circlet_count":0,"master_deck":["Strike_B","Strike_B","Defend_B","Defend_B","Defend_B","Defend_B","Zap","Dualcast","Recycle","Double Energy","Tempest","Sunder","Fission","Consume","Turbo","Leap","Static Discharge","Turbo","Leap"],"relics":["Cracked Core","Dream Catcher","Juzu Bracelet","Boot"],"potions_floor_usage":[6,6,11,16],"damage_taken":[{"damage":9,"enemies":"2 Louse","floor":1,"turns":4},{"damage":1,"enemies":"Cultist","floor":3,"turns":3},{"damage":0,"enemies":"Small Slimes","floor":5,"turns":2},{"damage":20,"enemies":"Lagavulin","floor":6,"turns":4},{"damage":8,"enemies":"Blue Slaver","floor":7,"turns":3},{"damage":14,"enemies":"Red Slaver","floor":8,"turns":3},{"damage":0,"enemies":"3 Louse","floor":10,"turns":2},{"damage":0,"enemies":"Blue Slaver","floor":11,"turns":3},{"damage":9,"enemies":"Red Slaver","floor":13,"turns":2},{"damage":49,"enemies":"The Guardian","floor":16,"turns":6}],"seed_played":"1089791024205509576","potions_obtained":[{"floor":1,"key":"Strength Potion"},{"floor":2,"key":"Explosive Potion"},{"floor":2,"key":"PowerPotion"},{"floor":6,"key":"Explosive Potion"},{"floor":7,"key":"Explosive Potion"}],"is_trial":false,"path_per_floor":["M","?","M","?","M","E","M","M","T","M","M","R","M","?","R"],"character_chosen":"DEFECT","items_purchased":[],"campfire_rested":2,"item_purchase_floors":[],"current_hp_per_floor":[59,59,58,55,55,35,27,13,13,13,13,35,26,26,48,0],"gold":199,"neow_bonus":"TRANSFORM_CARD","is_prod":false,"is_daily":false,"chose_seed":false,"campfire_upgraded":0,"win_rate":0,"timestamp":1533137865,"path_taken":["M","?","M","?","M","E","M","M","T","M","M","R","M","?","R","BOSS"],"build_version":"2018-07-26","purchased_purges":0,"victory":false,"max_hp_per_floor":[75,75,75,75,75,75,75,75,75,75,75,75,75,75,75,75],"card_choices":[{"not_picked":["Chill","Rebound"],"picked":"Double Energy","floor":1},{"not_picked":["Ball Lightning","Compile Driver"],"picked":"Tempest","floor":3},{"not_picked":["Conserve Battery","Gash"],"picked":"Sunder","floor":5},{"not_picked":["Hologram","Reinforced Body"],"picked":"Fission","floor":6},{"not_picked":["Steam Power","Rebound"],"picked":"Consume","floor":7},{"not_picked":["Darkness","FTL"],"picked":"Turbo","floor":8},{"not_picked":["Force Field","Loop"],"picked":"Leap","floor":10},{"not_picked":["Consume","Go for the Eyes"],"picked":"Static Discharge","floor":11},{"not_picked":["Chill","Gash"],"picked":"Turbo","floor":12},{"not_picked":["Loop","Sweeping Beam","Coolheaded"],"picked":"SKIP","floor":13},{"not_picked":["Melter","Hologram"],"picked":"Leap","floor":15}],"player_experience":247443,"relics_obtained":[{"floor":6,"key":"Juzu Bracelet"},{"floor":9,"key":"Boot"}],"event_choices":[{"event_name":"The Woman in Blue","player_choice":"Bought 2 Potions","floor":2,"damage_taken":0},{"event_name":"Scrap Ooze","player_choice":"success","floor":4,"damage_taken":3},{"event_name":"The Cleric","player_choice":"Card Removal","floor":14,"damage_taken":0}],"is_beta":false,"boss_relics":[],"items_purged_floors":[],"is_endless":false,"potions_floor_spawned":[1,5,6,7],"killed_by":"The Guardian","ascension_level":6}