{"gold_per_floor":[116,116,116,135,158,158,171,171,171,246,246,246,246,1,1,129,129,149,64,64,88,88,124,124,124,194,218,257,257,60,60,60,191,191,214,8,133,154,32,63,63,103,173,211,211,211,16,55,55,181,181,197,197,372,17,17,52,52,114,138,4,4,42,42,42,42,168,168,186,111,111,111,141,141,141,161,200,325,424,424,424,25,25,151,151,167,500,96,196,196,196,196,208,241,241,292,292,88,88,88,184,184,202,15,15,15,15,42,71,87,115,115,171,171,171,88,88,184,184,196,196,16,16,16,16,36,36,63,163,183,183,433,453,453,549,549,562,32,0,95],"floor_reached":140,"playtime":5121,"items_purged":["Defend_B","Defend_B"],"score":3845,"play_id":"bd179f32-733c-41be-b725-54032bd7ea3a","local_time":"20190222081053","daily_mods":["Heirloom","Time Dilation","Flight"],"is_ascension_mode":false,"campfire_choices":[{"floor":6.0,"key":"REST"},{"data":"Double Energy","floor":8.0,"key":"SMITH"},{"data":"Consume","floor":12.0,"key":"SMITH"},{"data":"Zap","floor":13.0,"key":"SMITH"},{"data":"Tempest","floor":15.0,"key":"SMITH"},{"floor":24.0,"key":"REST"},{"floor":25.0,"key":"REST"},{"floor":32,"key":"REST"},{"data":"Hologram","floor":41,"key":"SMITH"},{"floor":49,"key":"REST"},{"data":"Consume","floor":62,"key":"SMITH"},{"data":"Echo Form","floor":66,"key":"SMITH"},{"data":"Biased Cognition","floor":74,"key":"SMITH"},{"floor":81,"key":"REST"},{"data":"Core Surge","floor":83,"key":"SMITH"},{"data":"Amplify","floor":91,"key":"SMITH"},{"data":"Leap+1","floor":95,"key":"PURGE"},{"floor":100,"key":"REST"},{"data":"Madness","floor":117,"key":"SMITH"},{"data":"Madness+1","floor":125,"key":"PURGE"},{"floor":134,"key":"DIG"}],"neow_cost":"","seed_source_timestamp":0,"circlet_count":3,"master_deck":["Tempest+1","Consume+1","Double Energy+1","Core Surge+1","Rebound+1","FTL+1","Echo Form+1","Cold Snap+1","Biased Cognition+1","Hologram+1","Cold Snap+1","Cold Snap+1","Creative AI+1","Cold Snap+1","Turbo+1","Biased Cognition+1","Consume+1","Loop+1","Machine Learning+1","Storm+1","Capacitor+1","Amplify+1","Capacitor+1","Echo Form+1","Glacier+1","Electrodynamics+1","Creative AI+1","Core Surge+1","Ghostly","Ghostly","Ghostly","Ghostly","Ghostly","Core Surge+1","Coolheaded"],"special_seed":0,"relics":["FrozenCore","Incense Burner","Omamori","Ornamental Fan","Cables","Kunai","Black Star","Molten Egg 2","Nilry\u0027s Codex","Matryoshka","Sundial","Juzu Bracelet","Mummified Hand","Meat on the Bone","Ancient Tea Set","Oddly Smooth Stone","Empty Cage","Runic Capacitor","Calipers","Thread and Needle","Frozen Egg 2","Mango","Pen Nib","PreservedInsect","Pantograph","Gremlin Horn","Question Card","The Courier","Centennial Puzzle","Letter Opener","Boot","Nuclear Battery","Lantern","Membership Card","Bronze Scales","Bag of Preparation","Happy Flower","Strawberry","Potion Belt","Sozu","MutagenicStrength","Enchiridion","Tiny Chest","Peace Pipe","Darkstone Periapt","Anchor","Dodecahedron","Strange Spoon","DataDisk","Mercury Hourglass","Bottled Lightning","DollysMirror","Singing Bowl","Bird Faced Urn","Pocketwatch","NlothsMask","Gambling Chip","Torii","ClockworkSouvenir","Lizard Tail","Toy Ornithopter","Symbiotic Virus","Orichalcum","Chemical X","Eternal Feather","Bag of Marbles","Art of War","Dream Catcher","Du-Vu Doll","Shovel","SsserpentHead","StoneCalendar","Coffee Dripper","FossilizedHelix","Toolbox","Circlet","Red Mask"],"potions_floor_usage":[28,28,40,42,69],"damage_taken":[{"damage":3.0,"enemies":"Jaw Worm","floor":1.0,"turns":4.0},{"damage":8.0,"enemies":"Small Slimes","floor":4.0,"turns":3.0},{"damage":1.0,"enemies":"Cultist","floor":7.0,"turns":3.0},{"damage":13.0,"enemies":"Hexaghost","floor":16.0,"turns":7.0},{"damage":0.0,"enemies":"Chosen","floor":18.0,"turns":3.0},{"damage":10.0,"enemies":"Spheric Guardian","floor":21.0,"turns":4.0},{"damage":32.0,"enemies":"Book of Stabbing","floor":23.0,"turns":5.0},{"damage":8,"enemies":"Snake Plant","floor":27,"turns":3},{"damage":30,"enemies":"Slavers","floor":28,"turns":4},{"damage":31,"enemies":"Champ","floor":33,"turns":10},{"damage":10,"enemies":"3 Darklings","floor":35,"turns":3},{"damage":2,"enemies":"Mind Bloom Boss Battle","floor":37,"turns":4},{"damage":1,"enemies":"Orb Walker","floor":38,"turns":2},{"damage":25,"enemies":"Reptomancer","floor":40,"turns":4},{"damage":6,"enemies":"Nemesis","floor":42,"turns":5},{"damage":12,"enemies":"Reptomancer","floor":44,"turns":4},{"damage":14,"enemies":"Nemesis","floor":48,"turns":5},{"damage":24,"enemies":"Donu and Deca","floor":50,"turns":7},{"damage":0,"enemies":"Cultist","floor":52,"turns":2},{"damage":0,"enemies":"Lagavulin","floor":57,"turns":3},{"damage":0,"enemies":"Gremlin Nob","floor":63,"turns":2},{"damage":0,"enemies":"Slime Boss","floor":67,"turns":3},{"damage":0,"enemies":"3 Byrds","floor":69,"turns":1},{"damage":0,"enemies":"Spheric Guardian","floor":76,"turns":1},{"damage":14,"enemies":"Book of Stabbing","floor":77,"turns":2},{"damage":14,"enemies":"Colosseum Slavers","floor":78,"turns":2},{"damage":0,"enemies":"Colosseum Nobs","floor":78,"turns":2},{"damage":0,"enemies":"Automaton","floor":84,"turns":3},{"damage":0,"enemies":"Orb Walker","floor":86,"turns":2},{"damage":0,"enemies":"Mind Bloom Boss Battle","floor":89,"turns":1},{"damage":0,"enemies":"3 Darklings","floor":93,"turns":2},{"damage":16,"enemies":"Nemesis","floor":94,"turns":3},{"damage":40,"enemies":"2 Orb Walkers","floor":96,"turns":2},{"damage":40,"enemies":"Donu and Deca","floor":101,"turns":3},{"damage":0,"enemies":"Cultist","floor":103,"turns":2},{"damage":0,"enemies":"3 Sentries","floor":108,"turns":1},{"damage":0,"enemies":"Gremlin Nob","floor":109,"turns":2},{"damage":0,"enemies":"Jaw Worm","floor":110,"turns":1},{"damage":0,"enemies":"Lagavulin","floor":111,"turns":1},{"damage":7,"enemies":"3 Sentries","floor":113,"turns":2},{"damage":0,"enemies":"Slime Boss","floor":118,"turns":2},{"damage":0,"enemies":"3 Byrds","floor":120,"turns":1},{"damage":0,"enemies":"Shell Parasite","floor":126,"turns":1},{"damage":0,"enemies":"Book of Stabbing","floor":128,"turns":1},{"damage":0,"enemies":"Colosseum Slavers","floor":129,"turns":2},{"damage":0,"enemies":"Colosseum Nobs","floor":129,"turns":1},{"damage":0,"enemies":"Snecko","floor":130,"turns":2},{"damage":0,"enemies":"Centurion and Healer","floor":133,"turns":1},{"damage":0,"enemies":"Automaton","floor":135,"turns":2},{"damage":10,"enemies":"3 Darklings","floor":137,"turns":2},{"damage":0,"enemies":"2 Orb Walkers","floor":140,"turns":1}],"seed_played":"3762319568565536519","potions_obtained":[{"floor":4.0,"key":"AttackPotion"},{"floor":18.0,"key":"FocusPotion"},{"floor":21.0,"key":"Block Potion"},{"floor":28,"key":"GamblersBrew"},{"floor":37,"key":"PowerPotion"},{"floor":40,"key":"SteroidPotion"},{"floor":44,"key":"GamblersBrew"},{"floor":52,"key":"FocusPotion"},{"floor":64,"key":"SneckoOil"},{"floor":64,"key":"FearPotion"}],"is_trial":true,"path_per_floor":["M","?","?","M","T","R","M","R","T","?","T","R","R","$","R","B",null,"M","?","?","M","?","E","R","R","T","M","E","?","$","?","R","B",null,"M","$","?","M","$","E","R","E","T","E","T","?","$","E","R","B",null,"M","?","?","$","?","E","?","?","T","$","R","E","?","$","R","B",null,"M","?","?","?","?","R","?","M","E","?","?","?","R","$","R","B",null,"M","?","$","?","?","R","?","M","E","R","?","?","$","?","R","B",null,"M","$","?","$","?","E","E","M","E","?","?","?","?","$","R","B",null,"M","?","$","?","?","R","M","?","E","?","M","?","?","M","R","B",null,"M","$","?","?"],"character_chosen":"DEFECT","items_purchased":["Kunai","Oddly Smooth Stone","Cold Snap+1","Runic Capacitor","Cold Snap+1","Centennial Puzzle","Lantern","Membership Card","Bronze Scales","Consume","Loop+1","Strawberry","Potion Belt","Anchor","Dodecahedron","Strange Spoon","DataDisk","Mercury Hourglass","Bottled Lightning","DollysMirror","Singing Bowl","Bird Faced Urn","Torii","ClockworkSouvenir","Toy Ornithopter","Symbiotic Virus","Chemical X","Bag of Marbles","Art of War","Dream Catcher","FossilizedHelix","Toolbox","Circlet","Circlet","Coolheaded"],"campfire_rested":7,"item_purchase_floors":[14,30,30,36,39,47,55,55,55,55,61,61,61,82,82,82,82,82,88,88,88,88,98,98,104,104,116,122,122,122,138,138,138,138,138],"current_hp_per_floor":[72,54,47,39,39,61,60,60,60,49,49,49,49,49,49,36,75,75,75,75,65,49,17,39,61,61,53,23,23,23,23,45,26,75,65,65,63,62,62,49,49,57,57,45,45,45,45,43,69,65,89,89,89,89,89,94,94,82,82,82,89,89,89,89,89,89,101,101,101,101,101,85,85,85,65,65,63,61,61,61,92,92,92,106,106,106,106,106,108,108,108,108,110,108,108,78,78,78,64,97,88,112,114,114,114,114,114,116,118,120,122,122,123,123,128,128,128,129,129,131,128,128,65,65,65,67,67,69,71,71,71,71,73,73,75,75,69,69,69,79],"gold":95,"neow_bonus":"","is_prod":false,"is_daily":false,"chose_seed":false,"campfire_upgraded":11,"win_rate":0,"timestamp":1550783453,"path_taken":["M","?","?","?","?","R","?","R","T","?","?","R","R","$","R","BOSS","M","?","?","?","?","E","R","R","T","M","E","?","$","?","R","BOSS","M","$","?","M","$","E","R","E","T","E","?","?","?","E","R","BOSS","M","?","?","$","?","E","?","?","T","?","R","E","?","?","R","BOSS","M","?","?","?","?","R","?","M","E","?","?","?","R","$","R","BOSS","M","?","$","?","?","R","?","M","E","R","?","?","$","?","R","BOSS","M","$","?","?","?","E","E","M","E","?","?","?","?","?","R","BOSS","M","?","$","?","?","R","M","?","E","?","M","?","?","M","R","BOSS","M","$","?","?"],"build_version":"2019-01-23","purchased_purges":2,"victory":false,"max_hp_per_floor":[75,75,75,75,75,75,75,75,75,75,75,75,75,75,75,75,75,75,75,75,75,75,75,75,75,75,75,75,75,75,75,75,75,75,75,75,75,75,75,75,75,89,89,89,89,89,89,89,89,89,89,89,89,89,89,94,94,94,94,94,101,101,101,101,101,101,101,101,101,101,101,101,101,101,106,106,106,106,106,106,106,106,106,106,106,106,106,106,108,108,108,108,110,112,112,112,112,112,112,112,112,112,114,114,114,114,114,116,118,120,122,122,124,124,129,129,129,129,129,131,131,131,65,65,65,67,67,69,71,71,71,71,73,73,75,75,77,77,77,79],"card_choices":[{"not_picked":["Sweeping Beam","Beam Cell"],"picked":"Tempest","floor":1.0},{"not_picked":["Scrape","Beam Cell"],"picked":"Consume","floor":4.0},{"not_picked":["Self Repair","Auto Shields"],"picked":"Double Energy","floor":7.0},{"not_picked":["Reboot","Hyperbeam"],"picked":"Core Surge","floor":16.0},{"not_picked":["Sweeping Beam+1","Beam Cell","Stack"],"picked":"SKIP","floor":18.0},{"not_picked":["Melter+1","Stack"],"picked":"Rebound+1","floor":21.0},{"not_picked":["Steam+1","Double Energy"],"picked":"FTL+1","floor":23.0},{"not_picked":["Gash+1","Sweeping Beam+1","BootSequence"],"picked":"SKIP","floor":27},{"not_picked":["Hologram+1","Chill"],"picked":"Echo Form","floor":28},{"not_picked":["Hyperbeam+1","Rainbow"],"picked":"Biased Cognition","floor":33},{"not_picked":["Steam Power+1","Genetic Algorithm+1"],"picked":"Leap+1","floor":35},{"not_picked":["Aggregate","Chill+1"],"picked":"Hologram","floor":38},{"not_picked":["Static Discharge+1","Barrage+1"],"picked":"Cold Snap+1","floor":40},{"not_picked":["Blizzard+1","Compile Driver+1"],"picked":"Creative AI+1","floor":42},{"not_picked":["Stack+1","Tempest"],"picked":"Cold Snap+1","floor":44},{"not_picked":["Sweeping Beam+1","Stack","Coolheaded+1"],"picked":"Turbo+1","floor":48},{"not_picked":["Multi-Cast","Thunder Strike+1","Meteor Strike+1"],"picked":"Biased Cognition+1","floor":50},{"not_picked":["Tempest","Barrage+1","Conserve Battery","Heatsinks+1"],"picked":"SKIP","floor":52},{"not_picked":["Beam Cell+1","Darkness","Redo","Conserve Battery"],"picked":"SKIP","floor":57},{"not_picked":["Hologram","Multi-Cast","Steam","Coolheaded"],"picked":"SKIP","floor":63},{"not_picked":["Reboot","Meteor Strike+1","Thunder Strike+1"],"picked":"Machine Learning+1","floor":67},{"not_picked":["Sunder+1","Stack+1","Compile Driver+1","Fusion"],"picked":"SKIP","floor":69},{"not_picked":["Skim+1","Conserve Battery","Lockon+1"],"picked":"Storm+1","floor":76},{"not_picked":["Undo","Beam Cell+1","Sweeping Beam+1"],"picked":"Capacitor+1","floor":77},{"not_picked":["Reboot","Machine Learning+1","Seek"],"picked":"Amplify","floor":84},{"not_picked":["Reprogram+1","Redo+1","Conserve Battery"],"picked":"Capacitor+1","floor":86},{"not_picked":["Conserve Battery+1","Turbo+1","Recycle+1","Streamline+1"],"picked":"Singing Bowl","floor":89},{"not_picked":["Beam Cell+1","Cold Snap+1","Self Repair+1","Turbo+1"],"picked":"Singing Bowl","floor":93},{"not_picked":["Coolheaded+1","FTL+1","Streamline+1","Static Discharge+1"],"picked":"Singing Bowl","floor":94},{"not_picked":["Self Repair+1","Gash+1","Stack+1"],"picked":"Glacier","floor":96},{"not_picked":["Echo Form+1","Meteor Strike+1","Multi-Cast"],"picked":"Electrodynamics+1","floor":101},{"not_picked":["Rebound+1","Lockon+1","Chaos","Conserve Battery"],"picked":"Singing Bowl","floor":103},{"not_picked":["Rebound+1","Static Discharge+1","Conserve Battery","Go for the Eyes+1"],"picked":"Singing Bowl","floor":108},{"not_picked":["Storm+1","Amplify","Stack","Static Discharge+1"],"picked":"Singing Bowl","floor":109},{"not_picked":["Steam","Barrage+1","Coolheaded","Reprogram"],"picked":"Singing Bowl","floor":110},{"not_picked":["Go for the Eyes+1","Force Field","Streamline+1","Steam"],"picked":"Singing Bowl","floor":111},{"not_picked":["Rebound+1","Blizzard+1","Conserve Battery","Ball Lightning+1"],"picked":"Singing Bowl","floor":113},{"not_picked":["Hyperbeam+1","Meteor Strike+1","All For One+1"],"picked":"Core Surge+1","floor":118},{"not_picked":["BootSequence","Sweeping Beam+1","Beam Cell+1","Go for the Eyes+1"],"picked":"Singing Bowl","floor":120},{"not_picked":["Leap","Gash+1","Hologram","Darkness"],"picked":"Singing Bowl","floor":126},{"not_picked":["Beam Cell+1","Rebound+1","Steam+1","Barrage+1"],"picked":"Singing Bowl","floor":128},{"not_picked":["Blizzard+1","Reinforced Body","Skim","Streamline+1"],"picked":"Singing Bowl","floor":129},{"not_picked":["Go for the Eyes+1","Stack","Turbo"],"picked":"Core Surge+1","floor":130},{"not_picked":["Ball Lightning+1","Redo","Streamline+1","Gash+1"],"picked":"Singing Bowl","floor":133},{"not_picked":["Hyperbeam+1","Rainbow","Fission","Meteor Strike+1"],"picked":"Singing Bowl","floor":135},{"not_picked":["White Noise","Force Field+1","Capacitor+1","Beam Cell+1"],"picked":"Singing Bowl","floor":137},{"not_picked":["Beam Cell+1","Melter+1","Self Repair+1","Turbo"],"picked":"Singing Bowl","floor":140}],"player_experience":380048,"relics_obtained":[{"floor":5.0,"key":"Omamori"},{"floor":9.0,"key":"Ornamental Fan"},{"floor":11.0,"key":"Cables"},{"floor":22.0,"key":"Nilry\u0027s Codex"},{"floor":23.0,"key":"Matryoshka"},{"floor":23.0,"key":"Sundial"},{"floor":26.0,"key":"Juzu Bracelet"},{"floor":26.0,"key":"Mummified Hand"},{"floor":28,"key":"Meat on the Bone"},{"floor":28,"key":"Ancient Tea Set"},{"floor":37,"key":"Calipers"},{"floor":40,"key":"Thread and Needle"},{"floor":40,"key":"Frozen Egg 2"},{"floor":42,"key":"Mango"},{"floor":42,"key":"Pen Nib"},{"floor":43,"key":"PreservedInsect"},{"floor":43,"key":"Pantograph"},{"floor":44,"key":"Gremlin Horn"},{"floor":44,"key":"Question Card"},{"floor":45,"key":"The Courier"},{"floor":48,"key":"Letter Opener"},{"floor":48,"key":"Boot"},{"floor":60,"key":"Happy Flower"},{"floor":72,"key":"Enchiridion"},{"floor":78,"key":"Peace Pipe"},{"floor":78,"key":"Darkstone Periapt"},{"floor":89,"key":"Pocketwatch"},{"floor":96,"key":"Gambling Chip"},{"floor":113,"key":"Orichalcum"},{"floor":129,"key":"Du-Vu Doll"},{"floor":129,"key":"Shovel"},{"floor":134,"key":"StoneCalendar"},{"floor":140,"key":"Circlet"}],"event_choices":[{"damage_healed":0.0,"max_hp_gain":0.0,"max_hp_loss":0.0,"gold_gain":0.0,"event_name":"Golden Idol","player_choice":"Take Damage","floor":2.0,"gold_loss":0.0,"damage_taken":18.0,"relics_obtained":["Golden Idol"]},{"cards_removed":["Strike_B"],"damage_healed":0.0,"max_hp_gain":0.0,"max_hp_loss":0.0,"gold_gain":0.0,"event_name":"Golden Wing","player_choice":"Card Removal","floor":3.0,"gold_loss":0.0,"damage_taken":7.0},{"damage_healed":0.0,"max_hp_gain":0.0,"max_hp_loss":0.0,"gold_gain":75.0,"event_name":"World of Goop","player_choice":"Gather Gold","floor":10.0,"gold_loss":0.0,"damage_taken":11.0},{"damage_healed":0.0,"max_hp_gain":0.0,"max_hp_loss":0.0,"gold_gain":0.0,"event_name":"Addict","player_choice":"Obtained Relic","floor":19.0,"gold_loss":85.0,"damage_taken":0.0,"relics_obtained":["Molten Egg 2"]},{"cards_removed":["Strike_B"],"damage_healed":0.0,"max_hp_gain":0.0,"max_hp_loss":0.0,"gold_gain":0.0,"event_name":"Bonfire Elementals","player_choice":"Offered Basic","floor":20.0,"gold_loss":0.0,"damage_taken":0.0},{"damage_healed":0.0,"max_hp_gain":0.0,"max_hp_loss":0.0,"gold_gain":0.0,"event_name":"Cursed Tome","player_choice":"Obtained Book","floor":22.0,"gold_loss":0.0,"damage_taken":16.0},{"cards_removed":["Strike_B"],"damage_healed":0,"gold_gain":0,"player_choice":"Elegance","damage_taken":0,"max_hp_gain":0,"max_hp_loss":0,"event_name":"Back to Basics","floor":29,"gold_loss":0},{"damage_healed":0,"gold_gain":0,"player_choice":"Ignored","damage_taken":0,"max_hp_gain":0,"max_hp_loss":0,"event_name":"Vampires","floor":31,"gold_loss":0},{"damage_healed":0,"gold_gain":0,"player_choice":"Fight","damage_taken":0,"max_hp_gain":0,"max_hp_loss":0,"event_name":"MindBloom","floor":37,"gold_loss":0},{"damage_healed":0,"gold_gain":0,"player_choice":"Ignored","damage_taken":0,"max_hp_gain":0,"max_hp_loss":0,"event_name":"SecretPortal","floor":46,"gold_loss":0},{"cards_removed":["Defend_B"],"damage_healed":0,"gold_gain":0,"player_choice":"Forget","damage_taken":0,"max_hp_gain":0,"max_hp_loss":0,"event_name":"Living Wall","floor":53,"gold_loss":0},{"damage_healed":0,"gold_gain":175,"player_choice":"AGREE","damage_taken":0,"max_hp_gain":0,"max_hp_loss":0,"event_name":"Liars Game","floor":54,"gold_loss":0,"cards_obtained":["Doubt"]},{"damage_healed":0,"gold_gain":0,"player_choice":"Donut","damage_taken":0,"max_hp_gain":5,"max_hp_loss":0,"event_name":"Big Fish","floor":56,"gold_loss":0},{"damage_healed":0,"gold_gain":0,"player_choice":"Success","damage_taken":12,"relics_obtained":["Bag of Preparation"],"max_hp_gain":0,"max_hp_loss":0,"event_name":"Scrap Ooze","floor":58,"gold_loss":0},{"damage_healed":0,"gold_gain":62,"player_choice":"Gained Gold","damage_taken":0,"max_hp_gain":0,"max_hp_loss":0,"event_name":"Golden Wing","floor":59,"gold_loss":0},{"damage_healed":0,"gold_gain":0,"player_choice":"Got Potions","damage_taken":0,"max_hp_gain":0,"max_hp_loss":0,"event_name":"Lab","floor":64,"gold_loss":0},{"cards_removed":["Dualcast"],"damage_healed":0,"gold_gain":0,"player_choice":"Gave Gold","damage_taken":0,"max_hp_gain":0,"max_hp_loss":0,"event_name":"Beggar","floor":70,"gold_loss":75},{"damage_healed":0,"gold_gain":0,"player_choice":"Inject Mutagens","damage_taken":0,"relics_obtained":["MutagenicStrength"],"max_hp_gain":0,"max_hp_loss":0,"event_name":"Drug Dealer","floor":71,"gold_loss":0},{"damage_healed":0,"gold_gain":0,"player_choice":"Obtained Book","damage_taken":16,"max_hp_gain":0,"max_hp_loss":0,"event_name":"Cursed Tome","floor":72,"gold_loss":0},{"damage_healed":0,"gold_gain":0,"player_choice":"Opened","damage_taken":0,"relics_obtained":["Tiny Chest"],"max_hp_gain":0,"max_hp_loss":0,"event_name":"The Mausoleum","floor":73,"gold_loss":0},{"damage_healed":0,"gold_gain":0,"player_choice":"Shed Blood","damage_taken":25,"max_hp_gain":5,"max_hp_loss":0,"event_name":"Forgotten Altar","floor":75,"gold_loss":0},{"damage_healed":0,"gold_gain":0,"player_choice":"Fight","damage_taken":0,"max_hp_gain":0,"max_hp_loss":0,"event_name":"Colosseum","floor":78,"gold_loss":0},{"damage_healed":0,"gold_gain":0,"player_choice":"Fought Nobs","damage_taken":0,"max_hp_gain":0,"max_hp_loss":0,"event_name":"Colosseum","floor":78,"gold_loss":0},{"damage_healed":0,"gold_gain":99,"player_choice":"Stole From Cult","damage_taken":0,"max_hp_gain":0,"max_hp_loss":0,"event_name":"Nest","floor":79,"gold_loss":0},{"damage_healed":0,"gold_gain":0,"player_choice":"Ignored","damage_taken":0,"max_hp_gain":0,"max_hp_loss":0,"event_name":"Vampires","floor":80,"gold_loss":0},{"damage_healed":0,"gold_gain":333,"player_choice":"Gave Idol","damage_taken":0,"max_hp_gain":0,"max_hp_loss":0,"event_name":"The Moai Head","floor":87,"relics_lost":["Golden Idol"],"gold_loss":0},{"damage_healed":0,"gold_gain":0,"player_choice":"Fight","damage_taken":0,"max_hp_gain":0,"max_hp_loss":0,"event_name":"MindBloom","floor":89,"gold_loss":0},{"damage_healed":0,"gold_gain":0,"player_choice":"Trade","damage_taken":0,"relics_obtained":["NlothsMask"],"max_hp_gain":0,"max_hp_loss":0,"event_name":"FaceTrader","floor":90,"gold_loss":0},{"damage_healed":0,"gold_gain":0,"player_choice":"Bought 0 Potions","damage_taken":0,"max_hp_gain":0,"max_hp_loss":0,"event_name":"The Woman in Blue","floor":92,"gold_loss":0},{"damage_healed":0,"gold_gain":0,"player_choice":"Fight","damage_taken":0,"max_hp_gain":0,"max_hp_loss":0,"event_name":"Mysterious Sphere","floor":96,"gold_loss":0},{"damage_healed":0,"gold_gain":0,"player_choice":"Ignored","damage_taken":0,"max_hp_gain":0,"max_hp_loss":0,"event_name":"Tomb of Lord Red Mask","floor":97,"gold_loss":0},{"damage_healed":0,"gold_gain":0,"player_choice":"Embrace Madness","damage_taken":14,"max_hp_gain":0,"max_hp_loss":0,"event_name":"Winding Halls","floor":99,"gold_loss":0,"cards_obtained":["Madness","Madness"]},{"damage_healed":0,"gold_gain":0,"player_choice":"1 cards matched","damage_taken":0,"max_hp_gain":0,"max_hp_loss":0,"event_name":"Match and Keep!","floor":105,"gold_loss":0,"cards_obtained":["Creative AI"]},{"cards_removed":["Zap"],"damage_healed":0,"gold_gain":0,"player_choice":"Offered Basic","damage_taken":0,"max_hp_gain":0,"max_hp_loss":0,"event_name":"Bonfire Elementals","floor":107,"gold_loss":0},{"damage_healed":0,"gold_gain":0,"player_choice":"Upgraded","damage_taken":0,"max_hp_gain":0,"max_hp_loss":0,"event_name":"Upgrade Shrine","floor":112,"gold_loss":0,"cards_upgraded":["Glacier"]},{"damage_healed":0,"gold_gain":30,"player_choice":"Searched \u00273\u0027 times","damage_taken":0,"max_hp_gain":0,"max_hp_loss":0,"event_name":"Dead Adventurer","floor":113,"gold_loss":0},{"damage_healed":0,"gold_gain":0,"player_choice":"Leave","damage_taken":0,"max_hp_gain":0,"max_hp_loss":0,"event_name":"The Cleric","floor":114,"gold_loss":0},{"damage_healed":0,"gold_gain":0,"player_choice":"Donut","damage_taken":0,"max_hp_gain":5,"max_hp_loss":0,"event_name":"Big Fish","floor":115,"gold_loss":0},{"damage_healed":0,"gold_gain":0,"player_choice":"Punched","damage_taken":3,"max_hp_gain":0,"max_hp_loss":0,"event_name":"Designer","floor":121,"gold_loss":0},{"damage_healed":0,"gold_gain":0,"player_choice":"Became a Ghost","damage_taken":0,"max_hp_gain":0,"max_hp_loss":66,"event_name":"Ghosts","floor":123,"gold_loss":0,"cards_obtained":["Ghostly","Ghostly","Ghostly","Ghostly","Ghostly"]},{"cards_removed":["Madness"],"damage_healed":0,"gold_gain":0,"player_choice":"Elegance","damage_taken":0,"max_hp_gain":0,"max_hp_loss":0,"event_name":"Back to Basics","floor":124,"gold_loss":0},{"damage_healed":0,"gold_gain":0,"player_choice":"Ignored","damage_taken":0,"max_hp_gain":0,"max_hp_loss":0,"event_name":"Beggar","floor":127,"gold_loss":0},{"damage_healed":0,"gold_gain":0,"player_choice":"Fight","damage_taken":0,"max_hp_gain":0,"max_hp_loss":0,"event_name":"Colosseum","floor":129,"gold_loss":0},{"damage_healed":0,"gold_gain":0,"player_choice":"Fought Nobs","damage_taken":0,"max_hp_gain":0,"max_hp_loss":0,"event_name":"Colosseum","floor":129,"gold_loss":0},{"damage_healed":0,"gold_gain":0,"player_choice":"Trade","damage_taken":0,"relics_obtained":["SsserpentHead"],"max_hp_gain":0,"max_hp_loss":0,"event_name":"FaceTrader","floor":131,"gold_loss":0},{"damage_healed":0,"gold_gain":200,"player_choice":"Gold","damage_taken":0,"max_hp_gain":0,"max_hp_loss":0,"event_name":"Wheel of Change","floor":132,"gold_loss":0},{"damage_healed":0,"gold_gain":0,"player_choice":"Paid","damage_taken":0,"relics_obtained":["Red Mask"],"max_hp_gain":0,"max_hp_loss":0,"event_name":"Tomb of Lord Red Mask","floor":139,"gold_loss":82},{"damage_healed":0,"gold_gain":0,"player_choice":"Fight","damage_taken":0,"max_hp_gain":0,"max_hp_loss":0,"event_name":"Mysterious Sphere","floor":140,"gold_loss":0}],"is_beta":false,"boss_relics":[{"not_picked":["Snecko Eye","Calling Bell"],"picked":"Black Star"},{"not_picked":["White Beast Statue","Busted Crown"],"picked":"Empty Cage"},{"not_picked":["FrozenCore","Philosopher\u0027s Stone"],"picked":"Nuclear Battery"},{"not_picked":["Runic Dome","Inserter"],"picked":"Sozu"},{"not_picked":["Runic Pyramid","Fusion Hammer"],"picked":"FrozenCore"},{"not_picked":["Philosopher\u0027s Stone","Cursed Key"],"picked":"Lizard Tail"},{"not_picked":["Calling Bell","Snecko Eye"],"picked":"Eternal Feather"},{"not_picked":["Runic Dome","Philosopher\u0027s Stone"],"picked":"Coffee Dripper"}],"items_purged_floors":[39,47],"is_endless":true,"potions_floor_spawned":[4,18,21,28,37,40,44,48,52,57,78,78,89,93,94,108,111,118,120,126,133],"killed_by":"2 Orb Walkers","ascension_level":0}