{"gold_per_floor":[116,128,138,213,213,240,240,274,274,3,3,3,23,37,37,141,141,159,174,188,203,302,302,302,201,226,238,238,238,272,283,283,388,388,408,508,561,561,588,588,604,615,615,625,0,0,0,10,10,10],"floor_reached":51,"playtime":2385,"items_purged":["Strike_B+1"],"score":1107,"play_id":"580a835f-a3a2-437c-86b5-8f9a2cbd81d9","local_time":"20190129211256","is_ascension_mode":true,"campfire_choices":[{"data":"Sunder","floor":7.0,"key":"SMITH"},{"floor":12.0,"key":"REST"},{"data":"Zap","floor":15.0,"key":"SMITH"},{"floor":23.0,"key":"REST"},{"data":"Echo Form","floor":32.0,"key":"SMITH"},{"floor":40.0,"key":"REST"},{"data":"Consume","floor":46.0,"key":"SMITH"},{"data":"Dualcast","floor":49.0,"key":"SMITH"}],"neow_cost":"NONE","seed_source_timestamp":781100702948753,"circlet_count":0,"master_deck":["Zap+1","Dualcast+1","Compile Driver","Redo","Self Repair","Sunder+1","Chaos","Defragment+1","Ball Lightning","Ball Lightning","Echo Form+1","Hologram+1","Stack","Steam+1","Leap","Steam","Ghostly","Ghostly","Ghostly","Ghostly","Ghostly","Coolheaded","Consume+1","Seek","Heatsinks","Reprogram","Sweeping Beam","Reprogram","FTL","Fusion","Steam Power","Go for the Eyes","Redo+1","Fusion+1","Flash of Steel","Redo+1"],"special_seed":0,"relics":["Cracked Core","DataDisk","Lantern","Blood Vial","Bronze Scales","Runic Capacitor","Runic Pyramid","Pen Nib","MutagenicStrength","Potion Belt","Pandora\u0027s Box","Turnip","Unceasing Top","Happy Flower","Mummified Hand","Red Mask"],"potions_floor_usage":[50,50,50],"damage_taken":[{"damage":7.0,"enemies":"Jaw Worm","floor":1.0,"turns":2.0},{"damage":0.0,"enemies":"Small Slimes","floor":2.0,"turns":2.0},{"damage":0.0,"enemies":"Cultist","floor":3.0,"turns":3.0},{"damage":29.0,"enemies":"Lagavulin","floor":6.0,"turns":5.0},{"damage":16.0,"enemies":"Gremlin Nob","floor":8.0,"turns":3.0},{"damage":0.0,"enemies":"2 Fungi Beasts","floor":13.0,"turns":2.0},{"damage":7.0,"enemies":"3 Louse","floor":14.0,"turns":2.0},{"damage":29.0,"enemies":"The Guardian","floor":16.0,"turns":7.0},{"damage":0.0,"enemies":"Spheric Guardian","floor":18.0,"turns":2.0},{"damage":21.0,"enemies":"3 Byrds","floor":19.0,"turns":3.0},{"damage":23.0,"enemies":"Sentry and Sphere","floor":20.0,"turns":4.0},{"damage":36.0,"enemies":"Snecko","floor":21.0,"turns":5.0},{"damage":26.0,"enemies":"Shelled Parasite and Fungi","floor":27.0,"turns":5.0},{"damage":1.0,"enemies":"Book of Stabbing","floor":30.0,"turns":5.0},{"damage":2.0,"enemies":"Cultist and Chosen","floor":31.0,"turns":4.0},{"damage":0.0,"enemies":"Champ","floor":33.0,"turns":11.0},{"damage":4.0,"enemies":"3 Darklings","floor":35.0,"turns":7.0},{"damage":7.0,"enemies":"Mind Bloom Boss Battle","floor":36.0,"turns":7.0},{"damage":14.0,"enemies":"2 Orb Walkers","floor":37.0,"turns":6.0},{"damage":2.0,"enemies":"Orb Walker","floor":41.0,"turns":3.0},{"damage":1.0,"enemies":"Sphere and 2 Shapes","floor":42.0,"turns":4.0},{"damage":0.0,"enemies":"Maw","floor":44.0,"turns":6.0},{"damage":0.0,"enemies":"Spire Growth","floor":48.0,"turns":4.0},{"damage":33,"enemies":"Awakened One","floor":50,"turns":11}],"seed_played":"3664361782355478960","potions_obtained":[{"floor":3.0,"key":"EntropicBrew"},{"floor":8.0,"key":"AttackPotion"},{"floor":14.0,"key":"Regen Potion"},{"floor":16.0,"key":"LiquidBronze"},{"floor":20.0,"key":"SpeedPotion"},{"floor":31.0,"key":"EssenceOfSteel"},{"floor":33.0,"key":"EssenceOfSteel"},{"floor":35.0,"key":"SkillPotion"},{"floor":36.0,"key":"SkillPotion"},{"floor":42.0,"key":"SteroidPotion"}],"is_trial":false,"path_per_floor":["M","M","M","?","T","E","R","E","T","$","?","R","M","M","R","B",null,"M","M","M","M","?","R","?","$","T","M","?","?","E","M","R","B",null,"M","?","?","?","T","R","M","M","T","M","?","R","$","M","R","B",null],"character_chosen":"DEFECT","items_purchased":["Runic Capacitor","Defragment","Leap"],"campfire_rested":3,"item_purchase_floors":[10,10,25],"current_hp_per_floor":[61,61,61,50,50,28,28,12,12,12,12,34,36,38,38,18,61,70,58,44,17,17,39,39,39,39,22,22,22,30,30,30,37,37,37,30,18,18,18,29,29,37,37,37,37,37,37,37,37,16],"gold":10,"neow_bonus":"RANDOM_COMMON_RELIC","is_prod":false,"is_daily":false,"chose_seed":false,"campfire_upgraded":5,"win_rate":0,"timestamp":1548817976,"path_taken":["M","M","M","?","?","E","R","E","T","$","?","R","M","?","R","BOSS","M","M","M","M","?","R","?","?","T","?","?","?","E","M","R","BOSS","M","?","?","?","?","R","M","?","T","M","?","R","?","M","R","BOSS"],"build_version":"2019-01-23","purchased_purges":1,"victory":true,"max_hp_per_floor":[75,75,75,75,75,75,75,75,75,75,75,75,75,75,75,75,75,75,75,75,75,75,75,75,75,75,75,75,37,37,37,37,37,37,37,37,37,37,37,37,37,37,37,37,37,37,37,37,37,37],"card_choices":[{"not_picked":["Barrage","Turbo"],"picked":"Compile Driver","floor":1.0},{"not_picked":["Scrape","Steam"],"picked":"Redo","floor":2.0},{"not_picked":["Darkness","Beam Cell"],"picked":"Self Repair","floor":3.0},{"not_picked":["Chill","Streamline"],"picked":"Sunder","floor":6.0},{"not_picked":["Storm","Core Surge"],"picked":"Chaos","floor":8.0},{"not_picked":["Loop","Gash"],"picked":"Ball Lightning","floor":13.0},{"not_picked":["Streamline","Darkness"],"picked":"Ball Lightning","floor":14.0},{"not_picked":["Buffer","Thunder Strike"],"picked":"Echo Form","floor":16.0},{"not_picked":["Barrage","Gash","Blizzard"],"picked":"SKIP","floor":18.0},{"not_picked":["Ball Lightning+1","Scrape"],"picked":"Hologram+1","floor":19.0},{"not_picked":["Steam Power","Rebound"],"picked":"Stack","floor":20.0},{"not_picked":["Go for the Eyes","Compile Driver"],"picked":"Steam+1","floor":21.0},{"not_picked":["Steam Power","Compile Driver"],"picked":"Steam","floor":27.0},{"not_picked":["Streamline","Turbo"],"picked":"Coolheaded","floor":30.0},{"not_picked":["White Noise","Barrage"],"picked":"Consume","floor":31.0},{"not_picked":["Echo Form","Biased Cognition"],"picked":"Seek","floor":33.0},{"not_picked":["Aggregate","Barrage"],"picked":"Go for the Eyes","floor":35.0},{"not_picked":["Cold Snap","Storm"],"picked":"Redo+1","floor":36.0},{"not_picked":["Sweeping Beam","Streamline"],"picked":"Fusion+1","floor":37.0},{"not_picked":["Dark Shackles","Secret Technique"],"picked":"Flash of Steel","floor":38.0},{"not_picked":["Auto Shields+1","Doom and Gloom+1","Sweeping Beam+1"],"picked":"SKIP","floor":41.0},{"not_picked":["Gash","Melter","Consume+1"],"picked":"SKIP","floor":42.0},{"not_picked":["Sweeping Beam+1","Blizzard"],"picked":"Redo+1","floor":44.0},{"not_picked":["Rip and Tear+1","Static Discharge","Reinforced Body+1"],"picked":"SKIP","floor":48.0}],"player_experience":148324,"relics_obtained":[{"floor":6.0,"key":"Lantern"},{"floor":8.0,"key":"Blood Vial"},{"floor":9.0,"key":"Bronze Scales"},{"floor":26.0,"key":"Pen Nib"},{"floor":30.0,"key":"Potion Belt"},{"floor":36.0,"key":"Turnip"},{"floor":37.0,"key":"Unceasing Top"},{"floor":39.0,"key":"Happy Flower"},{"floor":43.0,"key":"Mummified Hand"}],"event_choices":[{"damage_healed":0.0,"max_hp_gain":0.0,"max_hp_loss":0.0,"gold_gain":75.0,"event_name":"World of Goop","player_choice":"Gather Gold","floor":4.0,"gold_loss":0.0,"damage_taken":11.0},{"damage_healed":0.0,"max_hp_gain":0.0,"max_hp_loss":0.0,"gold_gain":0.0,"event_name":"Accursed Blacksmith","player_choice":"Forge","floor":11.0,"gold_loss":0.0,"damage_taken":0.0,"cards_upgraded":["Defragment"]},{"damage_healed":0.0,"max_hp_gain":0.0,"max_hp_loss":0.0,"gold_gain":99.0,"event_name":"Nest","player_choice":"Stole From Cult","floor":22.0,"gold_loss":0.0,"damage_taken":0.0},{"damage_healed":0.0,"max_hp_gain":0.0,"max_hp_loss":0.0,"gold_gain":0.0,"event_name":"Back to Basics","player_choice":"Simplicity","floor":24.0,"gold_loss":0.0,"damage_taken":0.0,"cards_upgraded":["Strike_B","Strike_B","Strike_B","Strike_B","Defend_B","Defend_B","Defend_B","Defend_B"]},{"damage_healed":0.0,"max_hp_gain":0.0,"max_hp_loss":0.0,"gold_gain":0.0,"event_name":"Drug Dealer","player_choice":"Inject Mutagens","floor":28.0,"gold_loss":0.0,"damage_taken":0.0,"relics_obtained":["MutagenicStrength"]},{"damage_healed":0.0,"max_hp_gain":0.0,"max_hp_loss":38.0,"gold_gain":0.0,"event_name":"Ghosts","player_choice":"Became a Ghost","floor":29.0,"gold_loss":0.0,"damage_taken":0.0,"cards_obtained":["Ghostly","Ghostly","Ghostly","Ghostly","Ghostly"]},{"damage_healed":0.0,"max_hp_gain":0.0,"max_hp_loss":0.0,"gold_gain":0.0,"event_name":"MindBloom","player_choice":"Fight","floor":36.0,"gold_loss":0.0,"damage_taken":0.0},{"damage_healed":0.0,"max_hp_gain":0.0,"max_hp_loss":0.0,"gold_gain":0.0,"event_name":"Mysterious Sphere","player_choice":"Fight","floor":37.0,"gold_loss":0.0,"damage_taken":0.0},{"damage_healed":0.0,"max_hp_gain":0.0,"max_hp_loss":0.0,"gold_gain":0.0,"event_name":"SensoryStone","player_choice":"Memory 1","floor":38.0,"gold_loss":0.0,"damage_taken":0.0},{"damage_healed":0.0,"max_hp_gain":0.0,"max_hp_loss":0.0,"gold_gain":0.0,"event_name":"Tomb of Lord Red Mask","player_choice":"Paid","floor":45.0,"gold_loss":625.0,"damage_taken":0.0,"relics_obtained":["Red Mask"]}],"is_beta":false,"boss_relics":[{"not_picked":["Runic Dome","Philosopher\u0027s Stone"],"picked":"Runic Pyramid"},{"not_picked":["Orrery","Fusion Hammer"],"picked":"Pandora\u0027s Box"}],"items_purged_floors":[25],"is_endless":false,"potions_floor_spawned":[3,8,14,16,20,27,31,33,35,36,42],"ascension_level":9}