{"gold_per_floor":[118,48,48,59,134,164,177,147,174,174,192,192,192,192,192,295,295,264,11,21,21,21,21,39,39,39,51,51,67,82,82,82,82],"floor_reached":33,"playtime":2195,"items_purged":[],"score":295,"play_id":"2298f6b3-c40f-47a2-9645-07fc6fcb57a0","local_time":"20190116083158","is_ascension_mode":false,"campfire_choices":[{"data":"Infinite Blades","floor":10,"key":"SMITH"},{"data":"Cloak And Dagger","floor":12,"key":"SMITH"},{"floor":15,"key":"REST"},{"floor":23,"key":"REST"},{"floor":25,"key":"REST"},{"floor":28,"key":"REST"},{"floor":32,"key":"REST"}],"neow_cost":"NONE","seed_source_timestamp":1855897687516554,"circlet_count":0,"master_deck":["Strike_G","Strike_G","Strike_G","Strike_G","Strike_G","Survivor","Neutralize","Eviscerate","Infinite Blades+1","Leg Sweep","Crippling Poison","Accuracy","Flying Knee","Dagger Throw","Cloak And Dagger+1","Jack Of All Trades","Die Die Die","Adrenaline","Bullet Time+1","Noxious Fumes+1","Dodge and Roll+1","Reflex+1","Acrobatics","Accuracy","Tactician","PiercingWail","Finisher"],"relics":["Ring of the Snake","NeowsBlessing","Juzu Bracelet","Happy Flower","Astrolabe","Matryoshka","Nilry\u0027s Codex","Pear","Mummified Hand"],"potions_floor_usage":[16,22,24,29,33],"damage_taken":[{"damage":0,"enemies":"Small Slimes","floor":1,"turns":1},{"damage":0,"enemies":"2 Louse","floor":4,"turns":1},{"damage":0,"enemies":"Lagavulin","floor":6,"turns":1},{"damage":1,"enemies":"Cultist","floor":7,"turns":6},{"damage":2,"enemies":"Looter","floor":8,"turns":4},{"damage":6,"enemies":"3 Louse","floor":11,"turns":3},{"damage":43,"enemies":"Hexaghost","floor":16,"turns":13},{"damage":4,"enemies":"2 Thieves","floor":18,"turns":5},{"damage":8,"enemies":"Shell Parasite","floor":20,"turns":4},{"damage":16,"enemies":"Colosseum Slavers","floor":22,"turns":4},{"damage":18,"enemies":"Sentry and Sphere","floor":24,"turns":4},{"damage":27,"enemies":"Shelled Parasite and Fungi","floor":27,"turns":3},{"damage":1,"enemies":"Cultist and Chosen","floor":29,"turns":4},{"damage":20,"enemies":"3 Cultists","floor":30,"turns":5},{"damage":59,"enemies":"Collector","floor":33,"turns":5}],"seed_played":"2213609495507821394","potions_obtained":[{"floor":7,"key":"Energy Potion"},{"floor":11,"key":"Weak Potion"},{"floor":16,"key":"Fire Potion"},{"floor":18,"key":"Weak Potion"},{"floor":24,"key":"Fire Potion"},{"floor":29,"key":"SteroidPotion"}],"is_trial":false,"path_per_floor":["M","$","?","M","?","E","M","M","T","R","M","R","?","?","R","B",null,"M","$","M","?","?","R","M","R","T","M","R","M","M","?","R","B"],"character_chosen":"THE_SILENT","items_purchased":["Infinite Blades","Matryoshka"],"campfire_rested":5,"item_purchase_floors":[2,19],"current_hp_per_floor":[70,70,70,70,59,59,58,56,56,56,50,50,43,43,64,21,70,66,66,58,42,26,47,29,50,60,33,57,56,36,21,46,0],"gold":82,"neow_bonus":"THREE_ENEMY_KILL","is_prod":false,"is_daily":false,"chose_seed":false,"campfire_upgraded":2,"win_rate":0.0,"timestamp":1547645518,"path_taken":["M","$","?","M","?","E","M","M","T","R","M","R","?","?","R","BOSS","M","$","M","?","?","R","M","R","T","M","R","M","M","?","R","BOSS"],"build_version":"2019-01-10","purchased_purges":0,"victory":false,"max_hp_per_floor":[70,70,70,70,70,70,70,70,70,70,70,70,70,70,70,70,70,70,70,70,70,70,70,70,70,80,80,80,80,80,85,85,85],"card_choices":[{"not_picked":["Bane","Prepared"],"picked":"Eviscerate","floor":1},{"not_picked":["Quick Slash","Prepared"],"picked":"Crippling Poison","floor":4},{"not_picked":["Dodge and Roll","Catalyst"],"picked":"Accuracy","floor":6},{"not_picked":["Eviscerate","PiercingWail"],"picked":"Flying Knee","floor":7},{"not_picked":["Bane","Sucker Punch"],"picked":"Dagger Throw","floor":8},{"not_picked":["PiercingWail","Poisoned Stab"],"picked":"Cloak And Dagger","floor":11},{"not_picked":["Burst","Doppelganger"],"picked":"Adrenaline","floor":16},{"not_picked":["Sucker Punch+1","Bouncing Flask+1"],"picked":"Reflex+1","floor":18},{"not_picked":["Deadly Poison","PiercingWail"],"picked":"Acrobatics","floor":20},{"not_picked":["Deflect","Underhanded Strike+1"],"picked":"Accuracy","floor":24},{"not_picked":["Night Terror","Outmaneuver"],"picked":"Tactician","floor":27},{"not_picked":["Outmaneuver","Backflip"],"picked":"PiercingWail","floor":29},{"not_picked":["Flying Knee","Slice"],"picked":"Finisher","floor":30}],"player_experience":46341,"relics_obtained":[{"floor":6,"key":"Juzu Bracelet"},{"floor":9,"key":"Happy Flower"},{"floor":21,"key":"Nilry\u0027s Codex"},{"floor":26,"key":"Pear"},{"floor":26,"key":"Mummified Hand"}],"event_choices":[{"damage_healed":0,"gold_gain":0,"cards_transformed":["Defend_G"],"player_choice":"Change","damage_taken":0,"max_hp_gain":0,"max_hp_loss":0,"event_name":"Living Wall","floor":3,"gold_loss":0,"cards_obtained":["Leg Sweep"]},{"damage_healed":0,"gold_gain":75,"player_choice":"Gather Gold","damage_taken":11,"max_hp_gain":0,"max_hp_loss":0,"event_name":"World of Goop","floor":5,"gold_loss":0},{"cards_removed":["Defend_G"],"damage_healed":0,"gold_gain":0,"player_choice":"Card Removal","damage_taken":7,"max_hp_gain":0,"max_hp_loss":0,"event_name":"Golden Wing","floor":13,"gold_loss":0},{"damage_healed":0,"gold_gain":0,"player_choice":"2 cards matched","damage_taken":0,"max_hp_gain":0,"max_hp_loss":0,"event_name":"Match and Keep!","floor":14,"gold_loss":0,"cards_obtained":["Jack Of All Trades","Die Die Die"]},{"damage_healed":0,"gold_gain":0,"player_choice":"Obtained Book","damage_taken":16,"max_hp_gain":0,"max_hp_loss":0,"event_name":"Cursed Tome","floor":21,"gold_loss":0},{"damage_healed":0,"gold_gain":0,"player_choice":"Fight","damage_taken":0,"max_hp_gain":0,"max_hp_loss":0,"event_name":"Colosseum","floor":22,"gold_loss":0},{"damage_healed":0,"gold_gain":0,"player_choice":"Fled From Nobs","damage_taken":0,"max_hp_gain":0,"max_hp_loss":0,"event_name":"Colosseum","floor":22,"gold_loss":0},{"damage_healed":0,"gold_gain":0,"player_choice":"Shed Blood","damage_taken":20,"max_hp_gain":5,"max_hp_loss":0,"event_name":"Forgotten Altar","floor":31,"gold_loss":0}],"is_beta":false,"boss_relics":[{"not_picked":["Empty Cage","Orrery"],"picked":"Astrolabe"}],"items_purged_floors":[],"is_endless":false,"potions_floor_spawned":[7,11,16,18,22,24,29],"killed_by":"Collector","ascension_level":0}