{"gold_per_floor":[114,389,404,116,130,130,148,148,174,204,204,130,188,35,35,140,140,155,175,175,175,193,193,203,217,217,217,292,292,292,9,9,9],"floor_reached":33,"playtime":973,"items_purged":["Regret"],"score":233,"play_id":"37709e0b-6f9b-48ec-9374-4bd054773bb9","local_time":"20190120040726","is_ascension_mode":false,"campfire_choices":[{"data":"Defragment","floor":6,"key":"SMITH"},{"data":"Sunder","floor":11,"key":"SMITH"},{"floor":15,"key":"REST"},{"floor":23,"key":"REST"},{"data":"Madness","floor":30,"key":"SMITH"},{"floor":32,"key":"REST"}],"neow_cost":"NONE","seed_source_timestamp":286423082687354,"circlet_count":0,"master_deck":["Strike_B","Strike_B","Strike_B","Strike_B","Defend_B","Defend_B","Defend_B","Defend_B","Zap","Dualcast","Defragment+1","Go for the Eyes","Sunder+1","Conserve Battery","Hologram","Doom and Gloom","Redo","Gash","Thunder Strike","Reinforced Body","Hologram+1","Loop+1","Gash","Stack+1","Madness+1","Compile Driver","Recycle"],"relics":["Cracked Core","Strawberry","DataDisk","Juzu Bracelet","Ancient Tea Set","Odd Mushroom","Bag of Preparation","Black Star","MutagenicStrength","Pen Nib","Bottled Flame","Matryoshka"],"potions_floor_usage":[7,16,16,22],"damage_taken":[{"damage":2,"enemies":"Small Slimes","floor":1,"turns":3},{"damage":6,"enemies":"Cultist","floor":3,"turns":3},{"damage":1,"enemies":"Jaw Worm","floor":5,"turns":3},{"damage":2,"enemies":"Blue Slaver","floor":7,"turns":3},{"damage":6,"enemies":"The Mushroom Lair","floor":10,"turns":3},{"damage":58,"enemies":"Hexaghost","floor":16,"turns":7},{"damage":25,"enemies":"Spheric Guardian","floor":18,"turns":5},{"damage":25,"enemies":"Shell Parasite","floor":19,"turns":6},{"damage":10,"enemies":"Shelled Parasite and Fungi","floor":22,"turns":5},{"damage":12,"enemies":"Sentry and Sphere","floor":24,"turns":4},{"damage":16,"enemies":"Centurion and Healer","floor":25,"turns":5},{"damage":97,"enemies":"Collector","floor":33,"turns":9}],"seed_played":"2563283123355588258","potions_obtained":[{"floor":3,"key":"LiquidBronze"},{"floor":5,"key":"Fruit Juice"},{"floor":7,"key":"Fire Potion"},{"floor":19,"key":"Energy Potion"}],"is_trial":false,"path_per_floor":["M","?","M","$","M","R","M","?","T","?","R","$","?","$","R","B",null,"M","M","?","?","M","R","M","M","T","?","T","?","R","$","R","B"],"character_chosen":"DEFECT","items_purchased":["DataDisk","Sunder","Redo","Gash","Bag of Preparation","Matryoshka","Recycle"],"campfire_rested":3,"item_purchase_floors":[4,4,12,12,14,31,31],"current_hp_per_floor":[80,80,74,74,73,73,76,64,64,58,58,58,58,58,84,26,87,62,37,37,37,27,53,41,25,25,54,54,54,54,54,80,0],"gold":9,"neow_bonus":"RANDOM_COMMON_RELIC","is_prod":false,"is_daily":false,"chose_seed":false,"campfire_upgraded":3,"win_rate":0.0,"timestamp":1547975246,"path_taken":["M","?","M","$","?","R","M","?","T","?","R","$","?","$","R","BOSS","M","M","?","?","M","R","M","M","T","?","?","?","R","$","R","BOSS"],"build_version":"2019-01-17v2","purchased_purges":1,"victory":false,"max_hp_per_floor":[82,82,82,82,82,82,87,87,87,87,87,87,87,87,87,87,87,87,87,87,87,87,87,87,87,87,87,87,87,87,87,87,87],"card_choices":[{"not_picked":["Conserve Battery","Beam Cell"],"picked":"Defragment","floor":1},{"not_picked":["Chill","Barrage"],"picked":"Go for the Eyes","floor":3},{"not_picked":["Ball Lightning","Gash"],"picked":"Conserve Battery","floor":5},{"not_picked":["Cold Snap","BootSequence"],"picked":"Hologram","floor":7},{"not_picked":["Stack","Cold Snap"],"picked":"Doom and Gloom","floor":10},{"not_picked":["Reboot","Seek"],"picked":"Thunder Strike","floor":16},{"not_picked":["Cold Snap","Recycle"],"picked":"Reinforced Body","floor":18},{"not_picked":["Hello World","Loop"],"picked":"Hologram+1","floor":19},{"not_picked":["Sweeping Beam","Blizzard+1"],"picked":"Loop+1","floor":22},{"not_picked":["Steam","Leap"],"picked":"Gash","floor":24},{"not_picked":["Lockon+1","Cold Snap"],"picked":"Stack+1","floor":25}],"player_experience":135684,"relics_obtained":[{"floor":9,"key":"Ancient Tea Set"},{"floor":10,"key":"Odd Mushroom"},{"floor":26,"key":"Pen Nib"},{"floor":28,"key":"Bottled Flame"}],"event_choices":[{"damage_healed":0,"gold_gain":275,"player_choice":"Desecrate","damage_taken":0,"max_hp_gain":0,"max_hp_loss":0,"event_name":"Golden Shrine","floor":2,"gold_loss":0,"cards_obtained":["Regret"]},{"damage_healed":0,"gold_gain":0,"player_choice":"Success","damage_taken":12,"relics_obtained":["Juzu Bracelet"],"max_hp_gain":0,"max_hp_loss":0,"event_name":"Scrap Ooze","floor":8,"gold_loss":0},{"damage_healed":0,"gold_gain":0,"player_choice":"Fought Mushrooms","damage_taken":0,"max_hp_gain":0,"max_hp_loss":0,"event_name":"Mushrooms","floor":10,"gold_loss":0},{"damage_healed":0,"gold_gain":58,"player_choice":"Gained Gold","damage_taken":0,"max_hp_gain":0,"max_hp_loss":0,"event_name":"Golden Wing","floor":13,"gold_loss":0},{"damage_healed":0,"gold_gain":0,"player_choice":"Ignored","damage_taken":0,"max_hp_gain":0,"max_hp_loss":0,"event_name":"Beggar","floor":20,"gold_loss":0},{"damage_healed":0,"gold_gain":0,"player_choice":"Inject Mutagens","damage_taken":0,"relics_obtained":["MutagenicStrength"],"max_hp_gain":0,"max_hp_loss":0,"event_name":"Drug Dealer","floor":21,"gold_loss":0},{"damage_healed":29,"gold_gain":0,"player_choice":"Heal","damage_taken":0,"max_hp_gain":0,"max_hp_loss":0,"event_name":"The Library","floor":27,"gold_loss":0},{"damage_healed":0,"gold_gain":0,"player_choice":"2 cards matched","damage_taken":0,"max_hp_gain":0,"max_hp_loss":0,"event_name":"Match and Keep!","floor":29,"gold_loss":0,"cards_obtained":["Madness","Compile Driver"]}],"is_beta":false,"boss_relics":[{"not_picked":["Coffee Dripper","Astrolabe"],"picked":"Black Star"}],"items_purged_floors":[4],"is_endless":false,"potions_floor_spawned":[3,5,7,19],"killed_by":"Collector","ascension_level":0}