{"gold_per_floor":[119,42,56,56,56,88,100,122,158,188,200,212,241,281,293,305],"floor_reached":16,"playtime":315,"items_purged":[],"score":270,"play_id":"4dba4869-06af-4d6d-b308-03c2c9ae2dce","local_time":"20190223225920","is_ascension_mode":true,"campfire_choices":[{"floor":7,"key":"REST"},{"floor":11,"key":"REST"},{"data":"Defragment","floor":15,"key":"SMITH"}],"neow_cost":"NONE","seed_source_timestamp":33852259071499,"circlet_count":0,"master_deck":["AscendersBane","Strike_B","Strike_B","Strike_B","Strike_B","Defend_B","Defend_B","Defend_B","Defend_B","Zap","Dualcast","Go for the Eyes","Defragment+1","Conserve Battery","Conserve Battery","Compile Driver"],"special_seed":0,"relics":["Cracked Core","NeowsBlessing","PreservedInsect","MawBank","Bag of Marbles","Sundial"],"potions_floor_usage":[16,16],"damage_taken":[{"damage":0.0,"enemies":"Jaw Worm","floor":1.0,"turns":1.0},{"damage":0.0,"enemies":"Cultist","floor":3.0,"turns":1.0},{"damage":0,"enemies":"3 Sentries","floor":6,"turns":1},{"damage":0,"enemies":"2 Louse","floor":8,"turns":3},{"damage":11,"enemies":"Red Slaver","floor":10,"turns":4},{"damage":4,"enemies":"2 Fungi Beasts","floor":13,"turns":4},{"damage":16,"enemies":"Lagavulin","floor":14,"turns":5},{"damage":33,"enemies":"Hexaghost","floor":16,"turns":7}],"seed_played":"-7325728946718224867","potions_obtained":[{"floor":3.0,"key":"FocusPotion"},{"floor":13,"key":"Fire Potion"}],"is_trial":false,"path_per_floor":["M","$","M","?","?","E","R","M","T","M","R","?","M","E","R","B"],"character_chosen":"DEFECT","items_purchased":["Defragment"],"campfire_rested":2,"item_purchase_floors":[2],"current_hp_per_floor":[64,64,64,19,19,19,40,40,40,29,50,50,46,30,30,0],"gold":305,"neow_bonus":"THREE_ENEMY_KILL","is_prod":false,"is_daily":false,"chose_seed":false,"campfire_upgraded":1,"win_rate":0,"timestamp":1550955560,"path_taken":["M","$","M","?","?","E","R","M","T","?","R","?","?","E","R","BOSS"],"build_version":"2019-01-23","purchased_purges":0,"victory":false,"max_hp_per_floor":[71,71,71,71,71,71,71,71,71,71,71,71,71,71,71,71],"card_choices":[{"not_picked":["Chill","Darkness"],"picked":"Go for the Eyes","floor":1.0},{"not_picked":["Go for the Eyes","Genetic Algorithm","Sweeping Beam"],"picked":"SKIP","floor":3.0},{"not_picked":["Aggregate","Sweeping Beam","Hologram"],"picked":"SKIP","floor":6},{"not_picked":["Reprogram","Auto Shields"],"picked":"Conserve Battery","floor":8},{"not_picked":["Compile Driver","Rainbow"],"picked":"Conserve Battery","floor":10},{"not_picked":["Go for the Eyes","Sweeping Beam"],"picked":"Compile Driver","floor":13},{"not_picked":["Fusion","Hologram","Heatsinks"],"picked":"SKIP","floor":14}],"player_experience":934493,"relics_obtained":[{"floor":6,"key":"MawBank"},{"floor":9,"key":"Bag of Marbles"},{"floor":14,"key":"Sundial"}],"event_choices":[{"damage_healed":0.0,"max_hp_gain":0.0,"max_hp_loss":0.0,"gold_gain":0.0,"event_name":"Scrap Ooze","player_choice":"Success","floor":4.0,"gold_loss":0.0,"damage_taken":45.0,"relics_obtained":["PreservedInsect"]},{"damage_healed":0,"gold_gain":0,"player_choice":"Ignored","damage_taken":0,"max_hp_gain":0,"max_hp_loss":0,"event_name":"Transmorgrifier","floor":5,"gold_loss":0},{"damage_healed":0,"gold_gain":0,"player_choice":"0 cards matched","damage_taken":0,"max_hp_gain":0,"max_hp_loss":0,"event_name":"Match and Keep!","floor":12,"gold_loss":0,"cards_obtained":[]}],"is_beta":false,"boss_relics":[],"items_purged_floors":[],"is_endless":false,"potions_floor_spawned":[3,13,14],"killed_by":"Hexaghost","ascension_level":20}