{"gold_per_floor":[115,115,134,152,166,200,213,213,239,256,269,194,194,144,144,240,240,254,254,267,280,132,158,175,186,210,210,210,244,118,218,218,218],"floor_reached":33,"playtime":8317,"items_purged":["Strike_R"],"score":314,"play_id":"8e41c3a8-625c-4bd9-a91f-327a8910fd16","local_time":"20190222055750","is_ascension_mode":false,"campfire_choices":[{"data":"Corruption","floor":8,"key":"SMITH"},{"data":"True Grit","floor":15,"key":"SMITH"},{"floor":28,"key":"REST"},{"floor":32,"key":"REST"}],"neow_cost":"NONE","seed_source_timestamp":475959422307833,"circlet_count":0,"master_deck":["Strike_R","Strike_R","Strike_R","Defend_R","Defend_R","Defend_R","Defend_R","Bash","Armaments","Headbutt","Flame Barrier","Corruption+1","Clash","Limit Break","True Grit+1","Demon Form+1","Shockwave","Sentinel","Thunderclap","Shrug It Off","Battle Trance","Heavy Blade","Body Slam+1"],"special_seed":0,"relics":["Burning Blood","NeowsBlessing","Gremlin Horn","Red Skull","Bronze Scales","Strawberry","Lizard Tail","PreservedInsect","Anchor","Bag of Marbles","Centennial Puzzle","Incense Burner","Mummified Hand"],"potions_floor_usage":[16,16,16,24,31,31,31,33],"damage_taken":[{"damage":0.0,"enemies":"Small Slimes","floor":1.0,"turns":1.0},{"damage":0.0,"enemies":"Cultist","floor":3.0,"turns":1.0},{"damage":0.0,"enemies":"2 Louse","floor":4.0,"turns":1.0},{"damage":0.0,"enemies":"Large Slime","floor":5.0,"turns":5.0},{"damage":41,"enemies":"3 Sentries","floor":6,"turns":12},{"damage":5,"enemies":"Looter","floor":7,"turns":3},{"damage":2,"enemies":"Blue Slaver","floor":10,"turns":4},{"damage":0,"enemies":"Exordium Wildlife","floor":11,"turns":2},{"damage":55,"enemies":"Slime Boss","floor":16,"turns":19},{"damage":21,"enemies":"Shell Parasite","floor":18,"turns":9},{"damage":46,"enemies":"Spheric Guardian","floor":20,"turns":8},{"damage":4,"enemies":"Centurion and Healer","floor":21,"turns":6},{"damage":23,"enemies":"Gremlin Leader","floor":23,"turns":5},{"damage":9,"enemies":"Sentry and Sphere","floor":24,"turns":5},{"damage":42,"enemies":"Chosen and Byrds","floor":25,"turns":10},{"damage":35,"enemies":"Book of Stabbing","floor":29,"turns":8},{"damage":5,"enemies":"Colosseum Slavers","floor":31,"turns":2},{"damage":20,"enemies":"Colosseum Nobs","floor":31,"turns":4},{"damage":56,"enemies":"Collector","floor":33,"turns":7}],"seed_played":"-5028569765592329211","potions_obtained":[{"floor":1.0,"key":"Ancient Potion"},{"floor":4.0,"key":"LiquidBronze"},{"floor":10,"key":"FearPotion"},{"floor":11,"key":"Block Potion"},{"floor":23,"key":"PowerPotion"},{"floor":25,"key":"SpeedPotion"},{"floor":29,"key":"Explosive Potion"},{"floor":31,"key":"BloodPotion"}],"is_trial":false,"path_per_floor":["M","?","M","M","M","E","M","R","T","M","M","$","?","?","R","B",null,"M","?","M","M","$","E","M","M","T","$","R","E","$","?","R","B"],"character_chosen":"IRONCLAD","items_purchased":["PreservedInsect","Regen Potion","Heavy Blade"],"campfire_rested":2,"item_purchase_floors":[22,30,30],"current_hp_per_floor":[80,80,80,80,80,45,46,46,46,50,56,56,60,60,60,11,87,72,72,32,34,34,17,14,25,25,25,51,22,22,14,40,0],"gold":218,"neow_bonus":"THREE_ENEMY_KILL","is_prod":false,"is_daily":false,"chose_seed":false,"campfire_upgraded":2,"win_rate":0,"timestamp":1550782670,"path_taken":["M","?","M","?","M","E","M","R","T","M","M","$","?","?","R","BOSS","M","?","M","M","$","E","M","M","T","?","R","E","$","?","R","BOSS"],"build_version":"2019-01-23","purchased_purges":1,"victory":false,"max_hp_per_floor":[80,80,80,80,80,80,80,80,80,80,80,80,87,87,87,87,87,87,87,87,87,87,87,87,87,87,87,87,87,87,87,87,87],"card_choices":[{"not_picked":["Sword Boomerang","Twin Strike"],"picked":"Armaments","floor":1.0},{"not_picked":["Twin Strike","Flex"],"picked":"Headbutt","floor":3.0},{"not_picked":["Seeing Red","Ghostly Armor"],"picked":"Flame Barrier","floor":4.0},{"not_picked":["Armaments","Havoc"],"picked":"Corruption","floor":5.0},{"not_picked":["Rampage","Sword Boomerang"],"picked":"Clash","floor":6},{"not_picked":["Clothesline","Dropkick"],"picked":"Limit Break","floor":7},{"not_picked":["Fire Breathing","Reckless Charge","Havoc"],"picked":"SKIP","floor":10},{"not_picked":["Sword Boomerang","Anger"],"picked":"True Grit","floor":11},{"not_picked":["Feed","Bludgeon"],"picked":"Demon Form","floor":16},{"not_picked":["Iron Wave","Armaments"],"picked":"Shockwave","floor":18},{"not_picked":["Thunderclap","Warcry+1"],"picked":"Sentinel","floor":20},{"not_picked":["Metallicize","Spot Weakness+1"],"picked":"Thunderclap","floor":21},{"not_picked":["Thunderclap","Seeing Red"],"picked":"Shrug It Off","floor":23},{"not_picked":["Headbutt","Perfected Strike","Wild Strike"],"picked":"SKIP","floor":24},{"not_picked":["Warcry","Demon Form","Fire Breathing"],"picked":"SKIP","floor":25},{"not_picked":["Rage","Flame Barrier"],"picked":"Battle Trance","floor":29},{"not_picked":["Headbutt+1","Intimidate"],"picked":"Body Slam+1","floor":31}],"player_experience":319932,"relics_obtained":[{"floor":6,"key":"Red Skull"},{"floor":9,"key":"Bronze Scales"},{"floor":23,"key":"Anchor"},{"floor":26,"key":"Bag of Marbles"},{"floor":29,"key":"Centennial Puzzle"},{"floor":31,"key":"Incense Burner"},{"floor":31,"key":"Mummified Hand"}],"event_choices":[{"damage_healed":0.0,"max_hp_gain":0.0,"max_hp_loss":0.0,"gold_gain":0.0,"event_name":"WeMeetAgain","player_choice":"Gave Potion","floor":2.0,"gold_loss":0.0,"damage_taken":0.0,"relics_obtained":["Gremlin Horn"]},{"damage_healed":0,"gold_gain":0,"player_choice":"Success","damage_taken":3,"relics_obtained":["Strawberry"],"max_hp_gain":0,"max_hp_loss":0,"event_name":"Scrap Ooze","floor":13,"gold_loss":0},{"cards_removed":["Strike_R"],"damage_healed":0,"gold_gain":0,"player_choice":"Card Removal","damage_taken":0,"max_hp_gain":0,"max_hp_loss":0,"event_name":"The Cleric","floor":14,"gold_loss":50},{"damage_healed":0,"gold_gain":0,"player_choice":"Forge","damage_taken":0,"max_hp_gain":0,"max_hp_loss":0,"event_name":"Accursed Blacksmith","floor":19,"gold_loss":0,"cards_upgraded":["Demon Form"]},{"damage_healed":0,"gold_gain":0,"player_choice":"Fight","damage_taken":0,"max_hp_gain":0,"max_hp_loss":0,"event_name":"Colosseum","floor":31,"gold_loss":0},{"damage_healed":0,"gold_gain":0,"player_choice":"Fought Nobs","damage_taken":0,"max_hp_gain":0,"max_hp_loss":0,"event_name":"Colosseum","floor":31,"gold_loss":0}],"is_beta":false,"boss_relics":[{"not_picked":["Philosopher\u0027s Stone","White Beast Statue"],"picked":"Lizard Tail"}],"items_purged_floors":[12],"is_endless":false,"potions_floor_spawned":[1,4,10,11,23,25,29,31,31],"killed_by":"Collector","ascension_level":0}