{"gold_per_floor":[115,132,132,151,169,197,162,174,174,201,216,227,255,273,273,378,378,360,377,377],"floor_reached":20,"playtime":2892,"items_purged":[],"score":200,"play_id":"cc0bf6f0-b9d0-45fc-bbe0-39e16e79a0ad","local_time":"20180704203702","is_ascension_mode":false,"campfire_choices":[{"floor":15,"key":"DIG"}],"neow_cost":"","seed_source_timestamp":2331085610352,"circlet_count":0,"master_deck":["Strike_B","Strike_B","Strike_B","Strike_B","Defend_B","Defend_B","Defend_B","Defend_B","Zap","Dualcast","White Noise","Loop","Conserve Battery","Leap","BootSequence","Melter","Reprogram","Cold Snap","Seek","Streamline","Biased Cognition","Ball Lightning"],"relics":["Cracked Core","Gambling Chip","Bottled Lightning","Letter Opener","Meat on the Bone","Shovel","Coffee Dripper"],"potions_floor_usage":[10,13,13,16],"damage_taken":[{"damage":0,"enemies":"Small Slimes","floor":1,"turns":4},{"damage":0,"enemies":"Cultist","floor":2,"turns":4},{"damage":0,"enemies":"2 Louse","floor":4,"turns":3},{"damage":10,"enemies":"Lots of Slimes","floor":5,"turns":6},{"damage":26,"enemies":"Gremlin Nob","floor":6,"turns":5},{"damage":7,"enemies":"Exordium Thugs","floor":8,"turns":5},{"damage":3,"enemies":"3 Sentries","floor":10,"turns":5},{"damage":7,"enemies":"Large Slime","floor":11,"turns":5},{"damage":0,"enemies":"2 Fungi Beasts","floor":12,"turns":2},{"damage":18,"enemies":"Gremlin Nob","floor":13,"turns":4},{"damage":0,"enemies":"3 Louse","floor":14,"turns":2},{"damage":35,"enemies":"Hexaghost","floor":16,"turns":10},{"damage":5,"enemies":"2 Thieves","floor":18,"turns":4},{"damage":0,"enemies":"3 Byrds","floor":19,"turns":3},{"damage":0,"enemies":"Centurion and Healer","floor":20,"turns":3}],"seed_played":"-8894650266613946815","potions_obtained":[{"floor":1,"key":"SteroidPotion"},{"floor":2,"key":"FearPotion"},{"floor":8,"key":"Fire Potion"},{"floor":13,"key":"Strength Potion"},{"floor":18,"key":"LiquidBronze"}],"is_trial":false,"path_per_floor":["M","M","?","M","M","E","?","M","T","E","M","M","E","M","R","B",null,"M","M"],"character_chosen":"DEFECT","items_purchased":[],"campfire_rested":0,"item_purchase_floors":[],"current_hp_per_floor":[75,75,75,75,65,39,57,50,50,54,54,54,48,48,48,25,75,75,75,75],"gold":377,"neow_bonus":"","is_prod":false,"is_daily":false,"chose_seed":false,"campfire_upgraded":0,"win_rate":0.0,"timestamp":1530729422,"path_taken":["M","M","?","M","?","E","?","M","T","E","M","M","E","M","R","BOSS","M","M","M"],"build_version":"2018-06-28","purchased_purges":0,"victory":false,"max_hp_per_floor":[75,75,75,75,75,75,75,75,75,75,75,75,75,75,75,75,75,75,75,75],"card_choices":[{"not_picked":["Redo","Chill"],"picked":"White Noise","floor":1},{"not_picked":["Beam Cell","Conserve Battery"],"picked":"Loop","floor":2},{"not_picked":["Auto Shields","Capacitor"],"picked":"Conserve Battery","floor":4},{"not_picked":["Sweeping Beam","Stack"],"picked":"Leap","floor":5},{"not_picked":["Storm","Creative AI"],"picked":"BootSequence","floor":6},{"not_picked":["Steam","Barrage"],"picked":"Melter","floor":8},{"not_picked":["Compile Driver","Loop"],"picked":"Reprogram","floor":10},{"not_picked":["Glacier","Ball Lightning"],"picked":"Cold Snap","floor":11},{"not_picked":["Sweeping Beam","Steam","Ball Lightning"],"picked":"SKIP","floor":12},{"not_picked":["Blizzard","Leap"],"picked":"Seek","floor":13},{"not_picked":["Go for the Eyes","Heatsinks"],"picked":"Streamline","floor":14},{"not_picked":["Thunder Strike","Electrodynamics"],"picked":"Biased Cognition","floor":16},{"not_picked":["Go for the Eyes+1","Redo"],"picked":"Ball Lightning","floor":18},{"not_picked":["Sweeping Beam+1","Reprogram","Streamline"],"picked":"SKIP","floor":19}],"player_experience":46829,"relics_obtained":[{"floor":6,"key":"Bottled Lightning"},{"floor":9,"key":"Letter Opener"},{"floor":10,"key":"Meat on the Bone"},{"floor":13,"key":"Shovel"}],"event_choices":[{"event_name":"Accursed Blacksmith","player_choice":"Rummage","floor":3,"damage_taken":0},{"event_name":"The Cleric","player_choice":"Healed","floor":7,"damage_taken":0}],"boss_relics":[{"not_picked":["Inserter","Empty Cage"],"picked":"Coffee Dripper"}],"items_purged_floors":[],"is_endless":false,"potions_floor_spawned":[1,2,8,13,18],"killed_by":"Centurion and Healer","ascension_level":0}