{"gold_per_floor":[119,119,135,149,324,324,96,118,154,166,188,262,291,359,371,383],"floor_reached":16,"playtime":1510,"items_purged":["Doubt"],"score":148,"play_id":"99b4a925-d9d3-4406-80f8-501b555153d8","local_time":"20180826115723","is_ascension_mode":true,"campfire_choices":[{"data":"Deadly Poison","floor":6,"key":"SMITH"},{"data":"Burst","floor":10,"key":"SMITH"},{"floor":15,"key":"REST"}],"neow_cost":"NONE","seed_source_timestamp":0,"circlet_count":0,"master_deck":["Defend_G","Defend_G","Defend_G","Defend_G","Defend_G","Strike_G","Strike_G","Strike_G","Strike_G","Survivor","Neutralize","Crippling Poison","Deadly Poison+1","Deadly Poison","Burst+1","PiercingWail","Caltrops"],"special_seed":0,"relics":["Ring of the Snake","Art of War","MawBank","Pen Nib","Tiny Chest","Juzu Bracelet"],"potions_floor_usage":[12,16,16],"damage_taken":[{"damage":0,"enemies":"Small Slimes","floor":1,"turns":3},{"damage":0,"enemies":"2 Louse","floor":3,"turns":3},{"damage":0,"enemies":"Cultist","floor":4,"turns":4},{"damage":1,"enemies":"Exordium Wildlife","floor":8,"turns":4},{"damage":0,"enemies":"Blue Slaver","floor":11,"turns":4},{"damage":24,"enemies":"Gremlin Nob","floor":12,"turns":4},{"damage":3,"enemies":"Large Slime","floor":13,"turns":5},{"damage":18,"enemies":"3 Sentries","floor":14,"turns":9},{"damage":39,"enemies":"Slime Boss","floor":16,"turns":8}],"seed_played":"-5880743840915059967","potions_obtained":[{"floor":3,"key":"AttackPotion"},{"floor":4,"key":"Dexterity Potion"},{"floor":13,"key":"PowerPotion"},{"floor":14,"key":"SmokeBomb"}],"is_trial":false,"path_per_floor":["M","?","M","M","?","R","$","M","T","R","M","E","M","?","R"],"character_chosen":"THE_SILENT","items_purchased":["MawBank"],"campfire_rested":1,"item_purchase_floors":[7],"current_hp_per_floor":[63,63,63,63,63,63,63,62,62,62,62,38,35,17,38,0],"gold":383,"neow_bonus":"RANDOM_COMMON_RELIC","is_prod":false,"is_daily":false,"chose_seed":false,"campfire_upgraded":2,"win_rate":0,"timestamp":1535277443,"path_taken":["M","?","M","M","?","R","?","M","T","R","?","E","M","?","R","BOSS"],"build_version":"2018-08-23v2","purchased_purges":1,"victory":false,"max_hp_per_floor":[70,70,70,70,70,70,70,70,70,70,70,70,70,70,70,70],"card_choices":[{"not_picked":["PiercingWail","Calculated Gamble"],"picked":"Crippling Poison","floor":1},{"not_picked":["Flying Knee","Dagger Spray"],"picked":"Deadly Poison","floor":3},{"not_picked":["Backflip","Slice"],"picked":"Deadly Poison","floor":4},{"not_picked":["Dodge and Roll","Prepared"],"picked":"Burst","floor":8},{"not_picked":["Well Laid Plans","Reflex","Cloak And Dagger"],"picked":"SKIP","floor":11},{"not_picked":["Prepared","Storm of Steel","Bane"],"picked":"SKIP","floor":12},{"not_picked":["Accuracy","Dagger Spray"],"picked":"PiercingWail","floor":13},{"not_picked":["Deadly Poison","Flying Knee"],"picked":"Caltrops","floor":14}],"player_experience":341700,"relics_obtained":[{"floor":9,"key":"Pen Nib"},{"floor":12,"key":"Tiny Chest"},{"floor":14,"key":"Juzu Bracelet"}],"event_choices":[{"event_name":"Living Wall","player_choice":"Forget","floor":2,"damage_taken":0},{"event_name":"Liars Game","player_choice":"agreed","floor":5,"damage_taken":0},{"event_name":"Dead Adventurer","player_choice":"Searched \u00271\u0027 times","floor":14,"damage_taken":0}],"is_beta":false,"boss_relics":[],"items_purged_floors":[7],"is_endless":false,"potions_floor_spawned":[3,4,13,14],"killed_by":"Slime Boss","ascension_level":9}