{"gold_per_floor":[110,110,124,274,288,288,315,375,401,401,426,441,222,234,234,234],"floor_reached":16,"playtime":349,"items_purged":["Strike_B"],"score":193,"play_id":"aae5a283-2894-4544-9bad-7665493f456d","local_time":"20190221171150","is_ascension_mode":true,"campfire_choices":[{"data":"Sunder","floor":6,"key":"SMITH"},{"data":"Defragment","floor":15,"key":"SMITH"}],"neow_cost":"NONE","seed_source_timestamp":766904930448077,"circlet_count":0,"master_deck":["AscendersBane","Strike_B+1","Strike_B+1","Defend_B","Defend_B","Defend_B","Defend_B","Zap","Dualcast","Capacitor","Sunder+1","Doubt","Rip and Tear","Coolheaded","Doom and Gloom","Defragment+1","Glacier","Loop","Cold Snap"],"special_seed":0,"relics":["Cracked Core","Orichalcum","Lantern","Happy Flower","Dream Catcher"],"potions_floor_usage":[],"damage_taken":[{"damage":0,"enemies":"Small Slimes","floor":1,"turns":2},{"damage":7,"enemies":"Jaw Worm","floor":3,"turns":3},{"damage":0,"enemies":"2 Louse","floor":5,"turns":2},{"damage":12,"enemies":"Gremlin Nob","floor":7,"turns":4},{"damage":14,"enemies":"3 Sentries","floor":11,"turns":7},{"damage":0,"enemies":"2 Fungi Beasts","floor":12,"turns":2},{"damage":3,"enemies":"Gremlin Gang","floor":14,"turns":3},{"damage":28,"enemies":"Slime Boss","floor":16,"turns":3}],"seed_played":"2500195679208701863","potions_obtained":[{"floor":3,"key":"Swift Potion"},{"floor":5,"key":"Ancient Potion"},{"floor":12,"key":"Regen Potion"}],"is_trial":false,"path_per_floor":["M","?","M","?","M","R","E","?","T","?","E","M","$","M","R","B"],"character_chosen":"DEFECT","items_purchased":["Glacier","Loop"],"campfire_rested":0,"item_purchase_floors":[13,13],"current_hp_per_floor":[64,43,36,36,36,36,24,24,24,24,10,10,10,7,7,0],"gold":234,"neow_bonus":"RANDOM_COMMON_RELIC","is_prod":false,"is_daily":false,"chose_seed":false,"campfire_upgraded":2,"win_rate":0,"timestamp":1550790710,"path_taken":["M","?","M","?","M","R","E","?","T","?","E","M","$","M","R","BOSS"],"build_version":"2019-01-23","purchased_purges":1,"victory":false,"max_hp_per_floor":[71,71,71,71,71,71,71,71,71,71,71,71,71,71,71,71],"card_choices":[{"not_picked":["Steam","Scrape"],"picked":"Capacitor","floor":1},{"not_picked":["Auto Shields","Turbo"],"picked":"Sunder","floor":3},{"not_picked":["Hologram","Skim"],"picked":"Rip and Tear","floor":5},{"not_picked":["Sunder","Steam"],"picked":"Coolheaded","floor":7},{"not_picked":["Thunder Strike","Reinforced Body"],"picked":"Doom and Gloom","floor":11},{"not_picked":["Steam","Beam Cell"],"picked":"Defragment","floor":12},{"not_picked":["Gash","Coolheaded"],"picked":"Cold Snap","floor":14}],"player_experience":198540,"relics_obtained":[{"floor":7,"key":"Lantern"},{"floor":9,"key":"Happy Flower"},{"floor":11,"key":"Dream Catcher"}],"event_choices":[{"damage_healed":0,"gold_gain":0,"player_choice":"Entered Light","damage_taken":21,"max_hp_gain":0,"max_hp_loss":0,"event_name":"Shining Light","floor":2,"gold_loss":0,"cards_upgraded":["Strike_B","Strike_B"]},{"damage_healed":0,"gold_gain":150,"player_choice":"AGREE","damage_taken":0,"max_hp_gain":0,"max_hp_loss":0,"event_name":"Liars Game","floor":4,"gold_loss":0,"cards_obtained":["Doubt"]},{"damage_healed":0,"gold_gain":60,"player_choice":"Gained Gold","damage_taken":0,"max_hp_gain":0,"max_hp_loss":0,"event_name":"Golden Wing","floor":8,"gold_loss":0},{"cards_removed":["Strike_B"],"damage_healed":0,"gold_gain":0,"player_choice":"Offered Basic","damage_taken":0,"max_hp_gain":0,"max_hp_loss":0,"event_name":"Bonfire Elementals","floor":10,"gold_loss":0}],"is_beta":false,"boss_relics":[],"items_purged_floors":[13],"is_endless":false,"potions_floor_spawned":[3,5,11,12],"killed_by":"Slime Boss","ascension_level":15}