{"gold_per_floor":[117,137,149,149,149,149,13,42,42,42,117,117,128,138,138,235,235,251,201,212,224,224,55,82,82,82,82,101,113,113,127,127,226,226,245,245,145,155,430,459,459,478,503,516,221,221,221,97,97,97,97,97,47,72,72],"floor_reached":55,"playtime":1651,"items_purged":["Pain","Doubt","Pain","Writhe","Regret"],"score":815,"play_id":"2a3248e5-998e-4fae-a6f3-a78f5af26590","local_time":"20190223181031","is_ascension_mode":false,"campfire_choices":[{"data":"Zap","floor":6,"key":"SMITH"},{"data":"Electrodynamics","floor":10,"key":"SMITH"},{"floor":15,"key":"RECALL"},{"data":"Defragment","floor":25,"key":"SMITH"},{"data":"Hologram","floor":30,"key":"SMITH"},{"data":"Seek","floor":32,"key":"SMITH"},{"data":"Blizzard","floor":41,"key":"SMITH"},{"floor":47,"key":"REST"},{"floor":49,"key":"REST"},{"data":"Coolheaded","floor":52,"key":"SMITH"}],"neow_cost":"NONE","seed_source_timestamp":257659702240600,"circlet_count":0,"master_deck":["Strike_B","Strike_B","Strike_B","Defend_B","Defend_B","Defend_B","Defend_B","Zap+1","Dualcast","Ball Lightning","Cold Snap","Electrodynamics+1","Conserve Battery","Self Repair","Ball Lightning","Seek+1","Coolheaded","Coolheaded","Coolheaded+1","Defragment+1","Cold Snap","Core Surge","Hologram+1","Blizzard+1","Cold Snap","Consume+1","Echo Form","Loop+1","Coolheaded+1","Ball Lightning","Echo Form","Parasite","Ball Lightning+1","White Noise","Defragment+1","White Noise","Blizzard"],"relics":["Cracked Core","Darkstone Periapt","Turnip","Cursed Key","Sundial","Boot","Bottled Flame","Prayer Wheel","Sozu","Smiling Mask","Orichalcum","Pear","Blood Vial"],"potions_floor_usage":[24,24,24,33,50],"damage_taken":[{"damage":3,"enemies":"Jaw Worm","floor":1,"turns":4},{"damage":0,"enemies":"2 Louse","floor":2,"turns":2},{"damage":0,"enemies":"Cultist","floor":3,"turns":3},{"damage":11,"enemies":"3 Sentries","floor":8,"turns":3},{"damage":1,"enemies":"3 Louse","floor":13,"turns":2},{"damage":6,"enemies":"Exordium Thugs","floor":14,"turns":4},{"damage":25,"enemies":"The Guardian","floor":16,"turns":9},{"damage":0,"enemies":"3 Byrds","floor":18,"turns":2},{"damage":5,"enemies":"Shell Parasite","floor":20,"turns":6},{"damage":16,"enemies":"Shelled Parasite and Fungi","floor":21,"turns":6},{"damage":19,"enemies":"Slavers","floor":24,"turns":2},{"damage":0,"enemies":"3 Cultists","floor":28,"turns":3},{"damage":18,"enemies":"Snake Plant","floor":29,"turns":4},{"damage":20,"enemies":"Centurion and Healer","floor":31,"turns":3},{"damage":60,"enemies":"Champ","floor":33,"turns":13},{"damage":10,"enemies":"Orb Walker","floor":35,"turns":4},{"damage":11,"enemies":"3 Darklings","floor":38,"turns":3},{"damage":20,"enemies":"Reptomancer","floor":40,"turns":6},{"damage":44,"enemies":"Transient","floor":42,"turns":5},{"damage":20,"enemies":"Writhing Mass","floor":44,"turns":6},{"damage":76,"enemies":"Awakened One","floor":50,"turns":14},{"damage":36,"enemies":"Shield and Spear","floor":54,"turns":5},{"damage":109,"enemies":"The Heart","floor":55,"turns":5}],"seed_played":"-6672720510626270753","potions_obtained":[{"floor":8,"key":"EntropicBrew"},{"floor":12,"key":"FairyPotion"},{"floor":12,"key":"Dexterity Potion"},{"floor":21,"key":"PowerPotion"},{"floor":31,"key":"Explosive Potion"}],"is_trial":false,"path_per_floor":["M","M","M","?","?","R","$","E","T","R","?","?","M","M","R","B",null,"M","?","M","M","T","$","E","R","T","T","M","M","R","M","R","B",null,"M","?","$","M","?","E","R","M","T","M","$","?","R","$","R","B",null,"R","$","E","B"],"character_chosen":"DEFECT","items_purchased":["Electrodynamics","Defragment","Cold Snap","Pear","White Noise"],"campfire_rested":2,"item_purchase_floors":[7,23,23,45,48],"current_hp_per_floor":[72,72,72,60,65,65,65,54,54,54,43,43,42,43,43,25,80,80,80,80,71,77,77,58,58,64,70,77,66,66,53,53,16,98,98,98,98,87,93,80,80,43,49,35,45,45,82,82,119,57,126,126,126,104,0],"gold":72,"neow_bonus":"REMOVE_CARD","is_prod":false,"is_daily":false,"chose_seed":false,"campfire_upgraded":7,"win_rate":0,"timestamp":1550905831,"path_taken":["M","M","M","?","?","R","$","E","T","R","?","?","?","M","R","BOSS","M","?","?","M","?","?","E","R","T","?","M","?","R","M","R","BOSS","M","?","$","?","?","E","R","M","T","M","?","?","R","$","R","BOSS","R","$","E","BOSS"],"build_version":"2019-01-23","purchased_purges":5,"victory":false,"max_hp_per_floor":[75,75,75,75,80,80,80,80,80,80,80,80,80,80,80,80,80,80,80,80,80,86,86,86,86,92,98,98,98,98,98,98,98,98,98,98,98,98,104,104,104,104,110,116,126,126,126,126,126,126,126,126,126,126,126],"card_choices":[{"not_picked":["Sweeping Beam","Turbo","Sunder"],"picked":"SKIP","floor":1},{"not_picked":["Doom and Gloom","Force Field"],"picked":"Ball Lightning","floor":2},{"not_picked":["Rebound","Ball Lightning"],"picked":"Cold Snap","floor":3},{"not_picked":["All For One","Heatsinks"],"picked":"Conserve Battery","floor":8},{"not_picked":["Barrage","Fusion"],"picked":"Self Repair","floor":13},{"not_picked":["Beam Cell","Stack"],"picked":"Ball Lightning","floor":14},{"not_picked":["Fission","Machine Learning"],"picked":"Seek","floor":16},{"not_picked":["Steam","Beam Cell"],"picked":"Coolheaded","floor":18},{"not_picked":["Genetic Algorithm","Steam"],"picked":"Coolheaded","floor":20},{"not_picked":["Beam Cell","Reinforced Body"],"picked":"Coolheaded","floor":21},{"not_picked":["Reprogram","Turbo+1"],"picked":"Core Surge","floor":24},{"not_picked":["Go for the Eyes","Barrage+1"],"picked":"Hologram","floor":28},{"not_picked":["Streamline","Go for the Eyes","Stack"],"picked":"SKIP","floor":28},{"not_picked":["Lockon","Stack"],"picked":"Blizzard","floor":29},{"not_picked":["Melter+1","Beam Cell","Undo"],"picked":"SKIP","floor":29},{"not_picked":["Darkness+1","Hologram"],"picked":"Cold Snap","floor":31},{"not_picked":["Sweeping Beam","Cold Snap"],"picked":"Consume","floor":31},{"not_picked":["Seek","Hyperbeam"],"picked":"Echo Form","floor":33},{"not_picked":["Sweeping Beam+1","Hologram"],"picked":"Loop+1","floor":35},{"not_picked":["Sunder+1","Reinforced Body","Barrage"],"picked":"SKIP","floor":35},{"not_picked":["Stack+1","Leap"],"picked":"Coolheaded+1","floor":38},{"not_picked":["Stack+1","Self Repair+1","Heatsinks+1"],"picked":"SKIP","floor":38},{"not_picked":["Coolheaded+1","Redo"],"picked":"Ball Lightning","floor":40},{"not_picked":["Recycle+1","Rip and Tear"],"picked":"Echo Form","floor":42},{"not_picked":["Turbo+1","Compile Driver+1","Sweeping Beam+1"],"picked":"SKIP","floor":42},{"not_picked":["Sunder","Conserve Battery"],"picked":"Ball Lightning+1","floor":44},{"not_picked":["Gash","Hologram+1"],"picked":"White Noise","floor":44},{"not_picked":["Steam+1","Reprogram+1"],"picked":"Blizzard","floor":54}],"player_experience":390705,"relics_obtained":[{"floor":8,"key":"Turnip"},{"floor":22,"key":"Sundial"},{"floor":24,"key":"Boot"},{"floor":26,"key":"Bottled Flame"},{"floor":27,"key":"Prayer Wheel"},{"floor":40,"key":"Smiling Mask"},{"floor":43,"key":"Orichalcum"},{"floor":54,"key":"Blood Vial"}],"event_choices":[{"damage_healed":0,"gold_gain":0,"player_choice":"Success","damage_taken":12,"relics_obtained":["Darkstone Periapt"],"max_hp_gain":0,"max_hp_loss":0,"event_name":"Scrap Ooze","floor":4,"gold_loss":0},{"damage_healed":0,"gold_gain":0,"player_choice":"Donut","damage_taken":0,"max_hp_gain":5,"max_hp_loss":0,"event_name":"Big Fish","floor":5,"gold_loss":0},{"damage_healed":0,"gold_gain":75,"player_choice":"Gather Gold","damage_taken":11,"max_hp_gain":0,"max_hp_loss":0,"event_name":"World of Goop","floor":11,"gold_loss":0},{"damage_healed":0,"gold_gain":0,"player_choice":"Got Potions","damage_taken":0,"max_hp_gain":0,"max_hp_loss":0,"event_name":"Lab","floor":12,"gold_loss":0},{"damage_healed":0,"gold_gain":0,"player_choice":"Bet on Owner","damage_taken":0,"max_hp_gain":0,"max_hp_loss":0,"event_name":"The Joust","floor":19,"gold_loss":50},{"damage_healed":0,"gold_gain":0,"player_choice":"Upgraded","damage_taken":0,"max_hp_gain":0,"max_hp_loss":0,"event_name":"Upgrade Shrine","floor":36,"gold_loss":0,"cards_upgraded":["Consume"]},{"damage_healed":0,"gold_gain":275,"player_choice":"Desecrate","damage_taken":0,"max_hp_gain":0,"max_hp_loss":0,"event_name":"Golden Shrine","floor":39,"gold_loss":0,"cards_obtained":["Regret"]},{"damage_healed":0,"gold_gain":0,"player_choice":"Copied","damage_taken":0,"max_hp_gain":0,"max_hp_loss":0,"event_name":"Duplicator","floor":46,"gold_loss":0,"cards_obtained":["Defragment"]}],"is_beta":false,"boss_relics":[{"not_picked":["Pandora\u0027s Box","Busted Crown"],"picked":"Cursed Key"},{"not_picked":["Eternal Feather","Runic Dome"],"picked":"Sozu"}],"items_purged_floors":[23,37,45,48,53],"is_endless":false,"potions_floor_spawned":[8,14,20,21,31,38,42],"killed_by":"The Heart","ascension_level":0}