{"gold_per_floor":[116,96,96,114,133,159,159,171,183,195,262,274,304,316,328,418,430,456,484,516,528,0,0,33,46,70,82,93,93,112,129,129,204,204,222,222,242,0,13,13,30,30,30,30,30,45,73,92,92,92,92,92,13,44,44],"floor_reached":55,"playtime":2920,"items_purged":[],"score":1199,"play_id":"b33483ea-5571-4855-aef5-9a18c3ca7871","local_time":"20190223000137","is_ascension_mode":true,"campfire_choices":[{"data":"Zap","floor":8,"key":"SMITH"},{"floor":12,"key":"REST"},{"data":"Rip and Tear","floor":15,"key":"SMITH"},{"floor":23,"key":"REST"},{"floor":29,"key":"REST"},{"floor":32,"key":"REST"},{"floor":40,"key":"REST"},{"floor":42,"key":"RECALL"},{"floor":45,"key":"REST"},{"floor":49,"key":"REST"},{"floor":52,"key":"REST"}],"neow_cost":"NONE","seed_source_timestamp":687519974454850,"circlet_count":0,"master_deck":["AscendersBane","Strike_B","Strike_B","Defend_B","Defend_B","Defend_B","Zap+1","Dualcast","Cold Snap","Steam","Rip and Tear+1","Conserve Battery","Leap","Conserve Battery","Machine Learning","Cold Snap","Ball Lightning","Coolheaded","Machine Learning","Self Repair","Leap","Heatsinks","Glacier","Echo Form","Ball Lightning+1","Barrage","Buffer"],"relics":["Cracked Core","Regal Pillow","The Courier","MawBank","Mercury Hourglass","Mango","CultistMask","Inserter","Matryoshka","ClockworkSouvenir","Pen Nib","Singing Bowl","DataDisk","Dodecahedron","Fusion Hammer","Red Mask","Potion Belt","Mummified Hand","Gremlin Horn"],"potions_floor_usage":[20,24,27,28,33,50,55,55,55,55],"damage_taken":[{"damage":2,"enemies":"Jaw Worm","floor":1,"turns":3},{"damage":0,"enemies":"Cultist","floor":4,"turns":4},{"damage":0,"enemies":"Small Slimes","floor":5,"turns":3},{"damage":25,"enemies":"Gremlin Nob","floor":6,"turns":4},{"damage":28,"enemies":"Gremlin Nob","floor":11,"turns":4},{"damage":0,"enemies":"2 Fungi Beasts","floor":13,"turns":2},{"damage":33,"enemies":"Slime Boss","floor":16,"turns":11},{"damage":9,"enemies":"Spheric Guardian","floor":18,"turns":4},{"damage":27,"enemies":"3 Byrds","floor":19,"turns":4},{"damage":19,"enemies":"Centurion and Healer","floor":20,"turns":8},{"damage":20,"enemies":"Book of Stabbing","floor":24,"turns":6},{"damage":11,"enemies":"Shelled Parasite and Fungi","floor":25,"turns":6},{"damage":19,"enemies":"Snake Plant","floor":27,"turns":4},{"damage":2,"enemies":"Snecko","floor":28,"turns":5},{"damage":14,"enemies":"Centurion and Healer","floor":30,"turns":7},{"damage":13,"enemies":"Sentry and Sphere","floor":31,"turns":5},{"damage":58,"enemies":"Collector","floor":33,"turns":16},{"damage":22,"enemies":"3 Shapes","floor":35,"turns":4},{"damage":27,"enemies":"3 Darklings","floor":37,"turns":6},{"damage":2,"enemies":"Maw","floor":39,"turns":7},{"damage":26,"enemies":"Transient","floor":41,"turns":5},{"damage":34,"enemies":"4 Shapes","floor":46,"turns":4},{"damage":89,"enemies":"Giant Head","floor":47,"turns":10},{"damage":3,"enemies":"Spire Growth","floor":48,"turns":5},{"damage":60,"enemies":"Donu and Deca","floor":50,"turns":12},{"damage":80,"enemies":"Shield and Spear","floor":54,"turns":10},{"damage":56,"enemies":"The Heart","floor":55,"turns":5}],"seed_played":"-3742268661770133595","potions_obtained":[{"floor":2,"key":"FairyPotion"},{"floor":4,"key":"Energy Potion"},{"floor":18,"key":"Block Potion"},{"floor":24,"key":"Poison Potion"},{"floor":27,"key":"Fire Potion"},{"floor":31,"key":"Energy Potion"},{"floor":35,"key":"GamblersBrew"},{"floor":47,"key":"SpeedPotion"},{"floor":48,"key":"SkillPotion"}],"is_trial":false,"path_per_floor":["M","?","$","M","M","E","T","R","T","?","?","R","M","?","R","B",null,"M","M","M","?","$","R","E","M","T","M","M","R","M","M","R","B",null,"M","?","M","?","M","R","M","R","T","?","R","M","E","M","R","B",null,"R","$","E","B"],"character_chosen":"DEFECT","items_purchased":["Matryoshka","ClockworkSouvenir","FocusPotion","Pen Nib","Dexterity Potion","Weak Potion"],"campfire_rested":8,"item_purchase_floors":[22,22,22,22,53,53],"current_hp_per_floor":[62,62,62,62,62,37,37,37,37,30,16,56,56,56,56,23,70,61,34,15,15,15,55,37,26,26,14,19,60,53,49,89,38,76,56,56,45,45,50,92,75,75,75,75,95,63,18,29,73,20,79,99,99,28,0],"gold":44,"neow_bonus":"RANDOM_COMMON_RELIC","is_prod":false,"is_daily":false,"chose_seed":false,"campfire_upgraded":2,"win_rate":0,"timestamp":1550901697,"path_taken":["M","?","?","M","M","E","?","R","T","?","?","R","?","?","R","BOSS","M","M","M","?","$","R","E","M","T","M","M","R","M","M","R","BOSS","M","?","M","?","M","R","M","R","T","?","R","M","E","M","R","BOSS","R","$","E","BOSS"],"build_version":"2019-01-23","purchased_purges":0,"victory":false,"max_hp_per_floor":[71,71,71,71,71,71,71,71,71,71,85,85,85,85,85,85,85,85,85,85,85,85,85,87,87,87,87,87,87,87,89,89,89,89,91,91,93,93,93,93,95,95,95,95,95,97,99,99,99,99,99,99,99,101,101],"card_choices":[{"not_picked":["Ball Lightning","Stack"],"picked":"Cold Snap","floor":1},{"not_picked":["Hologram","Stack"],"picked":"Steam","floor":4},{"not_picked":["Gash","All For One"],"picked":"Rip and Tear","floor":5},{"not_picked":["Skim","Sunder"],"picked":"Conserve Battery","floor":6},{"not_picked":["Sweeping Beam","Streamline"],"picked":"Leap","floor":11},{"not_picked":["Reboot","Compile Driver"],"picked":"Conserve Battery","floor":13},{"not_picked":["Meteor Strike","Thunder Strike"],"picked":"Machine Learning","floor":16},{"not_picked":["Sweeping Beam","BootSequence"],"picked":"Cold Snap","floor":18},{"not_picked":["Go for the Eyes","Stack"],"picked":"Ball Lightning","floor":19},{"not_picked":["Undo","Auto Shields+1"],"picked":"Coolheaded","floor":20},{"not_picked":["Redo+1","Hello World","Scrape"],"picked":"Singing Bowl","floor":24},{"not_picked":["Steam","All For One"],"picked":"Self Repair","floor":25},{"not_picked":["Reinforced Body","Stack"],"picked":"Leap","floor":27},{"not_picked":["Go for the Eyes","Hologram"],"picked":"Heatsinks","floor":28},{"not_picked":["Conserve Battery","Turbo+1"],"picked":"Glacier","floor":30},{"not_picked":["Skim","Cold Snap","Stack"],"picked":"Singing Bowl","floor":31},{"not_picked":["Meteor Strike","Buffer"],"picked":"Echo Form","floor":33},{"not_picked":["Sweeping Beam","Hologram","Rebound+1"],"picked":"Singing Bowl","floor":35},{"not_picked":["Barrage","Auto Shields+1","Compile Driver"],"picked":"Singing Bowl","floor":37},{"not_picked":["Rebound","Capacitor+1"],"picked":"Ball Lightning+1","floor":39},{"not_picked":["Sunder","Reprogram","Barrage"],"picked":"Singing Bowl","floor":41},{"not_picked":["Hologram","Melter","Streamline"],"picked":"Singing Bowl","floor":46},{"not_picked":["Heatsinks","Hologram","Leap"],"picked":"Singing Bowl","floor":47},{"not_picked":["Ball Lightning","Rebound+1"],"picked":"Buffer","floor":48},{"not_picked":["Coolheaded","Undo","Beam Cell+1"],"picked":"Singing Bowl","floor":54}],"player_experience":586895,"relics_obtained":[{"floor":6,"key":"The Courier"},{"floor":7,"key":"MawBank"},{"floor":9,"key":"Mercury Hourglass"},{"floor":11,"key":"Mango"},{"floor":24,"key":"Singing Bowl"},{"floor":26,"key":"DataDisk"},{"floor":26,"key":"Dodecahedron"},{"floor":43,"key":"Potion Belt"},{"floor":47,"key":"Mummified Hand"},{"floor":54,"key":"Gremlin Horn"}],"event_choices":[{"damage_healed":0,"gold_gain":0,"player_choice":"Bought 1 Potion","damage_taken":0,"max_hp_gain":0,"max_hp_loss":0,"event_name":"The Woman in Blue","floor":2,"gold_loss":0},{"cards_removed":["Strike_B"],"damage_healed":0,"gold_gain":0,"player_choice":"Card Removal","damage_taken":7,"max_hp_gain":0,"max_hp_loss":0,"event_name":"Golden Wing","floor":10,"gold_loss":0},{"damage_healed":0,"gold_gain":0,"player_choice":"Searched \u00271\u0027 times","damage_taken":0,"max_hp_gain":0,"max_hp_loss":0,"event_name":"Dead Adventurer","floor":11,"gold_loss":0},{"damage_healed":0,"gold_gain":0,"player_choice":"Trade","damage_taken":0,"relics_obtained":["CultistMask"],"max_hp_gain":0,"max_hp_loss":0,"event_name":"FaceTrader","floor":14,"gold_loss":0},{"damage_healed":0,"gold_gain":0,"player_choice":"Read","damage_taken":0,"max_hp_gain":0,"max_hp_loss":0,"event_name":"The Library","floor":21,"gold_loss":0,"cards_obtained":["Machine Learning"]},{"cards_removed":["Defend_B"],"damage_healed":0,"gold_gain":0,"player_choice":"Removed Skill","damage_taken":0,"max_hp_gain":0,"max_hp_loss":0,"event_name":"Falling","floor":36,"gold_loss":0},{"damage_healed":0,"gold_gain":0,"player_choice":"Paid","damage_taken":0,"relics_obtained":["Red Mask"],"max_hp_gain":0,"max_hp_loss":0,"event_name":"Tomb of Lord Red Mask","floor":38,"gold_loss":242},{"damage_healed":0,"gold_gain":0,"cards_transformed":["Strike_B"],"player_choice":"Transformed","damage_taken":0,"max_hp_gain":0,"max_hp_loss":0,"event_name":"Transmorgrifier","floor":44,"gold_loss":0,"cards_obtained":["Barrage"]}],"is_beta":false,"boss_relics":[{"not_picked":["Black Star","Pandora\u0027s Box"],"picked":"Inserter"},{"not_picked":["Velvet Choker","Nuclear Battery"],"picked":"Fusion Hammer"}],"items_purged_floors":[],"is_endless":false,"potions_floor_spawned":[4,5,18,24,27,31,35,47,48],"killed_by":"The Heart","ascension_level":15}