{"gold_per_floor":[110,128,142,142,158,158,158,175,175,140,140,175,250,261,261,359,359,373,145,159,177,192,192,223,223,246,246,259,274,474,474,474,569,569,589,589,589,609,625,625,659,713,713,769,375,375,49,49,49,49],"floor_reached":51,"playtime":4873,"items_purged":["Havoc+1","Strike_R","Defend_R"],"score":1113,"play_id":"c99cfce6-f521-4be0-b895-d3b098b247d5","local_time":"20180915131812","is_ascension_mode":true,"campfire_choices":[{"data":"Havoc","floor":6.0,"key":"SMITH"},{"data":"Uppercut","floor":11,"key":"SMITH"},{"floor":15,"key":"REST"},{"data":"Bludgeon","floor":23,"key":"SMITH"},{"floor":25,"key":"REST"},{"data":"Flame Barrier","floor":27,"key":"SMITH"},{"floor":32,"key":"REST"},{"data":"Uppercut","floor":40,"key":"SMITH"},{"data":"Metallicize","floor":49,"key":"SMITH"}],"neow_cost":"NONE","seed_source_timestamp":0,"circlet_count":0,"master_deck":["Strike_R+1","Strike_R+1","Defend_R","Defend_R","Bash","Heavy Blade","Uppercut+1","Ghostly Armor","Metallicize+1","Bludgeon+1","Flame Barrier+1","Barricade","Dropkick+1","Uppercut+1","Carnage+1","Apotheosis"],"special_seed":0,"relics":["Empty Cage","Paper Frog","Self Forming Clay","Snecko Eye","Omamori","Bottled Flame","Strawberry","MutagenicStrength","Cursed Key","Thread and Needle","Juzu Bracelet","Bird Faced Urn","Magic Flower","Tiny Chest","Mango","ClockworkSouvenir"],"potions_floor_usage":[12,21,22,24,24,36,41,50],"damage_taken":[{"damage":4.0,"enemies":"Jaw Worm","floor":1.0,"turns":6.0},{"damage":5.0,"enemies":"2 Louse","floor":2.0,"turns":8.0},{"damage":5.0,"enemies":"Small Slimes","floor":3.0,"turns":3.0},{"damage":7.0,"enemies":"3 Louse","floor":5.0,"turns":5.0},{"damage":11.0,"enemies":"Exordium Wildlife","floor":8.0,"turns":5.0},{"damage":35,"enemies":"3 Sentries","floor":12,"turns":7},{"damage":1,"enemies":"Exordium Thugs","floor":14,"turns":4},{"damage":20,"enemies":"The Guardian","floor":16,"turns":12},{"damage":7,"enemies":"Shell Parasite","floor":18,"turns":4},{"damage":0,"enemies":"Spheric Guardian","floor":20,"turns":3},{"damage":23,"enemies":"Shelled Parasite and Fungi","floor":21,"turns":4},{"damage":0,"enemies":"Centurion and Healer","floor":22,"turns":2},{"damage":30,"enemies":"Book of Stabbing","floor":24,"turns":5},{"damage":0,"enemies":"Sentry and Sphere","floor":28,"turns":3},{"damage":13,"enemies":"3 Cultists","floor":29,"turns":5},{"damage":31,"enemies":"Collector","floor":33,"turns":9},{"damage":0,"enemies":"3 Darklings","floor":35,"turns":4},{"damage":4,"enemies":"Mind Bloom Boss Battle","floor":36,"turns":6},{"damage":2,"enemies":"Orb Walker","floor":38,"turns":3},{"damage":0,"enemies":"Sphere and 2 Shapes","floor":39,"turns":4},{"damage":0,"enemies":"2 Orb Walkers","floor":41,"turns":4},{"damage":2,"enemies":"Mysterious Sphere","floor":42,"turns":5},{"damage":0,"enemies":"Giant Head","floor":44,"turns":5},{"damage":28,"enemies":"Time Eater","floor":50,"turns":6}],"seed_played":"-5955887646187366946","potions_obtained":[{"floor":2.0,"key":"AttackPotion"},{"floor":14,"key":"SteroidPotion"},{"floor":16,"key":"FearPotion"},{"floor":20,"key":"AttackPotion"},{"floor":22,"key":"LiquidBronze"},{"floor":24,"key":"FairyPotion"},{"floor":33,"key":"Block Potion"},{"floor":36,"key":"SpeedPotion"},{"floor":38,"key":"SkillPotion"},{"floor":44,"key":"FearPotion"}],"is_trial":false,"path_per_floor":["M","M","M","?","M","R","?","M","T","?","R","E","?","M","R","B",null,"M","$","M","M","M","R","E","R","T","R","M","M","?","?","R","B",null,"M","?","?","M","M","R","E","?","T","E","$","?","$","?","R","B"],"character_chosen":"IRONCLAD","items_purchased":["Omamori","Mango","ClockworkSouvenir"],"campfire_rested":3,"item_purchase_floors":[19,45,47],"current_hp_per_floor":[68,63,58,58,51,51,35,24,24,44,44,21,10,9,33,13,63,56,56,56,33,33,33,3,27,34,34,34,21,21,21,47,16,69,69,65,65,63,63,63,63,61,61,67,81,76,76,101,101,79],"gold":49,"neow_bonus":"BOSS_RELIC","is_prod":false,"is_daily":false,"chose_seed":false,"campfire_upgraded":6,"win_rate":0,"timestamp":1537010292,"path_taken":["M","M","M","?","M","R","?","M","T","?","R","E","?","?","R","BOSS","M","$","?","M","M","R","E","R","T","R","M","M","?","?","R","BOSS","M","?","?","?","M","R","E","?","T","E","$","?","$","?","R","BOSS"],"build_version":"2018-09-06","purchased_purges":3,"victory":true,"max_hp_per_floor":[80,80,80,80,80,80,80,80,80,80,80,80,80,80,80,80,80,80,80,80,80,80,80,80,80,87,87,87,87,87,87,87,87,87,87,87,87,87,87,87,87,87,87,87,101,101,101,101,101,101],"card_choices":[{"not_picked":["Pommel Strike","Sword Boomerang"],"picked":"Havoc","floor":1.0},{"not_picked":["Cleave","Sword Boomerang","Clothesline"],"picked":"SKIP","floor":2.0},{"not_picked":["Warcry","Anger"],"picked":"Heavy Blade","floor":3.0},{"not_picked":["Thunderclap","Armaments"],"picked":"Uppercut","floor":5.0},{"not_picked":["Cleave","Headbutt","Blood for Blood"],"picked":"SKIP","floor":8.0},{"not_picked":["Metallicize","True Grit"],"picked":"Ghostly Armor","floor":12},{"not_picked":["Infernal Blade","Searing Blow"],"picked":"Metallicize","floor":14},{"not_picked":["Juggernaut","Reaper"],"picked":"Bludgeon","floor":16},{"not_picked":["Thunderclap","Heavy Blade","Entrench"],"picked":"SKIP","floor":18},{"not_picked":["Wild Strike","Entrench","Fire Breathing+1"],"picked":"SKIP","floor":20},{"not_picked":["Rage","Sword Boomerang+1","Clothesline"],"picked":"SKIP","floor":21},{"not_picked":["Wild Strike","Flex"],"picked":"Flame Barrier","floor":22},{"not_picked":["Thunderclap","Flex","Corruption"],"picked":"SKIP","floor":24},{"not_picked":["Cleave","Perfected Strike","Feel No Pain"],"picked":"SKIP","floor":28},{"not_picked":["True Grit+1","Thunderclap","Pommel Strike+1"],"picked":"SKIP","floor":29},{"not_picked":["Berserk","Brutality"],"picked":"Barricade","floor":33},{"not_picked":["Iron Wave","Evolve+1","Anger+1"],"picked":"SKIP","floor":35},{"not_picked":["Dual Wield","Iron Wave+1"],"picked":"Dropkick+1","floor":38},{"not_picked":["Sword Boomerang","Cleave+1"],"picked":"Uppercut","floor":39},{"not_picked":["Headbutt","Reckless Charge+1"],"picked":"Carnage+1","floor":41},{"not_picked":["Dark Embrace","Pommel Strike","Uppercut"],"picked":"SKIP","floor":44},{"not_picked":["Panache","Metamorphosis"],"picked":"Apotheosis","floor":46}],"player_experience":395271,"relics_obtained":[{"floor":9,"key":"Paper Frog"},{"floor":12,"key":"Self Forming Clay"},{"floor":24,"key":"Bottled Flame"},{"floor":26,"key":"Strawberry"},{"floor":36,"key":"Thread and Needle"},{"floor":41,"key":"Juzu Bracelet"},{"floor":42,"key":"Bird Faced Urn"},{"floor":43,"key":"Magic Flower"},{"floor":44,"key":"Tiny Chest"}],"event_choices":[{"event_name":"Liars Game","player_choice":"disagreed","floor":4.0,"damage_taken":0.0},{"event_name":"Shining Light","player_choice":"Entered Light","floor":7.0,"damage_taken":0.0},{"event_name":"The Cleric","player_choice":"Healed","floor":10,"damage_taken":0},{"event_name":"World of Goop","player_choice":"Gather Gold","floor":13,"damage_taken":0},{"event_name":"The Joust","player_choice":"Bet on Owner","floor":30,"damage_taken":0},{"event_name":"Drug Dealer","player_choice":"Inject Mutagens","floor":31,"damage_taken":0},{"event_name":"MindBloom","player_choice":"Fight","floor":36,"damage_taken":0},{"event_name":"Falling","player_choice":"Removed Skill","floor":37,"damage_taken":0},{"event_name":"Mysterious Sphere","player_choice":"Fight","floor":42,"damage_taken":0},{"event_name":"SensoryStone","player_choice":"Memory 2","floor":46,"damage_taken":0},{"event_name":"Winding Halls","player_choice":"Writhe","floor":48,"damage_taken":0}],"is_beta":false,"boss_relics":[{"not_picked":["Astrolabe","Fusion Hammer"],"picked":"Snecko Eye"},{"not_picked":["Black Star","Eternal Feather"],"picked":"Cursed Key"}],"items_purged_floors":[19,45,47],"is_endless":false,"potions_floor_spawned":[2,14,16,20,22,24,33,36,38,44],"ascension_level":9}