{"gold_per_floor":[111,125,125,138,149,149,176,206,206,221,74,74,92,109,109,212,212,222,24,38,38,52,52,65,96,96,129,129,146,21,21,21,122,122,140,154,154,26,26,26,55,55,78,78,78],"floor_reached":45,"playtime":2845,"items_purged":["Pain","Parasite","Strike_B"],"score":532,"play_id":"9a07b9cf-f1f9-497d-be68-ed869fae87ea","local_time":"20190101145241","is_ascension_mode":true,"campfire_choices":[{"data":"Go for the Eyes","floor":6,"key":"SMITH"},{"data":"Fission","floor":15,"key":"SMITH"},{"data":"Leap","floor":23,"key":"SMITH"},{"floor":28,"key":"REST"},{"data":"Leap","floor":32,"key":"SMITH"},{"data":"Fission","floor":40,"key":"SMITH"},{"data":"Ball Lightning","floor":42,"key":"SMITH"},{"data":"Zap","floor":44,"key":"SMITH"}],"neow_cost":"NONE","seed_source_timestamp":181526184343476,"circlet_count":0,"master_deck":["Strike_B","Strike_B","Strike_B","Defend_B","Defend_B","Defend_B","Zap+1","Dualcast","Gash","Go for the Eyes+1","Barrage","Streamline","Fission+1","Leap+1","Conserve Battery","Turbo","Ball Lightning","Sunder","Tempest+1","Rebound","Rebound","FTL+1","Glacier","Machine Learning+1","Leap+1","Conserve Battery","Echo Form+1","Barrage+1","Doom and Gloom","Gash","Ball Lightning+1","Streamline+1","Aggregate+1","Fission+1","Defragment+1","Apotheosis","Mayhem+1","Double Energy+1"],"relics":["Cracked Core","NeowsBlessing","WarpedTongs","Bottled Flame","Frozen Egg 2","Mercury Hourglass","Nuclear Battery","FossilizedHelix","WingedGreaves","Oddly Smooth Stone","Kunai","Orrery","Bag of Preparation","Pen Nib"],"potions_floor_usage":[24,33,33,45,45],"damage_taken":[{"damage":0,"enemies":"Small Slimes","floor":1,"turns":1},{"damage":0,"enemies":"Cultist","floor":2,"turns":1},{"damage":0,"enemies":"Jaw Worm","floor":4,"turns":1},{"damage":25,"enemies":"Exordium Wildlife","floor":5,"turns":5},{"damage":23,"enemies":"Gremlin Nob","floor":7,"turns":4},{"damage":8,"enemies":"Looter","floor":10,"turns":2},{"damage":4,"enemies":"2 Fungi Beasts","floor":13,"turns":3},{"damage":12,"enemies":"Exordium Thugs","floor":14,"turns":4},{"damage":8,"enemies":"Slime Boss","floor":16,"turns":5},{"damage":5,"enemies":"3 Byrds","floor":18,"turns":3},{"damage":0,"enemies":"2 Thieves","floor":20,"turns":2},{"damage":24,"enemies":"Snake Plant","floor":22,"turns":4},{"damage":3,"enemies":"Cultist and Chosen","floor":24,"turns":6},{"damage":13,"enemies":"Gremlin Leader","floor":25,"turns":5},{"damage":18,"enemies":"Book of Stabbing","floor":27,"turns":4},{"damage":5,"enemies":"Sentry and Sphere","floor":29,"turns":4},{"damage":16,"enemies":"Automaton","floor":33,"turns":11},{"damage":0,"enemies":"Orb Walker","floor":35,"turns":3},{"damage":6,"enemies":"3 Darklings","floor":36,"turns":6},{"damage":28,"enemies":"Reptomancer","floor":41,"turns":5},{"damage":83,"enemies":"Nemesis","floor":45,"turns":6}],"seed_played":"-6585459122673721039","potions_obtained":[{"floor":2,"key":"GamblersBrew"},{"floor":4,"key":"Energy Potion"},{"floor":7,"key":"Dexterity Potion"},{"floor":18,"key":"Swift Potion"},{"floor":25,"key":"FocusPotion"},{"floor":29,"key":"FocusPotion"},{"floor":41,"key":"Regen Potion"}],"is_trial":false,"path_per_floor":["M","M","?","M","M","R","E","?","T","M","$","?","M","M","R","B",null,"M","$","M","?","M","R","M","E","T","E","R","M","$","T","R","B",null,"M","M","?","$","?","R","E","R","T","R","E"],"character_chosen":"DEFECT","items_purchased":["Conserve Battery","Turbo","Rebound","Regen Potion","Defragment+1","Poison Potion"],"campfire_rested":1,"item_purchase_floors":[11,11,19,19,38,38],"current_hp_per_floor":[75,75,75,75,50,50,27,27,27,19,19,37,33,21,21,13,75,70,70,70,82,58,58,69,56,56,38,62,57,57,57,57,41,82,82,76,76,76,71,71,43,43,43,43,0],"gold":78,"neow_bonus":"THREE_ENEMY_KILL","is_prod":false,"is_daily":false,"chose_seed":false,"campfire_upgraded":7,"win_rate":0,"timestamp":1546375961,"path_taken":["M","M","?","?","M","R","E","?","T","M","?","?","M","M","R","BOSS","M","$","M","?","M","R","M","E","T","E","R","M","?","?","R","BOSS","M","?","?","$","?","R","E","R","T","R","E"],"build_version":"2018-12-20","purchased_purges":3,"victory":false,"max_hp_per_floor":[75,75,75,75,75,75,75,75,75,75,75,75,75,75,75,75,75,75,72,72,82,82,82,82,82,82,82,82,82,82,82,82,82,82,82,82,82,82,82,82,82,82,82,82,82],"card_choices":[{"not_picked":["Compile Driver","Ball Lightning"],"picked":"Gash","floor":1},{"not_picked":["White Noise","Streamline"],"picked":"Go for the Eyes","floor":2},{"not_picked":["Turbo","Steam Power"],"picked":"Barrage","floor":4},{"not_picked":["Turbo","Steam Power"],"picked":"Streamline","floor":5},{"not_picked":["Coolheaded","Stack"],"picked":"Fission","floor":7},{"not_picked":["Streamline","Steam"],"picked":"Leap","floor":10},{"not_picked":["Coolheaded","Heatsinks+1"],"picked":"Ball Lightning","floor":13},{"not_picked":["Steam","Streamline"],"picked":"Sunder","floor":14},{"not_picked":["Fission","Amplify"],"picked":"All For One","floor":16},{"not_picked":["Coolheaded","Redo"],"picked":"Tempest+1","floor":18},{"not_picked":["Turbo+1","Cold Snap"],"picked":"Rebound","floor":20},{"not_picked":["Storm+1","Streamline"],"picked":"FTL+1","floor":22},{"not_picked":["Meteor Strike","Steam"],"picked":"Glacier","floor":24},{"not_picked":["Streamline","Coolheaded"],"picked":"Machine Learning+1","floor":25},{"not_picked":["Rebound","Chill+1"],"picked":"Leap","floor":27},{"not_picked":["Steam","Streamline"],"picked":"Conserve Battery","floor":29},{"not_picked":["Biased Cognition+1","Thunder Strike"],"picked":"Echo Form+1","floor":33},{"not_picked":["Go for the Eyes","Melter"],"picked":"Barrage+1","floor":34},{"not_picked":["Sweeping Beam+1","Beam Cell"],"picked":"Doom and Gloom","floor":34},{"not_picked":["Coolheaded","Redo+1"],"picked":"Gash","floor":34},{"not_picked":["Steam+1","Heatsinks+1"],"picked":"Ball Lightning","floor":34},{"not_picked":["Rip and Tear","Turbo"],"picked":"Streamline+1","floor":34},{"not_picked":["Cold Snap","Hello World+1"],"picked":"Aggregate+1","floor":35},{"not_picked":["Rip and Tear","Auto Shields"],"picked":"Fission","floor":36},{"not_picked":["Jack Of All Trades","Good Instincts"],"picked":"Apotheosis","floor":39},{"not_picked":["PanicButton","Metamorphosis"],"picked":"Mayhem+1","floor":39},{"not_picked":["Streamline+1","Auto Shields+1"],"picked":"Double Energy+1","floor":41}],"player_experience":16961,"relics_obtained":[{"floor":7,"key":"Bottled Flame"},{"floor":9,"key":"Mercury Hourglass"},{"floor":25,"key":"FossilizedHelix"},{"floor":26,"key":"WingedGreaves"},{"floor":27,"key":"Oddly Smooth Stone"},{"floor":31,"key":"Kunai"},{"floor":41,"key":"Bag of Preparation"},{"floor":43,"key":"Pen Nib"}],"event_choices":[{"damage_healed":0,"gold_gain":0,"player_choice":"Rummage","damage_taken":0,"relics_obtained":["WarpedTongs"],"max_hp_gain":0,"max_hp_loss":0,"event_name":"Accursed Blacksmith","floor":3,"gold_loss":0,"cards_obtained":["Pain"]},{"damage_healed":0,"gold_gain":30,"player_choice":"Searched \u00273\u0027 times","damage_taken":0,"relics_obtained":["Frozen Egg 2"],"max_hp_gain":0,"max_hp_loss":0,"event_name":"Dead Adventurer","floor":8,"gold_loss":0},{"damage_healed":18,"gold_gain":0,"player_choice":"Healed and dodged fight","damage_taken":0,"max_hp_gain":0,"max_hp_loss":0,"event_name":"Mushrooms","floor":12,"gold_loss":0,"cards_obtained":["Parasite"]},{"cards_removed":["All For One"],"damage_healed":2,"gold_gain":0,"player_choice":"Offered Rare","damage_taken":0,"max_hp_gain":10,"max_hp_loss":0,"event_name":"Bonfire Elementals","floor":21,"gold_loss":0},{"cards_removed":["Defend_B"],"damage_healed":0,"gold_gain":0,"player_choice":"Removed Skill","damage_taken":0,"max_hp_gain":0,"max_hp_loss":0,"event_name":"Falling","floor":37,"gold_loss":0},{"damage_healed":0,"gold_gain":0,"player_choice":"Memory 2","damage_taken":5,"max_hp_gain":0,"max_hp_loss":0,"event_name":"SensoryStone","floor":39,"gold_loss":0}],"is_beta":false,"boss_relics":[{"not_picked":["Eternal Feather","Runic Pyramid"],"picked":"Nuclear Battery"},{"not_picked":["Runic Dome","Busted Crown"],"picked":"Orrery"}],"items_purged_floors":[11,19,30],"is_endless":false,"potions_floor_spawned":[2,4,7,13,18,25,27,29,41],"killed_by":"Nemesis","ascension_level":1}