{"gold_per_floor":[118,12,22,22,22,22,34,34,60,77,77,93,116,129,129,253,253,271,271],"floor_reached":19,"playtime":561,"items_purged":[],"score":175,"play_id":"5981a57d-b91e-4f0a-81fa-02ae353c1953","local_time":"20190128113509","is_ascension_mode":true,"campfire_choices":[{"data":"Double Energy","floor":6,"key":"SMITH"},{"data":"Beam Cell","floor":8,"key":"SMITH"},{"floor":15,"key":"REST"}],"neow_cost":"NONE","seed_source_timestamp":1004931424987079,"circlet_count":0,"master_deck":["Strike_B","Strike_B","Strike_B","Strike_B","Defend_B+1","Defend_B","Defend_B","Defend_B+1","Zap+1","Dualcast","Sweeping Beam","Beam Cell+1","Self Repair","Conserve Battery","Double Energy+1","Cold Snap","Darkness","Conserve Battery","Stack","Buffer","BootSequence"],"relics":["Cracked Core","Anchor","Golden Idol","Regal Pillow","Inserter"],"potions_floor_usage":[16,16],"damage_taken":[{"damage":6,"enemies":"Jaw Worm","floor":1,"turns":4},{"damage":4,"enemies":"Small Slimes","floor":3,"turns":3},{"damage":0,"enemies":"2 Louse","floor":7,"turns":2},{"damage":8,"enemies":"2 Fungi Beasts","floor":10,"turns":3},{"damage":2,"enemies":"Large Slime","floor":12,"turns":5},{"damage":3,"enemies":"Exordium Thugs","floor":14,"turns":5},{"damage":23,"enemies":"Hexaghost","floor":16,"turns":9},{"damage":41,"enemies":"Spheric Guardian","floor":18,"turns":8},{"damage":52,"enemies":"Colosseum Slavers","floor":19,"turns":5}],"seed_played":"-1991968150733180250","potions_obtained":[{"floor":1,"key":"Swift Potion"},{"floor":7,"key":"FocusPotion"}],"is_trial":false,"path_per_floor":["M","$","M","?","?","R","M","R","T","M","?","M","T","M","R","B",null,"M","?"],"character_chosen":"DEFECT","items_purchased":["Self Repair","Conserve Battery"],"campfire_rested":1,"item_purchase_floors":[2,2],"current_hp_per_floor":[69,69,72,57,57,57,57,57,57,49,31,36,36,40,75,59,75,41,0],"gold":271,"neow_bonus":"THREE_CARDS","is_prod":false,"is_daily":false,"chose_seed":false,"campfire_upgraded":2,"win_rate":0,"timestamp":1548693309,"path_taken":["M","$","M","?","?","R","M","R","T","M","?","M","?","M","R","BOSS","M","?"],"build_version":"2019-01-23","purchased_purges":0,"victory":false,"max_hp_per_floor":[75,75,75,75,75,75,75,75,75,75,75,75,75,75,75,75,75,75,75],"card_choices":[{"not_picked":["Leap","Redo"],"picked":"Sweeping Beam","floor":0},{"not_picked":["Heatsinks","Chill"],"picked":"Beam Cell","floor":1},{"not_picked":["Barrage","Ball Lightning"],"picked":"Double Energy","floor":3},{"not_picked":["Tempest","Streamline"],"picked":"Cold Snap","floor":7},{"not_picked":["Go for the Eyes","Sunder"],"picked":"Darkness","floor":10},{"not_picked":["Stack","Rebound"],"picked":"Conserve Battery","floor":12},{"not_picked":["Chill","Scrape"],"picked":"Stack","floor":14},{"not_picked":["Multi-Cast","Reboot"],"picked":"Buffer","floor":16},{"not_picked":["Streamline","Sweeping Beam"],"picked":"BootSequence","floor":18}],"player_experience":244945,"relics_obtained":[{"floor":9,"key":"Anchor"},{"floor":13,"key":"Regal Pillow"}],"event_choices":[{"damage_healed":0,"gold_gain":0,"player_choice":"Entered Light","damage_taken":15,"max_hp_gain":0,"max_hp_loss":0,"event_name":"Shining Light","floor":4,"gold_loss":0,"cards_upgraded":["Defend_B","Defend_B"]},{"damage_healed":0,"gold_gain":0,"player_choice":"Grow","damage_taken":0,"max_hp_gain":0,"max_hp_loss":0,"event_name":"Living Wall","floor":5,"gold_loss":0,"cards_upgraded":["Zap"]},{"damage_healed":0,"gold_gain":0,"player_choice":"Take Damage","damage_taken":18,"relics_obtained":["Golden Idol"],"max_hp_gain":0,"max_hp_loss":0,"event_name":"Golden Idol","floor":11,"gold_loss":0},{"damage_healed":0,"gold_gain":0,"player_choice":"Fight","damage_taken":0,"max_hp_gain":0,"max_hp_loss":0,"event_name":"Colosseum","floor":19,"gold_loss":0}],"is_beta":false,"boss_relics":[{"not_picked":["Velvet Choker","Eternal Feather"],"picked":"Inserter"}],"items_purged_floors":[],"is_endless":false,"potions_floor_spawned":[1,7],"killed_by":"Colosseum Slavers","ascension_level":2}