{"gold_per_floor":[112,112,135,135,101,101,114,148,148,177,23,37,69,69,69,69],"floor_reached":16,"playtime":880,"items_purged":[],"score":122,"play_id":"213698c2-7c17-4037-8909-4d9eb496c274","local_time":"20190210160648","is_ascension_mode":true,"campfire_choices":[{"data":"Capacitor","floor":6,"key":"SMITH"},{"data":"Reboot","floor":15,"key":"SMITH"}],"neow_cost":"NONE","seed_source_timestamp":231592424608930,"circlet_count":0,"master_deck":["Strike_B","Strike_B","Strike_B","Strike_B+1","Defend_B","Defend_B","Defend_B","Defend_B","Zap","Dualcast+1","Capacitor+1","Self Repair","Double Energy","Ball Lightning","Steam Power","Conserve Battery","Reboot+1"],"relics":["Cracked Core","Juzu Bracelet","Ice Cream","Dodecahedron","Unceasing Top","Lantern","Bottled Tornado","Oddly Smooth Stone"],"potions_floor_usage":[8],"damage_taken":[{"damage":3,"enemies":"Jaw Worm","floor":1,"turns":4},{"damage":1,"enemies":"Cultist","floor":7,"turns":4},{"damage":33,"enemies":"Lagavulin","floor":8,"turns":7},{"damage":35,"enemies":"3 Sentries","floor":10,"turns":6},{"damage":0,"enemies":"2 Louse","floor":12,"turns":2},{"damage":22,"enemies":"Lagavulin","floor":13,"turns":6},{"damage":20,"enemies":"Slime Boss","floor":16,"turns":4}],"seed_played":"-4364065048912818986","potions_obtained":[{"floor":1,"key":"Dexterity Potion"},{"floor":4,"key":"FairyPotion"},{"floor":4,"key":"Energy Potion"},{"floor":4,"key":"SkillPotion"},{"floor":13,"key":"SteroidPotion"}],"is_trial":false,"path_per_floor":["?","T","?","?"],"character_chosen":"DEFECT","items_purchased":["Self Repair","Lantern"],"campfire_rested":0,"item_purchase_floors":[5,11],"current_hp_per_floor":[79,63,63,63,63,63,69,43,43,15,15,15,15,15,15,0],"gold":69,"neow_bonus":"TEN_PERCENT_HP_BONUS","is_prod":false,"is_daily":false,"chose_seed":false,"campfire_upgraded":2,"win_rate":0,"timestamp":1549811208,"path_taken":["M","?","?","?","$","R","M","E","T","E","$","M","E","?","R","BOSS"],"build_version":"2019-01-23","purchased_purges":0,"victory":false,"max_hp_per_floor":[82,82,82,82,82,82,82,82,82,82,82,82,82,82,82,82],"card_choices":[{"not_picked":["Fusion","Sweeping Beam"],"picked":"Capacitor","floor":1},{"not_picked":["Fusion","Streamline"],"picked":"Double Energy","floor":7},{"not_picked":["Turbo","Rip and Tear"],"picked":"Ball Lightning","floor":8},{"not_picked":["Go for the Eyes","Ball Lightning"],"picked":"Steam Power","floor":10},{"not_picked":["Redo","Double Energy"],"picked":"Conserve Battery","floor":12},{"not_picked":["Coolheaded","Self Repair"],"picked":"Reboot","floor":13}],"player_experience":68492,"relics_obtained":[{"floor":3,"key":"Juzu Bracelet"},{"floor":8,"key":"Ice Cream"},{"floor":9,"key":"Dodecahedron"},{"floor":10,"key":"Unceasing Top"},{"floor":13,"key":"Bottled Tornado"}],"event_choices":[{"damage_healed":0,"gold_gain":0,"player_choice":"Entered Light","damage_taken":16,"max_hp_gain":0,"max_hp_loss":0,"event_name":"Shining Light","floor":2,"gold_loss":0,"cards_upgraded":["Dualcast","Strike_B"]},{"damage_healed":0,"gold_gain":0,"player_choice":"Got Potions","damage_taken":0,"max_hp_gain":0,"max_hp_loss":0,"event_name":"Lab","floor":4,"gold_loss":0},{"damage_healed":0,"gold_gain":0,"player_choice":"Gave Potion","damage_taken":0,"relics_obtained":["Oddly Smooth Stone"],"max_hp_gain":0,"max_hp_loss":0,"event_name":"WeMeetAgain","floor":14,"gold_loss":0}],"is_beta":false,"boss_relics":[],"items_purged_floors":[],"is_endless":false,"potions_floor_spawned":[1,13],"killed_by":"Slime Boss","ascension_level":1}