{"gold_per_floor":[364,364,19,19,319,319,333,333,382,16,16,44,44,62,62,157,157,174,174,187,29,43,43,63,63,63,63,63,78,98,68,68,172,172,182,31,42,58,58,71,24,24,51,63,114,114,127,146,146,146],"floor_reached":50,"playtime":3067,"items_purged":["Regret"],"score":514,"play_id":"0c714ae9-6fa2-48b7-a9df-d9370c11093d","local_time":"20190117121521","is_ascension_mode":true,"campfire_choices":[{"floor":6,"key":"DIG"},{"floor":8,"key":"DIG"},{"data":"Neutralize","floor":13,"key":"SMITH"},{"floor":15,"key":"REST"},{"data":"Blind","floor":23,"key":"SMITH"},{"floor":25,"key":"DIG"},{"floor":32,"key":"REST"},{"floor":42,"key":"DIG"},{"floor":46,"key":"REST"},{"floor":49,"key":"REST"}],"neow_cost":"TEN_PERCENT_HP_LOSS","seed_source_timestamp":54389229301012,"circlet_count":0,"master_deck":["Defend_G+1","Defend_G+1","Defend_G+1","Defend_G+1","Defend_G+1","Strike_G+1","Strike_G+1","Strike_G+1","Strike_G+1","Strike_G+1","Survivor","Neutralize+1","Prepared","Deadly Poison","Backflip","Dramatic Entrance","Cloak And Dagger","Die Die Die","Deflect","Leg Sweep","A Thousand Cuts","Deflect","Die Die Die","Quick Slash","Blade Dance","Cloak And Dagger","Blind+1","Noxious Fumes","Crippling Poison","Poisoned Stab","Distraction","Masterful Stab","Dagger Spray+1","Backflip","Dagger Throw","Doppelganger","Flying Knee+1","Dodge and Roll+1","Bandage Up","Deadly Poison","Blade Dance","Deflect+1","Sucker Punch+1","Riddle With Holes+1","Prepared","Corpse Explosion","Sucker Punch+1","Footwork+1","Well Laid Plans+1"],"relics":["Ring of the Snake","Shovel","Dream Catcher","Old Coin","Vajra","Matryoshka","Blue Candle","MawBank","Tiny Chest","Prayer Wheel","Busted Crown","Omamori","Pear","Ninja Scroll","Ginger","WristBlade","Frozen Egg 2","Blood Vial","Calipers"],"potions_floor_usage":[30,30,33,33,33,33,33,33,40,47,47,50],"damage_taken":[{"damage":0,"enemies":"2 Louse","floor":1,"turns":3},{"damage":3,"enemies":"Jaw Worm","floor":7,"turns":4},{"damage":12,"enemies":"Lagavulin","floor":12,"turns":8},{"damage":1,"enemies":"Cultist","floor":14,"turns":3},{"damage":35,"enemies":"Hexaghost","floor":16,"turns":13},{"damage":13,"enemies":"Chosen","floor":18,"turns":5},{"damage":0,"enemies":"3 Byrds","floor":20,"turns":2},{"damage":1,"enemies":"3 Cultists","floor":22,"turns":3},{"damage":9,"enemies":"Snecko","floor":24,"turns":6},{"damage":3,"enemies":"Centurion and Healer","floor":29,"turns":5},{"damage":5,"enemies":"Snake Plant","floor":30,"turns":4},{"damage":34,"enemies":"Collector","floor":33,"turns":7},{"damage":4,"enemies":"3 Darklings","floor":35,"turns":3},{"damage":20,"enemies":"3 Shapes","floor":37,"turns":3},{"damage":42,"enemies":"Spire Growth","floor":38,"turns":6},{"damage":6,"enemies":"Transient","floor":40,"turns":5},{"damage":6,"enemies":"Sphere and 2 Shapes","floor":44,"turns":3},{"damage":30,"enemies":"2 Orb Walkers","floor":45,"turns":6},{"damage":17,"enemies":"Writhing Mass","floor":47,"turns":6},{"damage":13,"enemies":"3 Darklings","floor":48,"turns":4},{"damage":58,"enemies":"Donu and Deca","floor":50,"turns":3}],"seed_played":"-4729506916257414205","potions_obtained":[{"floor":16,"key":"Block Potion"},{"floor":18,"key":"Dexterity Potion"},{"floor":29,"key":"Weak Potion"},{"floor":31,"key":"Explosive Potion"},{"floor":31,"key":"EntropicBrew"},{"floor":37,"key":"Block Potion"},{"floor":38,"key":"Weak Potion"},{"floor":45,"key":"Dexterity Potion"},{"floor":48,"key":"Strength Potion"}],"is_trial":false,"path_per_floor":["M","?","$","?","T","R","M","R","T","$","$","E","R","M","R","B",null,"M","?","M","$","M","R","M","R","T","?","?","M","M","?","R","B",null,"M","$","M","M","?","M","$","R","T","M","?","R","M","M","R","B"],"character_chosen":"THE_SILENT","items_purchased":["Shovel","Deadly Poison","Dramatic Entrance","Tiny Chest","Cloak And Dagger","Die Die Die","Blind","Bandage Up","Deadly Poison","Prepared"],"campfire_rested":4,"item_purchase_floors":[3,3,10,10,10,10,21,36,36,41],"current_hp_per_floor":[63,50,50,50,50,50,47,47,47,47,47,35,35,34,52,17,63,50,55,55,55,54,54,45,45,55,55,55,52,47,47,68,49,73,69,69,49,7,64,58,58,58,58,54,30,49,38,31,50,0],"gold":146,"neow_bonus":"TWO_FIFTY_GOLD","is_prod":false,"is_daily":false,"chose_seed":false,"campfire_upgraded":2,"win_rate":0,"timestamp":1547745321,"path_taken":["M","?","$","?","?","R","M","R","T","?","$","E","R","M","R","BOSS","M","?","M","$","M","R","?","R","T","?","?","M","M","?","R","BOSS","M","$","?","M","?","M","$","R","T","M","?","R","M","M","R","BOSS"],"build_version":"2019-01-10","purchased_purges":1,"victory":false,"max_hp_per_floor":[63,63,63,63,63,63,63,63,63,63,63,63,63,63,63,63,63,63,63,63,63,63,63,63,63,73,73,73,73,73,73,73,73,73,73,73,73,73,64,64,64,64,64,64,64,64,64,64,64,64],"card_choices":[{"not_picked":["Sucker Punch","Dodge and Roll"],"picked":"Prepared","floor":1},{"not_picked":["Sucker Punch","Acrobatics"],"picked":"Backflip","floor":7},{"not_picked":["Outmaneuver","Backflip"],"picked":"Deflect","floor":12},{"not_picked":["Caltrops","Outmaneuver"],"picked":"Leg Sweep","floor":14},{"not_picked":["Predator","Sucker Punch"],"picked":"A Thousand Cuts","floor":14},{"not_picked":["Leg Sweep","Flying Knee"],"picked":"Deflect","floor":15},{"not_picked":["Glass Knife","Phantasmal Killer"],"picked":"Die Die Die","floor":16},{"not_picked":[],"picked":"Acrobatics+1","floor":18},{"not_picked":[],"picked":"Quick Slash","floor":18},{"not_picked":[],"picked":"Blade Dance","floor":20},{"not_picked":[],"picked":"Cloak And Dagger","floor":20},{"not_picked":[],"picked":"Noxious Fumes","floor":22},{"not_picked":[],"picked":"Crippling Poison","floor":22},{"not_picked":[],"picked":"Poisoned Stab","floor":24},{"not_picked":[],"picked":"Distraction","floor":24},{"not_picked":[],"picked":"Masterful Stab","floor":29},{"not_picked":[],"picked":"Dagger Spray+1","floor":29},{"not_picked":[],"picked":"Backflip","floor":30},{"not_picked":["Leg Sweep"],"picked":"SKIP","floor":30},{"not_picked":[],"picked":"Dagger Throw","floor":32},{"not_picked":[],"picked":"Doppelganger","floor":33},{"not_picked":[],"picked":"Flying Knee+1","floor":35},{"not_picked":[],"picked":"Dodge and Roll+1","floor":35},{"not_picked":[],"picked":"Blade Dance","floor":37},{"not_picked":["Flechettes+1"],"picked":"SKIP","floor":37},{"not_picked":[],"picked":"Deflect+1","floor":38},{"not_picked":["Expertise"],"picked":"SKIP","floor":38},{"not_picked":[],"picked":"Sucker Punch+1","floor":40},{"not_picked":[],"picked":"Riddle With Holes+1","floor":40},{"not_picked":[],"picked":"Corpse Explosion","floor":44},{"not_picked":["Leg Sweep"],"picked":"SKIP","floor":44},{"not_picked":[],"picked":"Sucker Punch+1","floor":45},{"not_picked":[],"picked":"Footwork+1","floor":47},{"not_picked":["Leg Sweep"],"picked":"SKIP","floor":47},{"not_picked":["Backflip"],"picked":"SKIP","floor":48},{"not_picked":["Leg Sweep"],"picked":"SKIP","floor":48},{"not_picked":[],"picked":"Well Laid Plans+1","floor":49}],"player_experience":89789,"relics_obtained":[{"floor":5,"key":"Old Coin"},{"floor":6,"key":"Vajra"},{"floor":8,"key":"Matryoshka"},{"floor":9,"key":"Blue Candle"},{"floor":9,"key":"MawBank"},{"floor":12,"key":"Prayer Wheel"},{"floor":25,"key":"Omamori"},{"floor":26,"key":"Pear"},{"floor":26,"key":"Ninja Scroll"},{"floor":42,"key":"Frozen Egg 2"},{"floor":43,"key":"Blood Vial"},{"floor":45,"key":"Calipers"}],"event_choices":[{"damage_healed":0,"gold_gain":0,"player_choice":"Entered Light","damage_taken":13,"max_hp_gain":0,"max_hp_loss":0,"event_name":"Shining Light","floor":2,"gold_loss":0,"cards_upgraded":["Strike_G","Strike_G"]},{"damage_healed":0,"gold_gain":0,"player_choice":"Box","damage_taken":0,"relics_obtained":["Dream Catcher"],"max_hp_gain":0,"max_hp_loss":0,"event_name":"Big Fish","floor":4,"gold_loss":0,"cards_obtained":["Regret"]},{"cards_removed":["Acrobatics"],"damage_healed":5,"gold_gain":0,"player_choice":"Offered Common","damage_taken":0,"max_hp_gain":0,"max_hp_loss":0,"event_name":"Bonfire Elementals","floor":19,"gold_loss":0},{"cards_removed":["Acrobatics"],"damage_healed":5,"gold_gain":0,"player_choice":"Offered Special","damage_taken":0,"max_hp_gain":0,"max_hp_loss":0,"event_name":"Bonfire Elementals","floor":19,"gold_loss":0},{"damage_healed":0,"gold_gain":0,"player_choice":"Opened","damage_taken":0,"relics_obtained":["Ginger"],"max_hp_gain":0,"max_hp_loss":0,"event_name":"The Mausoleum","floor":27,"gold_loss":0},{"damage_healed":0,"gold_gain":0,"player_choice":"Simplicity","damage_taken":0,"max_hp_gain":0,"max_hp_loss":0,"event_name":"Back to Basics","floor":28,"gold_loss":0,"cards_upgraded":["Defend_G","Defend_G","Defend_G","Defend_G","Defend_G","Strike_G","Strike_G","Strike_G"]},{"damage_healed":0,"gold_gain":0,"player_choice":"Bought 2 Potions","damage_taken":0,"max_hp_gain":0,"max_hp_loss":0,"event_name":"The Woman in Blue","floor":31,"gold_loss":0},{"damage_healed":64,"gold_gain":0,"player_choice":"Heal","damage_taken":0,"max_hp_gain":0,"max_hp_loss":9,"event_name":"The Moai Head","floor":39,"gold_loss":0},{"damage_healed":0,"gold_gain":0,"player_choice":"Fight","damage_taken":0,"max_hp_gain":0,"max_hp_loss":0,"event_name":"Mysterious Sphere","floor":45,"gold_loss":0}],"is_beta":false,"boss_relics":[{"not_picked":["Coffee Dripper","Lizard Tail"],"picked":"Busted Crown"},{"not_picked":["Astrolabe","Philosopher\u0027s Stone"],"picked":"WristBlade"}],"items_purged_floors":[21],"is_endless":false,"potions_floor_spawned":[16,18,29,37,38,45,48],"killed_by":"Donu and Deca","ascension_level":1}