{"gold_per_floor":[116,116,116,132,144,179,179,179,229,102,116,116,128,141,141,246,246,258,270,285,384,404,404,404],"floor_reached":24,"playtime":866,"items_purged":[],"score":325,"play_id":"49acd0e9-aa5f-4fb0-80cd-b5e57da9f28a","local_time":"20190205091411","is_ascension_mode":true,"campfire_choices":[{"floor":7,"key":"REST"},{"floor":12,"key":"REST"},{"floor":15,"key":"REST"},{"floor":23,"key":"REST"}],"neow_cost":"NONE","seed_source_timestamp":1687394827914485,"circlet_count":0,"master_deck":["Strike_B","Strike_B+1","Defend_B+1","Defend_B","Defend_B+1","Zap+1","Dualcast","Gash","Beam Cell","Conserve Battery","Cold Snap","Capacitor","Cold Snap","FTL","Gash","Stack","Electrodynamics","Consume+1","Reinforced Body+1","Conserve Battery+1","Compile Driver+1","Coolheaded","Go for the Eyes","Double Energy+1"],"relics":["Cracked Core","War Paint","Happy Flower","Ancient Tea Set","Astrolabe"],"potions_floor_usage":[16,16],"damage_taken":[{"damage":2,"enemies":"Jaw Worm","floor":1,"turns":3},{"damage":0,"enemies":"2 Louse","floor":4,"turns":1},{"damage":7,"enemies":"Small Slimes","floor":5,"turns":3},{"damage":18,"enemies":"Lagavulin","floor":6,"turns":6},{"damage":11,"enemies":"3 Louse","floor":11,"turns":4},{"damage":8,"enemies":"Large Slime","floor":13,"turns":4},{"damage":0,"enemies":"Looter","floor":14,"turns":3},{"damage":0,"enemies":"Slime Boss","floor":16,"turns":12},{"damage":17,"enemies":"Shell Parasite","floor":18,"turns":5},{"damage":13,"enemies":"2 Thieves","floor":19,"turns":3},{"damage":26,"enemies":"Shelled Parasite and Fungi","floor":20,"turns":8},{"damage":9,"enemies":"3 Cultists","floor":22,"turns":3},{"damage":41,"enemies":"Slavers","floor":24,"turns":3}],"seed_played":"-2459180957924966483","potions_obtained":[{"floor":5,"key":"Ancient Potion"},{"floor":6,"key":"FocusPotion"},{"floor":14,"key":"Dexterity Potion"},{"floor":19,"key":"Energy Potion"},{"floor":22,"key":"EssenceOfSteel"}],"is_trial":false,"path_per_floor":["M","?","?","M","M","E","R","?","T","$","M","R","M","M","R","B",null,"M","M","M","?","M","R","E"],"character_chosen":"DEFECT","items_purchased":["Capacitor","Cold Snap"],"campfire_rested":4,"item_purchase_floors":[10,10],"current_hp_per_floor":[73,70,54,54,47,29,53,53,53,53,42,66,58,58,82,82,82,65,52,26,26,17,41,0],"gold":404,"neow_bonus":"TEN_PERCENT_HP_BONUS","is_prod":false,"is_daily":false,"chose_seed":false,"campfire_upgraded":0,"win_rate":0,"timestamp":1549376051,"path_taken":["M","?","?","M","M","E","R","?","T","$","M","R","M","M","R","BOSS","M","M","M","?","M","R","E"],"build_version":"2019-01-23","purchased_purges":0,"victory":false,"max_hp_per_floor":[82,82,82,82,82,82,82,82,82,82,82,82,82,82,82,82,82,82,82,82,82,82,82,82],"card_choices":[{"not_picked":["Darkness","Go for the Eyes"],"picked":"Gash","floor":1},{"not_picked":["Fission","Force Field"],"picked":"Beam Cell","floor":4},{"not_picked":["Redo","Coolheaded"],"picked":"Conserve Battery","floor":5},{"not_picked":["Reprogram","Static Discharge"],"picked":"Cold Snap","floor":6},{"not_picked":["Steam Power","Rebound"],"picked":"FTL","floor":11},{"not_picked":["Steam","Compile Driver"],"picked":"Gash","floor":13},{"not_picked":["Beam Cell","Streamline"],"picked":"Stack","floor":14},{"not_picked":["Rainbow","Core Surge"],"picked":"Electrodynamics","floor":16},{"not_picked":["Chaos","Hologram"],"picked":"Compile Driver+1","floor":18},{"not_picked":["Reprogram+1","Stack"],"picked":"Coolheaded","floor":19},{"not_picked":["Rebound+1","Sweeping Beam"],"picked":"Go for the Eyes","floor":20},{"not_picked":["Hello World","Stack"],"picked":"Double Energy+1","floor":22}],"player_experience":372269,"relics_obtained":[{"floor":6,"key":"Happy Flower"},{"floor":9,"key":"Ancient Tea Set"}],"event_choices":[{"damage_healed":0,"gold_gain":0,"player_choice":"Success","damage_taken":3,"relics_obtained":["War Paint"],"max_hp_gain":0,"max_hp_loss":0,"event_name":"Scrap Ooze","floor":2,"gold_loss":0},{"damage_healed":0,"gold_gain":0,"player_choice":"Entered Light","damage_taken":16,"max_hp_gain":0,"max_hp_loss":0,"event_name":"Shining Light","floor":3,"gold_loss":0,"cards_upgraded":["Strike_B","Defend_B"]},{"damage_healed":0,"gold_gain":0,"cards_transformed":["Strike_B"],"player_choice":"Change","damage_taken":0,"max_hp_gain":0,"max_hp_loss":0,"event_name":"Living Wall","floor":8,"gold_loss":0,"cards_obtained":["Auto Shields"]},{"damage_healed":0,"gold_gain":99,"player_choice":"Stole From Cult","damage_taken":0,"max_hp_gain":0,"max_hp_loss":0,"event_name":"Nest","floor":21,"gold_loss":0}],"is_beta":false,"boss_relics":[{"not_picked":["Tiny House","Eternal Feather"],"picked":"Astrolabe"}],"items_purged_floors":[],"is_endless":false,"potions_floor_spawned":[5,6,14,19,22],"killed_by":"Slavers","ascension_level":6}