{"gold_per_floor":[114,129,49,224,242,242,20,20,20,120,120,138,172,183,183,283,283,299,38,38,49,61,61,77,89,143,242,242,25,25,41,41,139,139,152,162,108,119,119,119,119],"floor_reached":41,"playtime":1986,"items_purged":["Doubt","Strike_B","Writhe"],"score":578,"play_id":"ed4ad738-3b64-4f24-a685-1dc35e00012e","local_time":"20190207093830","is_ascension_mode":true,"campfire_choices":[{"data":"Zap","floor":6,"key":"SMITH"},{"data":"Hello World","floor":8,"key":"SMITH"},{"floor":15,"key":"REST"},{"data":"Defragment","floor":23,"key":"SMITH"},{"floor":30,"key":"REST"},{"data":"Enlightenment","floor":32,"key":"SMITH"},{"floor":40,"key":"REST"}],"neow_cost":"NONE","seed_source_timestamp":1860544043591593,"circlet_count":0,"master_deck":["Strike_B","Strike_B","Strike_B","Defend_B","Defend_B","Defend_B","Defend_B","Zap+1","Dualcast","Lockon","Hello World+1","Self Repair","Ball Lightning","Gash","Consume","Coolheaded","Thunder Strike","FTL","Defragment+1","Undo","Capacitor","Steam","Enlightenment+1","Cold Snap","Buffer+1","Conserve Battery","White Noise"],"relics":["Cracked Core","Oddly Smooth Stone","Ornamental Fan","The Courier","Nuclear Battery","Boot","Nilry\u0027s Codex","Tiny Chest","Frozen Egg 2","Busted Crown","CultistMask"],"potions_floor_usage":[11,13,13,13,16,18,22,22,31,33,33,38],"damage_taken":[{"damage":2,"enemies":"Jaw Worm","floor":1,"turns":3},{"damage":0,"enemies":"Small Slimes","floor":2,"turns":3},{"damage":6,"enemies":"Cultist","floor":5,"turns":4},{"damage":8,"enemies":"Gremlin Nob","floor":11,"turns":3},{"damage":11,"enemies":"3 Louse","floor":12,"turns":4},{"damage":0,"enemies":"Lagavulin","floor":13,"turns":5},{"damage":10,"enemies":"2 Fungi Beasts","floor":14,"turns":3},{"damage":15,"enemies":"The Guardian","floor":16,"turns":12},{"damage":2,"enemies":"Spheric Guardian","floor":18,"turns":4},{"damage":10,"enemies":"Chosen","floor":21,"turns":4},{"damage":1,"enemies":"Snecko","floor":22,"turns":5},{"damage":23,"enemies":"Snake Plant","floor":24,"turns":6},{"damage":6,"enemies":"Centurion and Healer","floor":25,"turns":8},{"damage":9,"enemies":"Snecko","floor":31,"turns":5},{"damage":36,"enemies":"Automaton","floor":33,"turns":12},{"damage":32,"enemies":"3 Darklings","floor":35,"turns":7},{"damage":16,"enemies":"Orb Walker","floor":36,"turns":4},{"damage":13,"enemies":"Spire Growth","floor":38,"turns":6},{"damage":55,"enemies":"Giant Head","floor":41,"turns":9}],"seed_played":"1873690157850196446","potions_obtained":[{"floor":0,"key":"Dexterity Potion"},{"floor":0,"key":"SmokeBomb"},{"floor":0,"key":"Weak Potion"},{"floor":12,"key":"EssenceOfSteel"},{"floor":13,"key":"FocusPotion"},{"floor":14,"key":"Ancient Potion"},{"floor":16,"key":"Block Potion"},{"floor":18,"key":"Ancient Potion"},{"floor":22,"key":"Strength Potion"},{"floor":24,"key":"Weak Potion"},{"floor":25,"key":"Ancient Potion"},{"floor":36,"key":"Weak Potion"}],"is_trial":false,"path_per_floor":["M","M","$","?","M","R","$","R","T","?","E","M","E","M","R","B",null,"M","$","?","M","M","R","M","M","T","?","?","$","R","M","R","B",null,"M","M","$","M","?","R","E"],"character_chosen":"DEFECT","items_purchased":["Self Repair","Oddly Smooth Stone","Defragment","Boot","Enlightenment","Cold Snap","White Noise"],"campfire_rested":3,"item_purchase_floors":[3,7,19,19,29,29,37],"current_hp_per_floor":[66,66,66,66,67,67,67,67,67,67,66,62,62,59,75,67,73,75,75,59,56,62,62,39,40,40,40,40,40,62,60,60,24,62,37,28,28,22,22,44,0],"gold":119,"neow_bonus":"THREE_SMALL_POTIONS","is_prod":false,"is_daily":false,"chose_seed":false,"campfire_upgraded":4,"win_rate":0,"timestamp":1549550310,"path_taken":["M","M","$","?","M","R","$","R","T","?","E","M","E","M","R","BOSS","M","?","?","M","M","R","M","M","T","?","?","$","R","M","R","BOSS","M","M","$","M","?","R","E"],"build_version":"2019-01-23","purchased_purges":3,"victory":false,"max_hp_per_floor":[75,75,75,75,75,75,75,75,75,75,75,75,75,75,75,75,75,75,75,75,75,75,75,75,75,75,75,75,75,75,75,75,75,75,75,75,75,75,75,75,75],"card_choices":[{"not_picked":["Compile Driver","Streamline"],"picked":"Lockon","floor":1},{"not_picked":["Hologram","Sweeping Beam"],"picked":"Hello World","floor":2},{"not_picked":["Capacitor","Hologram"],"picked":"Ball Lightning","floor":5},{"not_picked":["Heatsinks","All For One"],"picked":"Gash","floor":12},{"not_picked":["Sunder","Reboot"],"picked":"Consume","floor":13},{"not_picked":["Hello World","Rebound"],"picked":"Coolheaded","floor":14},{"not_picked":["Reboot","Biased Cognition"],"picked":"Thunder Strike","floor":16},{"not_picked":["Go for the Eyes","Compile Driver"],"picked":"FTL","floor":18},{"not_picked":["Coolheaded","Lockon","Rebound+1"],"picked":"SKIP","floor":21},{"not_picked":["Auto Shields","Go for the Eyes"],"picked":"Undo","floor":22},{"not_picked":["Streamline","Ball Lightning"],"picked":"Capacitor","floor":24},{"not_picked":["Sweeping Beam","Fusion"],"picked":"Steam","floor":25},{"not_picked":["Beam Cell","Ball Lightning","Scrape"],"picked":"SKIP","floor":31},{"not_picked":["Multi-Cast","Amplify"],"picked":"Buffer+1","floor":33},{"not_picked":["Melter+1"],"picked":"SKIP","floor":35},{"not_picked":[],"picked":"Conserve Battery","floor":36},{"not_picked":["Hologram"],"picked":"SKIP","floor":38}],"player_experience":408003,"relics_obtained":[{"floor":9,"key":"Ornamental Fan"},{"floor":13,"key":"The Courier"},{"floor":20,"key":"Nilry\u0027s Codex"},{"floor":26,"key":"Tiny Chest"}],"event_choices":[{"damage_healed":0,"gold_gain":175,"player_choice":"AGREE","damage_taken":0,"max_hp_gain":0,"max_hp_loss":0,"event_name":"Liars Game","floor":4,"gold_loss":0,"cards_obtained":["Doubt"]},{"damage_healed":0,"gold_gain":100,"player_choice":"Pray","damage_taken":0,"max_hp_gain":0,"max_hp_loss":0,"event_name":"Golden Shrine","floor":10,"gold_loss":0},{"damage_healed":0,"gold_gain":0,"player_choice":"Obtained Book","damage_taken":16,"max_hp_gain":0,"max_hp_loss":0,"event_name":"Cursed Tome","floor":20,"gold_loss":0},{"damage_healed":0,"gold_gain":99,"player_choice":"Stole From Cult","damage_taken":0,"max_hp_gain":0,"max_hp_loss":0,"event_name":"Nest","floor":27,"gold_loss":0},{"damage_healed":0,"gold_gain":0,"player_choice":"Opened","damage_taken":0,"relics_obtained":["Frozen Egg 2"],"max_hp_gain":0,"max_hp_loss":0,"event_name":"The Mausoleum","floor":28,"gold_loss":0,"cards_obtained":["Writhe"]},{"damage_healed":0,"gold_gain":0,"player_choice":"Trade","damage_taken":0,"relics_obtained":["CultistMask"],"max_hp_gain":0,"max_hp_loss":0,"event_name":"FaceTrader","floor":39,"gold_loss":0}],"is_beta":false,"boss_relics":[{"not_picked":["Astrolabe","Black Star"],"picked":"Nuclear Battery"},{"not_picked":["Sozu","Runic Dome"],"picked":"Busted Crown"}],"items_purged_floors":[7,19,29],"is_endless":false,"potions_floor_spawned":[11,12,13,14,16,18,22,24,25,36],"killed_by":"Giant Head","ascension_level":7}