{"path_per_floor":["M","T","$","T","$","M","M","M","T","R","E","?","M","M","R","B",null,"M","$","?","M","$","E","R","M","T","R","$","?","R","?","R","B",null,"M","$","M","$"],"character_chosen":"DEFECT","items_purchased":["Storm","Loop","Force Field+1","Defragment","White Noise+1","Self Repair","Biased Cognition","Pantograph","Static Discharge","Heatsinks"],"gold_per_floor":[111,111,76,153,5,15,25,44,44,44,70,70,84,96,96,200,200,220,145,145,162,52,378,378,389,389,389,66,66,66,66,66,167,167,181,101,116,80,80],"floor_reached":39,"campfire_rested":2,"playtime":1256,"item_purchase_floors":[3,5,5,19,22,22,28,28,36,38],"current_hp_per_floor":[75,75,75,75,75,73,73,74,74,74,75,57,55,69,69,75,75,75,75,75,75,75,31,53,48,48,48,48,48,70,70,70,72,75,69,69,22,22,0],"items_purged":[],"gold":80,"score":482,"play_id":"0329853e-2e20-41fd-b4d2-bf35ee871f58","local_time":"20180602091920","is_prod":false,"is_daily":false,"chose_seed":false,"is_ascension_mode":true,"campfire_upgraded":4,"win_rate":0,"timestamp":1527895160,"campfire_choices":[{"data":"Storm","floor":10,"key":"SMITH"},{"data":"Loop","floor":15,"key":"SMITH"},{"floor":24,"key":"REST"},{"data":"Defragment","floor":27,"key":"SMITH"},{"floor":30,"key":"REST"},{"data":"Thunder Strike","floor":32,"key":"SMITH"}],"path_taken":["M","?","$","?","$","M","M","?","T","R","E","?","?","?","R","BOSS","M","$","?","?","$","E","R","M","T","R","?","?","R","?","R","BOSS","M","$","M","$","M"],"build_version":"2018-05-31","seed_source_timestamp":129318234031723,"purchased_purges":0,"victory":false,"master_deck":["Strike_B","Strike_B","Strike_B","Strike_B","Defend_B","Defend_B","Defend_B","Defend_B","Zap","Dualcast","Parasite","Compile Driver","Storm+1","Loop+1","Force Field+1","Rebound","Self Repair","Self Repair","Rebound","White Noise+1","Consume+1","Thunder Strike+1","Undo+1","Defragment+1","Redo+1","White Noise+1","Self Repair","Sweeping Beam","Hologram+1","Biased Cognition","Writhe","Creative AI","Loop","Static Discharge","Cold Snap+1","Heatsinks"],"max_hp_per_floor":[75,75,75,75,75,75,75,75,75,75,75,75,75,75,75,75,75,75,75,75,75,75,75,75,75,75,75,75,75,75,75,75,75,75,75,75,75,75,75],"relics":["Cracked Core","Thread and Needle","Pen Nib","Toxic Egg 2","Orichalcum","Kunai","Unceasing Top","Philosopher\u0027s Stone","Old Coin","Cables","Pantograph","Potion Belt","Runic Pyramid"],"card_choices":[{"not_picked":["Rebound","Beam Cell"],"picked":"Compile Driver","floor":1},{"not_picked":["Beam Cell","Streamline"],"picked":"Rebound","floor":6},{"not_picked":["Hologram+1","Rebound"],"picked":"Self Repair","floor":7},{"not_picked":["Rebound","Darkness+1"],"picked":"Self Repair","floor":8},{"not_picked":["Gash","Sweeping Beam"],"picked":"Rebound","floor":11},{"not_picked":["Consume+1","FTL"],"picked":"White Noise+1","floor":13},{"not_picked":["Stack+1","Compile Driver"],"picked":"Consume+1","floor":14},{"not_picked":["Buffer","Rainbow+1"],"picked":"Thunder Strike","floor":16},{"not_picked":["Sweeping Beam","Streamline"],"picked":"Undo+1","floor":18},{"not_picked":["BootSequence+1","Rebound"],"picked":"Redo+1","floor":21},{"not_picked":["Gash+1","Skim+1"],"picked":"Sweeping Beam","floor":23},{"not_picked":["Blizzard","Beam Cell"],"picked":"Hologram+1","floor":25},{"not_picked":["Meteor Strike","Echo Form"],"picked":"Creative AI","floor":33},{"not_picked":["Auto Shields+1","Cold Snap"],"picked":"Loop","floor":35},{"not_picked":["Beam Cell+1","Scrape"],"picked":"Cold Snap+1","floor":37}],"player_experience":136089,"potions_floor_usage":[8,8,16,23,39],"damage_taken":[{"damage":0,"enemies":"Cultist","floor":1,"turns":2},{"damage":2,"enemies":"Jaw Worm","floor":6,"turns":4},{"damage":0,"enemies":"2 Louse","floor":7,"turns":2},{"damage":6,"enemies":"Gremlin Gang","floor":8,"turns":3},{"damage":7,"enemies":"3 Sentries","floor":11,"turns":5},{"damage":16,"enemies":"Lots of Slimes","floor":13,"turns":4},{"damage":0,"enemies":"Large Slime","floor":14,"turns":3},{"damage":1,"enemies":"Slime Boss","floor":16,"turns":6},{"damage":1,"enemies":"Chosen","floor":18,"turns":4},{"damage":2,"enemies":"Spheric Guardian","floor":21,"turns":3},{"damage":58,"enemies":"Slavers","floor":23,"turns":5},{"damage":19,"enemies":"Snake Plant","floor":25,"turns":3},{"damage":24,"enemies":"Champ","floor":33,"turns":6},{"damage":13,"enemies":"Orb Walker","floor":35,"turns":3},{"damage":61,"enemies":"3 Darklings","floor":37,"turns":4},{"damage":29,"enemies":"4 Shapes","floor":39,"turns":2}],"relics_obtained":[{"floor":2,"key":"Pen Nib"},{"floor":4,"key":"Toxic Egg 2"},{"floor":9,"key":"Orichalcum"},{"floor":11,"key":"Kunai"},{"floor":23,"key":"Old Coin"},{"floor":26,"key":"Cables"}],"event_choices":[{"event_name":"Scrap Ooze","player_choice":"success","floor":12,"damage_taken":18},{"event_name":"Vampires","player_choice":"Ignored","floor":20,"damage_taken":0},{"event_name":"The Mausoleum","player_choice":"Yes","floor":29,"damage_taken":0},{"event_name":"Ghosts","player_choice":"Ignored","floor":31,"damage_taken":0}],"boss_relics":[{"not_picked":["Eternal Feather","Pandora\u0027s Box"],"picked":"Philosopher\u0027s Stone"},{"not_picked":["Lizard Tail","Calling Bell"],"picked":"Runic Pyramid"}],"items_purged_floors":[],"potions_floor_spawned":[1,6,7,11,14,21,23,25,37],"seed_played":"437250874385680269","killed_by":"4 Shapes","ascension_level":3,"potions_obtained":[{"floor":1,"key":"SteroidPotion"},{"floor":6,"key":"SkillPotion"},{"floor":7,"key":"AttackPotion"},{"floor":11,"key":"Poison Potion"},{"floor":14,"key":"Fire Potion"},{"floor":21,"key":"Explosive Potion"},{"floor":23,"key":"GamblersBrew"},{"floor":37,"key":"GamblersBrew"}],"is_trial":false}