{"gold_per_floor":[115,130,130,130,143,143,143,15,70,17,17,348,4,21,21,124,124,134,146,106,116,130,130,5,18,42,58,70,70,87,104,104,104],"floor_reached":33,"playtime":1280,"items_purged":["Strike_B","Strike_B","Strike_B"],"score":342,"play_id":"455ac942-8091-4f95-b72d-73dd8a711ac4","local_time":"20190208181649","is_ascension_mode":true,"campfire_choices":[{"data":"Zap","floor":7,"key":"SMITH"},{"data":"Conserve Battery","floor":11,"key":"SMITH"},{"data":"Loop","floor":15,"key":"SMITH"},{"floor":23,"key":"REST"},{"floor":29,"key":"REST"},{"data":"Echo Form","floor":32,"key":"SMITH"}],"neow_cost":"NONE","seed_source_timestamp":1978752127763874,"circlet_count":0,"master_deck":["Strike_B","Defend_B","Defend_B","Defend_B","Defend_B","Zap+1","Dualcast","Steam+1","Conserve Battery","Coolheaded+1","Cold Snap","Conserve Battery+1","Cold Snap","Loop+1","Ball Lightning","Electrodynamics","Stack+1","Compile Driver+1","Self Repair","Hologram","Beam Cell+1","Go for the Eyes","Echo Form+1","Leap","FTL","Cold Snap"],"relics":["Cracked Core","Boot","Dream Catcher","Bronze Scales","Old Coin","Oddly Smooth Stone","Eternal Feather","Anchor"],"potions_floor_usage":[6,12,16,22,27,31],"damage_taken":[{"damage":0,"enemies":"Small Slimes","floor":1,"turns":2},{"damage":2,"enemies":"Jaw Worm","floor":2,"turns":3},{"damage":0,"enemies":"2 Louse","floor":5,"turns":3},{"damage":0,"enemies":"Gremlin Gang","floor":6,"turns":1},{"damage":5,"enemies":"3 Sentries","floor":12,"turns":10},{"damage":0,"enemies":"Large Slime","floor":14,"turns":5},{"damage":21,"enemies":"Slime Boss","floor":16,"turns":10},{"damage":0,"enemies":"Chosen","floor":18,"turns":4},{"damage":15,"enemies":"2 Thieves","floor":19,"turns":3},{"damage":19,"enemies":"Snecko","floor":21,"turns":5},{"damage":18,"enemies":"Shelled Parasite and Fungi","floor":22,"turns":4},{"damage":13,"enemies":"Sentry and Sphere","floor":25,"turns":4},{"damage":10,"enemies":"Snecko","floor":27,"turns":6},{"damage":26,"enemies":"Snake Plant","floor":28,"turns":4},{"damage":4,"enemies":"Chosen and Byrds","floor":30,"turns":8},{"damage":17,"enemies":"Centurion and Healer","floor":31,"turns":5},{"damage":79,"enemies":"Collector","floor":33,"turns":7}],"seed_played":"4517218705911196782","potions_obtained":[{"floor":1,"key":"GamblersBrew"},{"floor":5,"key":"SmokeBomb"},{"floor":12,"key":"FearPotion"},{"floor":21,"key":"SkillPotion"},{"floor":25,"key":"SpeedPotion"},{"floor":27,"key":"Fire Potion"}],"is_trial":false,"path_per_floor":["M","M","?","?","M","M","R","$","T","$","R","E","$","M","R","B",null,"M","M","?","M","M","R","$","M","T","M","M","R","M","M","R","B"],"character_chosen":"DEFECT","items_purchased":["Cold Snap","Conserve Battery","Oddly Smooth Stone","Loop","Ball Lightning"],"campfire_rested":2,"item_purchase_floors":[8,10,13,13,13],"current_hp_per_floor":[68,66,66,66,66,66,66,66,66,66,66,61,61,61,61,40,66,66,51,51,32,21,55,55,49,49,46,27,61,64,54,69,0],"gold":104,"neow_bonus":"RANDOM_COMMON_RELIC","is_prod":false,"is_daily":false,"chose_seed":false,"campfire_upgraded":4,"win_rate":0,"timestamp":1549667809,"path_taken":["M","M","?","?","M","M","R","$","T","?","R","E","$","M","R","BOSS","M","M","?","M","M","R","$","?","T","M","M","R","M","M","R","BOSS"],"build_version":"2019-01-23","purchased_purges":3,"victory":false,"max_hp_per_floor":[75,75,75,75,75,75,75,75,75,75,75,75,75,75,75,75,75,75,75,75,75,75,75,75,75,75,75,75,75,75,75,75,75],"card_choices":[{"not_picked":["Turbo","Sweeping Beam"],"picked":"Steam","floor":1},{"not_picked":["Go for the Eyes","Multi-Cast"],"picked":"Conserve Battery","floor":2},{"not_picked":["Stack","Turbo"],"picked":"Coolheaded","floor":5},{"not_picked":["Barrage","Gash"],"picked":"Cold Snap","floor":12},{"not_picked":["Leap","Coolheaded","Aggregate"],"picked":"SKIP","floor":14},{"not_picked":["Biased Cognition","Thunder Strike"],"picked":"Electrodynamics","floor":16},{"not_picked":["Scrape","Sunder"],"picked":"Stack+1","floor":18},{"not_picked":["Rebound+1","Leap+1"],"picked":"Compile Driver+1","floor":19},{"not_picked":["Rebound+1","Chill"],"picked":"Self Repair","floor":21},{"not_picked":["Rip and Tear","Genetic Algorithm"],"picked":"Hologram","floor":22},{"not_picked":["Redo","Conserve Battery+1"],"picked":"Beam Cell+1","floor":23},{"not_picked":["Rebound+1","Redo"],"picked":"Go for the Eyes","floor":25},{"not_picked":["Go for the Eyes","Hologram"],"picked":"Echo Form","floor":27},{"not_picked":["Sweeping Beam+1","Hologram"],"picked":"Leap","floor":28},{"not_picked":["Tempest","Hologram+1"],"picked":"FTL","floor":30},{"not_picked":["Auto Shields+1","Beam Cell+1"],"picked":"Cold Snap","floor":31}],"player_experience":419246,"relics_obtained":[{"floor":9,"key":"Bronze Scales"},{"floor":12,"key":"Old Coin"},{"floor":26,"key":"Anchor"}],"event_choices":[{"damage_healed":0,"gold_gain":0,"player_choice":"Box","damage_taken":0,"relics_obtained":["Dream Catcher"],"max_hp_gain":0,"max_hp_loss":0,"event_name":"Big Fish","floor":3,"gold_loss":0,"cards_obtained":["Regret"]},{"cards_removed":["Regret"],"damage_healed":0,"gold_gain":0,"player_choice":"Forget","damage_taken":0,"max_hp_gain":0,"max_hp_loss":0,"event_name":"Living Wall","floor":4,"gold_loss":0},{"damage_healed":0,"gold_gain":0,"player_choice":"Upgraded Two","damage_taken":0,"max_hp_gain":0,"max_hp_loss":0,"event_name":"Designer","floor":20,"gold_loss":40,"cards_upgraded":["Coolheaded","Steam"]}],"is_beta":false,"boss_relics":[{"not_picked":["Ectoplasm","White Beast Statue"],"picked":"Eternal Feather"}],"items_purged_floors":[8,13,24],"is_endless":false,"potions_floor_spawned":[1,5,6,12,21,25,27],"killed_by":"Collector","ascension_level":7}