{"gold_per_floor":[116,135,145,95,113,113,132,132,204,204,204,224,224,224],"floor_reached":14,"playtime":624,"items_purged":[],"score":139,"play_id":"3f2d8957-254b-4286-ac1d-9367617a409a","local_time":"20181201143220","is_ascension_mode":true,"campfire_choices":[{"data":"Survivor","floor":6,"key":"SMITH"},{"data":"Backflip","floor":8,"key":"SMITH"}],"neow_cost":"NONE","seed_source_timestamp":11457087504041,"circlet_count":0,"master_deck":["AscendersBane","Defend_G","Defend_G","Defend_G","Defend_G","Defend_G","Strike_G","Strike_G","Strike_G","Strike_G","Survivor+1","Neutralize","Backflip+1","Tactician","Choke","Phantasmal Killer","Concentrate","Injury","PiercingWail"],"relics":["Cursed Key","Gremlin Horn","Paper Crane"],"potions_floor_usage":[12],"damage_taken":[{"damage":0,"enemies":"Cultist","floor":1,"turns":5},{"damage":12,"enemies":"Jaw Worm","floor":2,"turns":4},{"damage":0,"enemies":"Small Slimes","floor":3,"turns":5},{"damage":0,"enemies":"Blue Slaver","floor":5,"turns":6},{"damage":0,"enemies":"Red Slaver","floor":7,"turns":3},{"damage":31,"enemies":"Exordium Thugs","floor":12,"turns":8},{"damage":11,"enemies":"Lots of Slimes","floor":14,"turns":1}],"seed_played":"-8117789606967066226","potions_obtained":[{"floor":2,"key":"GamblersBrew"}],"is_trial":false,"path_per_floor":["M","M","M","?","M","R","M","R","T","?","T","M","?","M"],"character_chosen":"THE_SILENT","items_purchased":[],"campfire_rested":0,"item_purchase_floors":[],"current_hp_per_floor":[59,47,47,47,47,47,47,47,47,40,40,9,9,0],"gold":224,"neow_bonus":"BOSS_RELIC","is_prod":false,"is_daily":false,"chose_seed":false,"campfire_upgraded":2,"win_rate":0,"timestamp":1543671140,"path_taken":["M","M","M","?","M","R","M","R","T","?","?","M","?","M"],"build_version":"2018-11-15","purchased_purges":0,"victory":false,"max_hp_per_floor":[66,66,66,66,66,66,66,66,66,66,66,66,66,66],"card_choices":[{"not_picked":["Slice","Sucker Punch"],"picked":"Backflip","floor":1},{"not_picked":["Outmaneuver","Slice"],"picked":"Tactician","floor":2},{"not_picked":["Dagger Spray","Cloak And Dagger"],"picked":"Choke","floor":3},{"not_picked":["Backstab","Sucker Punch"],"picked":"Phantasmal Killer","floor":5},{"not_picked":["Dagger Spray","Riddle With Holes"],"picked":"Concentrate","floor":7},{"not_picked":["Blade Dance","Dagger Spray"],"picked":"PiercingWail","floor":12}],"player_experience":567664,"relics_obtained":[{"floor":9,"key":"Gremlin Horn"},{"floor":11,"key":"Paper Crane"}],"event_choices":[{"cards_removed":["Strike_G"],"damage_healed":0,"gold_gain":0,"player_choice":"Card Removal","damage_taken":0,"max_hp_gain":0,"max_hp_loss":0,"event_name":"The Cleric","floor":4,"gold_loss":50},{"cards_removed":["Writhe"],"damage_healed":0,"gold_gain":0,"player_choice":"Card Removal","damage_taken":7,"max_hp_gain":0,"max_hp_loss":0,"event_name":"Golden Wing","floor":10,"gold_loss":0},{"damage_healed":0,"gold_gain":0,"player_choice":"Fled","damage_taken":0,"max_hp_gain":0,"max_hp_loss":0,"event_name":"Scrap Ooze","floor":13,"gold_loss":0}],"is_beta":false,"boss_relics":[],"items_purged_floors":[],"is_endless":false,"potions_floor_spawned":[2],"killed_by":"Lots of Slimes","ascension_level":14}