{"gold_per_floor":[114,126,126,138,138,166,179,210,234,234,245,52,72,72,72,72],"floor_reached":16,"playtime":1344,"items_purged":[],"score":112,"play_id":"1b12aca1-6798-4e14-b102-6d18c20fc587","local_time":"20181213192308","is_ascension_mode":false,"campfire_choices":[{"floor":10,"key":"REST"},{"data":"Footwork","floor":15,"key":"SMITH"}],"neow_cost":"NONE","seed_source_timestamp":2354896809374,"circlet_count":0,"master_deck":["Defend_G","Defend_G","Defend_G","Defend_G","Defend_G","Strike_G","Strike_G","Strike_G","Strike_G","Survivor","Neutralize","Slice+1","Venomology","Dodge and Roll","Catalyst","PiercingWail","Footwork+1","Heel Hook"],"relics":["White Beast Statue","Snake Skull","Ancient Tea Set","Regal Pillow","Toy Ornithopter"],"potions_floor_usage":[4,6,6,7,7,8,8,11,11,13,13,16,16,16,16],"damage_taken":[{"damage":0,"enemies":"Jaw Worm","floor":1,"turns":9},{"damage":0,"enemies":"Cultist","floor":2,"turns":5},{"damage":2,"enemies":"Small Slimes","floor":4,"turns":3},{"damage":23,"enemies":"Lagavulin","floor":6,"turns":9},{"damage":32,"enemies":"Exordium Thugs","floor":7,"turns":8},{"damage":43,"enemies":"Gremlin Nob","floor":8,"turns":6},{"damage":1,"enemies":"3 Louse","floor":11,"turns":4},{"damage":3,"enemies":"Red Slaver","floor":13,"turns":4},{"damage":87,"enemies":"Hexaghost","floor":16,"turns":19}],"seed_played":"3211880098167859011","potions_obtained":[{"floor":1,"key":"Explosive Potion"},{"floor":2,"key":"Regen Potion"},{"floor":4,"key":"Fire Potion"},{"floor":6,"key":"Regen Potion"},{"floor":7,"key":"Energy Potion"},{"floor":8,"key":"SkillPotion"},{"floor":11,"key":"AttackPotion"},{"floor":13,"key":"Dexterity Potion"}],"is_trial":false,"path_per_floor":["M","M","?","M","?","E","M","E","T","R","M","$","M","?","R","B"],"character_chosen":"THE_SILENT","items_purchased":["Toy Ornithopter"],"campfire_rested":1,"item_purchase_floors":[12],"current_hp_per_floor":[70,70,70,68,68,45,28,25,25,61,60,60,67,67,67,0],"gold":72,"neow_bonus":"BOSS_RELIC","is_prod":false,"is_daily":false,"chose_seed":false,"campfire_upgraded":1,"win_rate":0,"timestamp":1544725388,"path_taken":["M","M","?","?","?","E","M","E","T","R","M","$","M","?","R","BOSS"],"build_version":"2018-12-06","purchased_purges":0,"victory":false,"max_hp_per_floor":[70,70,70,70,70,70,70,70,70,70,70,70,70,70,70,70],"card_choices":[{"not_picked":["Acrobatics","Concentrate"],"picked":"Slice","floor":1},{"not_picked":["Blade Dance","Bane"],"picked":"Venomology","floor":2},{"not_picked":["Dagger Throw","Flechettes","Outmaneuver"],"picked":"SKIP","floor":4},{"not_picked":["Dagger Spray","Bane","Tactician"],"picked":"SKIP","floor":6},{"not_picked":["Riddle With Holes","Caltrops"],"picked":"Dodge and Roll","floor":7},{"not_picked":["Skewer","Masterful Stab"],"picked":"Catalyst","floor":8},{"not_picked":["Sucker Punch","Masterful Stab"],"picked":"PiercingWail","floor":11},{"not_picked":["Crippling Poison","Escape Plan"],"picked":"Footwork","floor":13}],"player_experience":612557,"relics_obtained":[{"floor":6,"key":"Snake Skull"},{"floor":8,"key":"Ancient Tea Set"},{"floor":9,"key":"Regal Pillow"}],"event_choices":[{"damage_healed":0,"gold_gain":0,"player_choice":"Upgraded","damage_taken":0,"max_hp_gain":0,"max_hp_loss":0,"event_name":"Upgrade Shrine","floor":3,"gold_loss":0,"cards_upgraded":["Slice"]},{"damage_healed":0,"gold_gain":0,"player_choice":"Ignored","damage_taken":0,"max_hp_gain":0,"max_hp_loss":0,"event_name":"Liars Game","floor":5,"gold_loss":0},{"damage_healed":0,"gold_gain":0,"cards_transformed":["Strike_G"],"player_choice":"Transformed","damage_taken":0,"max_hp_gain":0,"max_hp_loss":0,"event_name":"Transmorgrifier","floor":14,"gold_loss":0,"cards_obtained":["Heel Hook"]}],"is_beta":false,"boss_relics":[],"items_purged_floors":[],"is_endless":false,"potions_floor_spawned":[1,2,4,6,7,8,11,13],"killed_by":"Hexaghost","ascension_level":0}