{"gold_per_floor":[114,114,114,125,139,139,170,170,170,201,376,389,389,399,399,496,496,513,513,530,235,235,269,269,98,98,98,114,129,149,166,166,271,271,284,296,1295,1308,1360,1360,1378,375,401,401,413,59,59,76,76,76],"floor_reached":50,"playtime":4161,"items_purged":["Strike_G","Strike_G","Normality","Normality"],"score":674,"play_id":"0a3fce28-e4b6-4668-891f-4654738dd032","local_time":"20180725151248","is_ascension_mode":true,"campfire_choices":[{"data":"Regret","floor":6,"key":"PURGE"},{"data":"Strike_G","floor":8,"key":"PURGE"},{"data":"Doubt","floor":13,"key":"PURGE"},{"floor":15,"key":"REST"},{"data":"Strike_G","floor":24,"key":"PURGE"},{"data":"Accuracy","floor":27,"key":"SMITH"},{"data":"Distraction","floor":32,"key":"PURGE"},{"floor":40,"key":"REST"},{"floor":44,"key":"REST"},{"data":"Blade Dance","floor":49,"key":"SMITH"}],"neow_cost":"NONE","seed_source_timestamp":92497212947466,"circlet_count":0,"master_deck":["Defend_G","Defend_G","Defend_G","Defend_G","Defend_G","Strike_G","Survivor","Neutralize","Storm of Steel","Backstab","Dash","Choke","Dodge and Roll","Blade Dance+1","Dodge and Roll","A Thousand Cuts","Backflip","Cloak And Dagger","PiercingWail+1","Accuracy+1","Dodge and Roll","Terror","PiercingWail+1","Infinite Blades","Blur","Cloak And Dagger","Accuracy+1","Secret Weapon"],"relics":["Ring of the Snake","Letter Opener","Peace Pipe","Bronze Scales","Kunai","Happy Flower","Sozu","Regal Pillow","Vajra","Mango","Philosopher\u0027s Stone","Thread and Needle","Pantograph","HandDrill","Gremlin Horn","Art of War","Medical Kit"],"potions_floor_usage":[16,16,50],"damage_taken":[{"damage":0,"enemies":"Small Slimes","floor":1,"turns":3},{"damage":0,"enemies":"Jaw Worm","floor":4,"turns":4},{"damage":0,"enemies":"2 Louse","floor":5,"turns":2},{"damage":16,"enemies":"3 Sentries","floor":7,"turns":8},{"damage":19,"enemies":"Gremlin Nob","floor":10,"turns":4},{"damage":2,"enemies":"Red Slaver","floor":12,"turns":3},{"damage":0,"enemies":"3 Louse","floor":14,"turns":3},{"damage":6,"enemies":"Hexaghost","floor":16,"turns":9},{"damage":17,"enemies":"2 Thieves","floor":18,"turns":4},{"damage":0,"enemies":"Chosen","floor":20,"turns":4},{"damage":0,"enemies":"Book of Stabbing","floor":23,"turns":6},{"damage":12,"enemies":"Snake Plant","floor":28,"turns":3},{"damage":0,"enemies":"3 Cultists","floor":29,"turns":4},{"damage":9,"enemies":"Centurion and Healer","floor":30,"turns":5},{"damage":1,"enemies":"Cultist and Chosen","floor":31,"turns":5},{"damage":12,"enemies":"Champ","floor":33,"turns":10},{"damage":18,"enemies":"Flame Bruiser 1 Orb","floor":35,"turns":5},{"damage":3,"enemies":"Orb Walker","floor":36,"turns":3},{"damage":32,"enemies":"3 Darklings","floor":38,"turns":6},{"damage":5,"floor":39,"turns":5},{"damage":24,"enemies":"Spire Growth","floor":41,"turns":7},{"damage":12,"enemies":"Sphere and 2 Shapes","floor":45,"turns":6},{"damage":18,"enemies":"Maw","floor":48,"turns":6},{"damage":66,"enemies":"Donu and Deca","floor":50,"turns":7}],"seed_played":"7958620562996784401","potions_obtained":[{"floor":1,"key":"LiquidBronze"},{"floor":10,"key":"Dexterity Potion"},{"floor":16,"key":"LiquidBronze"}],"is_trial":false,"path_per_floor":["M","?","?","M","M","R","E","R","T","E","?","M","R","M","R","B",null,"M","?","M","$","?","E","R","$","T","R","M","M","M","M","R","B",null,"M","M","?","M","?","R","M","$","T","R","M","$","?","M","R"],"character_chosen":"THE_SILENT","items_purchased":["Accuracy","Regal Pillow","Terror","Pantograph","HandDrill","Gremlin Horn","Secret Weapon","Medical Kit"],"campfire_rested":3,"item_purchase_floors":[21,21,25,42,42,42,42,46],"current_hp_per_floor":[63,60,60,60,60,60,44,44,44,25,25,23,23,23,44,38,62,45,45,45,45,45,45,45,45,59,59,47,47,38,37,37,25,69,51,48,48,16,11,51,27,27,27,67,55,55,55,37,37,0],"gold":76,"neow_bonus":"ONE_RANDOM_RARE_CARD","is_prod":false,"is_daily":false,"chose_seed":false,"campfire_upgraded":2,"win_rate":0,"timestamp":1532524368,"path_taken":["M","?","?","?","M","R","E","R","T","E","?","?","R","?","R","BOSS","M","?","?","$","?","E","R","$","T","R","?","M","M","M","R","BOSS","M","M","?","M","?","R","M","$","T","R","M","$","?","?","R","BOSS"],"build_version":"2018-07-19v2","purchased_purges":4,"victory":false,"max_hp_per_floor":[70,70,70,70,70,70,70,70,70,70,70,70,70,70,70,70,70,70,70,70,70,70,70,70,70,84,84,84,84,84,84,84,84,84,84,84,84,84,84,84,84,84,84,84,84,84,84,84,84,84],"card_choices":[{"not_picked":["Outmaneuver","Dagger Throw"],"picked":"Backstab","floor":1},{"not_picked":["Prepared","Sucker Punch"],"picked":"Dash","floor":4},{"not_picked":["Dagger Spray","Tactician","Concentrate"],"picked":"SKIP","floor":5},{"not_picked":["Catalyst","Flechettes"],"picked":"Choke","floor":7},{"not_picked":["Quick Slash","Acrobatics"],"picked":"Dodge and Roll","floor":10},{"not_picked":["Wraith Form v2","Reflex"],"picked":"Blade Dance","floor":12},{"not_picked":["Deadly Poison","Outmaneuver"],"picked":"Dodge and Roll","floor":14},{"not_picked":["Corpse Explosion","Burst"],"picked":"A Thousand Cuts","floor":16},{"not_picked":["Dagger Throw","Quick Slash+1"],"picked":"Backflip","floor":18},{"not_picked":["Bouncing Flask","Footwork"],"picked":"PiercingWail+1","floor":20},{"not_picked":["Bouncing Flask+1","Prepared","Acrobatics"],"picked":"SKIP","floor":23},{"not_picked":["Deflect","Skewer"],"picked":"PiercingWail+1","floor":28},{"not_picked":["Deflect+1","Underhanded Strike"],"picked":"Infinite Blades","floor":29},{"not_picked":["Quick Slash","Tools of the Trade"],"picked":"Blur","floor":30},{"not_picked":["Bane+1","Underhanded Strike+1","Footwork"],"picked":"SKIP","floor":31},{"not_picked":["Envenom","Doppelganger"],"picked":"Unload","floor":33},{"not_picked":["Dodge and Roll+1","Outmaneuver+1"],"picked":"Cloak And Dagger","floor":35},{"not_picked":["PiercingWail","Dagger Throw+1","Underhanded Strike+1"],"picked":"SKIP","floor":36},{"not_picked":["Slice","PiercingWail","Flying Knee+1"],"picked":"SKIP","floor":38},{"not_picked":["Skewer+1","Poisoned Stab"],"picked":"Accuracy+1","floor":41},{"not_picked":["A Thousand Cuts","Outmaneuver+1","All Out Attack"],"picked":"SKIP","floor":45},{"not_picked":["Noxious Fumes","Bane","PiercingWail"],"picked":"SKIP","floor":48}],"player_experience":206155,"relics_obtained":[{"floor":7,"key":"Bronze Scales"},{"floor":9,"key":"Kunai"},{"floor":10,"key":"Happy Flower"},{"floor":23,"key":"Vajra"},{"floor":26,"key":"Mango"},{"floor":39,"key":"Thread and Needle"},{"floor":43,"key":"Art of War"}],"event_choices":[{"event_name":"Scrap Ooze","player_choice":"success","floor":2,"damage_taken":3},{"event_name":"Big Fish","player_choice":"Box","floor":3,"damage_taken":0},{"event_name":"Liars Game","player_choice":"agreed","floor":11,"damage_taken":0},{"event_name":"The Library","player_choice":"Read","floor":19,"damage_taken":0},{"event_name":"Match and Keep!","player_choice":"2 cards matched","floor":22,"damage_taken":0},{"event_name":"MindBloom","player_choice":"Gold","floor":37,"damage_taken":0},{"event_name":"Mysterious Sphere","player_choice":"Fight","floor":39,"damage_taken":0},{"event_name":"Falling","player_choice":"Removed Attack","floor":47,"damage_taken":0}],"is_beta":false,"boss_relics":[{"not_picked":["Orrery","Busted Crown"],"picked":"Sozu"},{"not_picked":["HoveringKite","Eternal Feather"],"picked":"Philosopher\u0027s Stone"}],"items_purged_floors":[21,25,42,46],"is_endless":false,"potions_floor_spawned":[1,10,16,28,31,33,36,38,39,45],"killed_by":"Donu and Deca","ascension_level":6}