{"gold_per_floor":[116,127,127,60,71,71,82,96,96,115,133,133,133,233,233,305,305,317,337,353,369,294,294,321,321,321,182,97,131,151,162,162,240,240,259,273,173,185,202,202,215,215,215,244,244,154,187,26,26,26],"floor_reached":51,"playtime":3903,"items_purged":["Strike_B","Defend_B","Defend_B"],"score":1305,"play_id":"7af59cd6-fdd1-488a-99f5-03e9fe35ea5a","local_time":"20181211222002","is_ascension_mode":true,"campfire_choices":[{"data":"Defragment","floor":6.0,"key":"SMITH"},{"data":"Lockon","floor":12.0,"key":"SMITH"},{"data":"Dualcast","floor":15.0,"key":"SMITH"},{"data":"Biased Cognition","floor":23.0,"key":"SMITH"},{"data":"Rainbow","floor":25.0,"key":"SMITH"},{"data":"Multi-Cast","floor":32.0,"key":"SMITH"},{"data":"Glacier","floor":40.0,"key":"SMITH"},{"data":"Glacier","floor":42.0,"key":"SMITH"},{"data":"Defend_B","floor":45.0,"key":"SMITH"},{"data":"Chaos","floor":49,"key":"SMITH"}],"neow_cost":"TEN_PERCENT_HP_LOSS","seed_source_timestamp":10458788311974,"circlet_count":0,"master_deck":["AscendersBane","Defend_B+1","Zap+1","Dualcast+1","Tempest","Self Repair+1","Biased Cognition+1","Defragment+1","Glacier+1","Glacier+1","Lockon+1","Rainbow+1","Loop+1","Compile Driver","Multi-Cast+1","Chill+1","Reboot+1","Chaos+1"],"special_seed":0,"relics":["Cracked Core","Mummified Hand","Busted Crown","Letter Opener","PreservedInsect","Pantograph","Bag of Marbles","Nuclear Battery","Shuriken","Regal Pillow","War Paint"],"potions_floor_usage":[50],"damage_taken":[{"damage":2.0,"enemies":"Jaw Worm","floor":1.0,"turns":4.0},{"damage":1.0,"enemies":"Cultist","floor":2.0,"turns":3.0},{"damage":7.0,"enemies":"2 Louse","floor":5.0,"turns":3.0},{"damage":30.0,"enemies":"Large Slime","floor":7.0,"turns":4.0},{"damage":35.0,"enemies":"Gremlin Gang","floor":8.0,"turns":6.0},{"damage":0.0,"enemies":"Red Slaver","floor":10.0,"turns":4.0},{"damage":1.0,"enemies":"Looter","floor":11.0,"turns":4.0},{"damage":11.0,"enemies":"The Guardian","floor":16.0,"turns":9.0},{"damage":0.0,"enemies":"Chosen","floor":18.0,"turns":3.0},{"damage":0.0,"enemies":"Spheric Guardian","floor":19.0,"turns":2.0},{"damage":26.0,"enemies":"Snake Plant","floor":20.0,"turns":3.0},{"damage":1.0,"enemies":"Cultist and Chosen","floor":21.0,"turns":4.0},{"damage":24.0,"enemies":"Slavers","floor":24.0,"turns":4.0},{"damage":6.0,"enemies":"Gremlin Leader","floor":29.0,"turns":4.0},{"damage":7.0,"enemies":"Sentry and Sphere","floor":30.0,"turns":4.0},{"damage":24.0,"enemies":"Snake Plant","floor":31.0,"turns":3.0},{"damage":0.0,"enemies":"Automaton","floor":33.0,"turns":9.0},{"damage":9.0,"enemies":"3 Shapes","floor":35.0,"turns":2.0},{"damage":0.0,"enemies":"Orb Walker","floor":36.0,"turns":3.0},{"damage":1.0,"enemies":"Writhing Mass","floor":38.0,"turns":4.0},{"damage":17.0,"enemies":"Maw","floor":39.0,"turns":5.0},{"damage":0.0,"enemies":"Jaw Worm Horde","floor":41.0,"turns":2.0},{"damage":0.0,"enemies":"Reptomancer","floor":44.0,"turns":4.0},{"damage":0,"enemies":"Giant Head","floor":47,"turns":4},{"damage":52,"enemies":"Awakened One","floor":50,"turns":20}],"seed_played":"-6538750218683947209","potions_obtained":[{"floor":5.0,"key":"Regen Potion"},{"floor":7.0,"key":"Regen Potion"},{"floor":10.0,"key":"PowerPotion"},{"floor":16.0,"key":"SteroidPotion"},{"floor":24.0,"key":"Energy Potion"},{"floor":29.0,"key":"Swift Potion"},{"floor":30.0,"key":"SpeedPotion"},{"floor":31.0,"key":"GamblersBrew"},{"floor":33.0,"key":"Block Potion"},{"floor":41.0,"key":"FairyPotion"},{"floor":44.0,"key":"GamblersBrew"}],"is_trial":false,"path_per_floor":["M","M","?","$","M","R","M","M","T","M","M","R","?","?","R","B",null,"M","M","M","M","$","R","E","R","T","$","?","E","M","M","R","B",null,"M","M","$","M","M","R","M","R","T","E","R","?","E","$","R","B",null],"character_chosen":"DEFECT","items_purchased":["Biased Cognition","Multi-Cast","Chaos"],"campfire_rested":0,"item_purchase_floors":[4,27,48],"current_hp_per_floor":[66,65,65,65,65,65,42,29,29,36,42,42,35,35,35,46,63,68,68,49,55,55,55,38,38,38,38,38,39,39,22,22,54,65,63,68,68,68,58,58,58,58,58,65,65,65,68,68,68,26],"gold":26,"neow_bonus":"REMOVE_TWO","is_prod":false,"is_daily":false,"chose_seed":false,"campfire_upgraded":10,"win_rate":0,"timestamp":1544563202,"path_taken":["M","M","?","$","M","R","?","M","T","M","M","R","?","?","R","BOSS","M","M","M","?","$","R","E","R","T","$","?","E","M","M","R","BOSS","M","M","$","M","M","R","M","R","T","E","R","?","E","$","R","BOSS"],"build_version":"2018-12-06","purchased_purges":3,"victory":true,"max_hp_per_floor":[68,68,68,68,68,68,68,68,68,68,68,68,68,68,68,68,68,68,68,68,68,68,68,68,68,68,68,68,68,68,68,68,68,68,68,68,68,68,68,68,68,68,68,68,68,68,68,68,68,68],"card_choices":[{"not_picked":["Cold Snap","Leap"],"picked":"Tempest","floor":1.0},{"not_picked":["Glacier","Reprogram"],"picked":"Self Repair","floor":2.0},{"not_picked":["Ball Lightning","Force Field"],"picked":"Defragment","floor":5.0},{"not_picked":["FTL","Cold Snap"],"picked":"Glacier","floor":7.0},{"not_picked":["Force Field","Go for the Eyes"],"picked":"Glacier","floor":8.0},{"not_picked":["Auto Shields","Rebound"],"picked":"Lockon","floor":10.0},{"not_picked":["Go for the Eyes","Stack","Turbo"],"picked":"SKIP","floor":11.0},{"not_picked":["Seek","Echo Form"],"picked":"Rainbow","floor":16.0},{"not_picked":["Gash"],"picked":"SKIP","floor":18.0},{"not_picked":[],"picked":"Loop+1","floor":19.0},{"not_picked":[],"picked":"Compile Driver","floor":20.0},{"not_picked":["Cold Snap"],"picked":"SKIP","floor":21.0},{"not_picked":["Recycle+1"],"picked":"SKIP","floor":24.0},{"not_picked":["Go for the Eyes"],"picked":"SKIP","floor":29.0},{"not_picked":["Chill"],"picked":"SKIP","floor":30.0},{"not_picked":[],"picked":"Chill","floor":30.0},{"not_picked":["Genetic Algorithm"],"picked":"SKIP","floor":31.0},{"not_picked":["Genetic Algorithm"],"picked":"SKIP","floor":31.0},{"not_picked":[],"picked":"Reboot","floor":33.0},{"not_picked":["Melter"],"picked":"SKIP","floor":35.0},{"not_picked":["Conserve Battery"],"picked":"SKIP","floor":36.0},{"not_picked":["Redo"],"picked":"SKIP","floor":38.0},{"not_picked":["Stack"],"picked":"SKIP","floor":39.0},{"not_picked":["Coolheaded+1"],"picked":"SKIP","floor":41.0},{"not_picked":["Core Surge"],"picked":"SKIP","floor":44.0},{"not_picked":["Barrage"],"picked":"SKIP","floor":47}],"player_experience":602831,"relics_obtained":[{"floor":9.0,"key":"Mummified Hand"},{"floor":24.0,"key":"Letter Opener"},{"floor":26.0,"key":"PreservedInsect"},{"floor":29.0,"key":"Bag of Marbles"},{"floor":43.0,"key":"Shuriken"},{"floor":44.0,"key":"Regal Pillow"},{"floor":47,"key":"War Paint"}],"event_choices":[{"damage_healed":0.0,"max_hp_gain":0.0,"max_hp_loss":0.0,"gold_gain":0.0,"event_name":"Upgrade Shrine","player_choice":"Upgraded","floor":3.0,"gold_loss":0.0,"damage_taken":0.0,"cards_upgraded":["Zap"]},{"cards_removed":["Strike_B"],"damage_healed":0.0,"max_hp_gain":0.0,"max_hp_loss":0.0,"gold_gain":0.0,"event_name":"Golden Wing","player_choice":"Card Removal","floor":13.0,"gold_loss":0.0,"damage_taken":7.0},{"damage_healed":0.0,"max_hp_gain":0.0,"max_hp_loss":0.0,"gold_gain":100.0,"event_name":"Golden Shrine","player_choice":"Pray","floor":14.0,"gold_loss":0.0,"damage_taken":0.0},{"damage_healed":0.0,"max_hp_gain":0.0,"max_hp_loss":0.0,"gold_gain":0.0,"event_name":"Addict","player_choice":"Obtained Relic","floor":28.0,"gold_loss":85.0,"damage_taken":0.0,"relics_obtained":["Pantograph"]},{"cards_removed":["Defend_B"],"damage_healed":0.0,"max_hp_gain":0.0,"max_hp_loss":0.0,"gold_gain":0.0,"event_name":"Designer","player_choice":"Upgrade and Remove","floor":46.0,"gold_loss":90.0,"damage_taken":0.0,"cards_upgraded":["Self Repair"]}],"is_beta":false,"boss_relics":[{"not_picked":["FrozenCore","Lizard Tail"],"picked":"Busted Crown"},{"not_picked":["Cursed Key","Philosopher\u0027s Stone"],"picked":"Nuclear Battery"}],"items_purged_floors":[22,37,48],"is_endless":false,"potions_floor_spawned":[5,7,10,16,24,29,30,31,33,35,41,44,47],"ascension_level":13}