{"gold_per_floor":[119,119,119,130,143,173,173,190,190,190,190,85,85,51,51,155,155,122,132,132,132],"floor_reached":21,"playtime":458,"items_purged":[],"score":231,"play_id":"c05cbf61-f94e-4bad-8ab9-3190069ff84b","local_time":"20190128234839","is_ascension_mode":true,"campfire_choices":[{"floor":7,"key":"REST"},{"floor":13,"key":"REST"},{"data":"Defragment","floor":15,"key":"SMITH"}],"neow_cost":"NONE","seed_source_timestamp":1049044882910706,"circlet_count":0,"master_deck":["Defend_B","Defend_B","Defend_B","Defend_B","Zap+1","Dualcast","Defragment","Defragment+1","Conserve Battery","Sweeping Beam","Loop","FTL","Loop","Machine Learning","Doom and Gloom+1","Ball Lightning","Bite","Bite","Bite","Bite","Bite"],"relics":["Cracked Core","NeowsBlessing","FaceOfCleric","Bag of Marbles","Juzu Bracelet","Inserter"],"potions_floor_usage":[10,16],"damage_taken":[{"damage":0,"enemies":"2 Louse","floor":1,"turns":1},{"damage":0,"enemies":"Cultist","floor":4,"turns":1},{"damage":0,"enemies":"Small Slimes","floor":5,"turns":1},{"damage":37,"enemies":"Lagavulin","floor":6,"turns":7},{"damage":15,"enemies":"Exordium Wildlife","floor":8,"turns":4},{"damage":0,"enemies":"2 Fungi Beasts","floor":10,"turns":1},{"damage":51,"enemies":"Hexaghost","floor":16,"turns":8},{"damage":59,"enemies":"2 Thieves","floor":18,"turns":5},{"damage":19,"enemies":"Spheric Guardian","floor":19,"turns":4},{"damage":6,"enemies":"Snake Plant","floor":21,"turns":1}],"seed_played":"5194608461536265606","potions_obtained":[{"floor":4,"key":"SmokeBomb"},{"floor":6,"key":"Strength Potion"}],"is_trial":false,"path_per_floor":["M","$","?","M","M","E","R","M","T","M","?","$","R","$","R","B",null,"M","M","?","M"],"character_chosen":"DEFECT","items_purchased":["Loop","FTL","Loop"],"campfire_rested":2,"item_purchase_floors":[12,12,14],"current_hp_per_floor":[75,75,75,76,77,41,64,50,50,51,51,51,75,75,75,25,81,23,5,5,0],"gold":132,"neow_bonus":"THREE_ENEMY_KILL","is_prod":false,"is_daily":false,"chose_seed":false,"campfire_upgraded":1,"win_rate":0,"timestamp":1548737319,"path_taken":["M","$","?","M","?","E","R","M","T","M","?","?","R","$","R","BOSS","M","M","?","M"],"build_version":"2019-01-23","purchased_purges":0,"victory":false,"max_hp_per_floor":[75,75,75,76,77,78,78,79,79,80,80,80,80,80,80,81,81,82,83,58,58],"card_choices":[{"not_picked":["Steam","Sweeping Beam"],"picked":"Defragment","floor":1},{"not_picked":["Leap","Streamline"],"picked":"Defragment","floor":4},{"not_picked":["Turbo","Heatsinks","Scrape"],"picked":"SKIP","floor":5},{"not_picked":["Coolheaded","Compile Driver"],"picked":"Conserve Battery","floor":6},{"not_picked":["Turbo","Undo"],"picked":"Sweeping Beam","floor":8},{"not_picked":["Biased Cognition","Meteor Strike"],"picked":"Machine Learning","floor":16},{"not_picked":["Beam Cell","Melter"],"picked":"Doom and Gloom+1","floor":18},{"not_picked":["Gash","Static Discharge"],"picked":"Ball Lightning","floor":19}],"player_experience":252663,"relics_obtained":[{"floor":6,"key":"Bag of Marbles"},{"floor":9,"key":"Juzu Bracelet"}],"event_choices":[{"damage_healed":0,"gold_gain":0,"player_choice":"Trade","damage_taken":0,"relics_obtained":["FaceOfCleric"],"max_hp_gain":0,"max_hp_loss":0,"event_name":"FaceTrader","floor":3,"gold_loss":0},{"damage_healed":0,"gold_gain":0,"player_choice":"Grow","damage_taken":0,"max_hp_gain":0,"max_hp_loss":0,"event_name":"Living Wall","floor":11,"gold_loss":0,"cards_upgraded":["Zap"]},{"damage_healed":0,"gold_gain":0,"player_choice":"Became a vampire","damage_taken":0,"max_hp_gain":0,"max_hp_loss":25,"event_name":"Vampires","floor":20,"gold_loss":0,"cards_obtained":["Bite","Bite","Bite","Bite","Bite"]}],"is_beta":false,"boss_relics":[{"not_picked":["Pandora\u0027s Box","Calling Bell"],"picked":"Inserter"}],"items_purged_floors":[],"is_endless":false,"potions_floor_spawned":[4,6,10],"killed_by":"Snake Plant","ascension_level":3}