{"gold_per_floor":[365,380,380,390,21,21,21,21,45,18,32,32,44,58,58,58],"floor_reached":16,"playtime":374,"items_purged":[],"score":114,"play_id":"3dae43ef-f3cf-4bc8-9d9a-f8aea95aeec3","local_time":"20190202005806","is_ascension_mode":true,"campfire_choices":[{"data":"Zap","floor":6,"key":"SMITH"},{"floor":15,"key":"REST"}],"neow_cost":"CURSE","seed_source_timestamp":1398910337263227,"circlet_count":0,"master_deck":["Strike_B","Strike_B","Strike_B","Strike_B","Defend_B","Defend_B","Defend_B","Defend_B","Zap+1","Dualcast","Conserve Battery","Consume","Capacitor","Gash","White Noise","Sweeping Beam","Gash"],"relics":["Cracked Core","NlothsMask","Ginger","Spirit Poop"],"potions_floor_usage":[13],"damage_taken":[{"damage":5,"enemies":"2 Louse","floor":1,"turns":2},{"damage":1,"enemies":"Cultist","floor":2,"turns":4},{"damage":2,"enemies":"Jaw Worm","floor":4,"turns":3},{"damage":1,"enemies":"Exordium Wildlife","floor":11,"turns":3},{"damage":29,"enemies":"Gremlin Gang","floor":13,"turns":5},{"damage":19,"enemies":"Large Slime","floor":14,"turns":5},{"damage":46,"enemies":"Slime Boss","floor":16,"turns":6}],"seed_played":"4695772755392531536","potions_obtained":[{"floor":11,"key":"AttackPotion"}],"is_trial":false,"path_per_floor":["M","M","?","M","$","R","$","?","T","$","M","$","M","M","R","B"],"character_chosen":"DEFECT","items_purchased":["Capacitor","Ginger","Gash"],"campfire_rested":1,"item_purchase_floors":[5,5,10],"current_hp_per_floor":[70,69,69,67,67,67,67,67,67,67,66,66,37,18,40,0],"gold":58,"neow_bonus":"TWO_FIFTY_GOLD","is_prod":false,"is_daily":false,"chose_seed":false,"campfire_upgraded":1,"win_rate":0,"timestamp":1549087086,"path_taken":["M","M","?","M","$","R","?","?","T","$","M","$","?","M","R","BOSS"],"build_version":"2019-01-23","purchased_purges":0,"victory":false,"max_hp_per_floor":[75,75,75,75,75,75,75,75,75,75,75,75,75,75,75,75],"card_choices":[{"not_picked":["Beam Cell","Compile Driver","Redo"],"picked":"SKIP","floor":1},{"not_picked":["Double Energy","Hologram"],"picked":"Conserve Battery","floor":2},{"not_picked":["Auto Shields","Cold Snap"],"picked":"Consume","floor":4},{"not_picked":["Static Discharge","Gash"],"picked":"White Noise","floor":11},{"not_picked":["Rebound","Amplify"],"picked":"Sweeping Beam","floor":13},{"not_picked":["Storm","Sweeping Beam"],"picked":"Gash","floor":14}],"player_experience":321744,"relics_obtained":[],"event_choices":[{"damage_healed":0,"gold_gain":0,"player_choice":"Trade","damage_taken":0,"relics_obtained":["NlothsMask"],"max_hp_gain":0,"max_hp_loss":0,"event_name":"FaceTrader","floor":3,"gold_loss":0},{"cards_removed":["Normality"],"damage_healed":0,"gold_gain":0,"player_choice":"Offered Curse","damage_taken":0,"relics_obtained":["Spirit Poop"],"max_hp_gain":0,"max_hp_loss":0,"event_name":"Bonfire Elementals","floor":8,"gold_loss":0}],"is_beta":false,"boss_relics":[],"items_purged_floors":[],"is_endless":false,"potions_floor_spawned":[11],"killed_by":"Slime Boss","ascension_level":5}