{"gold_per_floor":[115,130,130,205,216,216,230,248,271,283,294,294,9,32,32,163,163,184,184,209,179,200,244,244,284,284,284,302,325,31,45,45,170,170,190,190,210,224,224,224,258,283,283,283,301,301,301,5,5,5],"floor_reached":51,"playtime":2107,"items_purged":["Strike_B","Decay"],"score":1048,"play_id":"6c227a96-b523-469e-bc7e-be1b0e5eb857","local_time":"20190212111008","is_ascension_mode":true,"campfire_choices":[{"floor":6,"key":"REST"},{"data":"White Noise","floor":15,"key":"SMITH"},{"floor":24,"key":"REST"},{"data":"Zap","floor":27,"key":"SMITH"},{"floor":32,"key":"REST"},{"floor":40,"key":"REST"},{"floor":47,"key":"REST"},{"floor":49,"key":"REST"}],"neow_cost":"NONE","seed_source_timestamp":201347338259371,"circlet_count":0,"master_deck":["Strike_B","Strike_B+1","Defend_B","Defend_B","Defend_B","Defend_B","Zap+1","Dualcast+1","FTL","Defragment","Leap","Leap","Self Repair","Cold Snap","Cold Snap","White Noise+1","Blizzard","Electrodynamics","Capacitor+1","Loop","Darkness+1","White Noise+1","Compile Driver+1","Echo Form","Turbo","Glacier","Buffer","Hologram+1","Parasite","Madness","Madness"],"relics":["Cracked Core","Bag of Preparation","Anchor","Golden Idol","Sling","Sozu","Blood Vial","Pen Nib","Mummified Hand","ClockworkSouvenir","Busted Crown","Singing Bowl","Omamori","OrangePellets"],"potions_floor_usage":[7,8,16,25],"damage_taken":[{"damage":4,"enemies":"2 Louse","floor":1,"turns":2},{"damage":0,"enemies":"Small Slimes","floor":2,"turns":2},{"damage":0,"enemies":"Cultist","floor":5,"turns":2},{"damage":0,"enemies":"Large Slime","floor":7,"turns":3},{"damage":7,"enemies":"Lots of Slimes","floor":8,"turns":5},{"damage":3,"enemies":"Looter","floor":10,"turns":3},{"damage":7,"enemies":"Gremlin Gang","floor":11,"turns":6},{"damage":2,"enemies":"2 Fungi Beasts","floor":14,"turns":4},{"damage":8,"enemies":"The Guardian","floor":16,"turns":13},{"damage":9,"enemies":"Shell Parasite","floor":18,"turns":4},{"damage":16,"enemies":"Spheric Guardian","floor":20,"turns":5},{"damage":18,"enemies":"Chosen and Byrds","floor":22,"turns":6},{"damage":0,"enemies":"Gremlin Leader","floor":23,"turns":5},{"damage":22,"enemies":"Book of Stabbing","floor":25,"turns":5},{"damage":9,"enemies":"Cultist and Chosen","floor":28,"turns":5},{"damage":6,"enemies":"Centurion and Healer","floor":29,"turns":4},{"damage":10,"enemies":"Chosen and Byrds","floor":31,"turns":5},{"damage":29,"enemies":"Champ","floor":33,"turns":11},{"damage":35,"enemies":"3 Darklings","floor":35,"turns":4},{"damage":0,"enemies":"Orb Walker","floor":37,"turns":4},{"damage":0,"enemies":"Writhing Mass","floor":38,"turns":8},{"damage":34,"enemies":"Nemesis","floor":41,"turns":7},{"damage":14,"enemies":"Jaw Worm Horde","floor":42,"turns":4},{"damage":3,"enemies":"4 Shapes","floor":45,"turns":5},{"damage":43,"enemies":"Time Eater","floor":50,"turns":11}],"seed_played":"2861835096710055332","potions_obtained":[{"floor":1,"key":"SkillPotion"},{"floor":5,"key":"Fire Potion"},{"floor":10,"key":"Strength Potion"},{"floor":16,"key":"Dexterity Potion"}],"is_trial":false,"path_per_floor":["M","M","?","?","M","R","M","M","T","M","M","?","$","M","R","B",null,"M","?","M","?","M","E","R","E","T","R","M","M","$","M","R","B",null,"M","?","M","M","?","R","E","M","T","?","M","?","R","$","R","B",null],"character_chosen":"DEFECT","items_purchased":["White Noise","Sling","ClockworkSouvenir","Turbo","OrangePellets"],"campfire_rested":6,"item_purchase_floors":[13,13,30,30,48],"current_hp_per_floor":[64,64,49,38,38,60,60,53,53,57,57,57,57,62,62,61,67,65,65,56,56,45,52,69,54,54,54,54,57,57,56,69,47,64,38,38,47,56,56,69,44,34,34,34,42,33,55,55,75,39],"gold":5,"neow_bonus":"RANDOM_COMMON_RELIC","is_prod":false,"is_daily":false,"chose_seed":false,"campfire_upgraded":2,"win_rate":0,"timestamp":1549987808,"path_taken":["M","M","?","?","M","R","M","M","T","M","M","?","$","M","R","BOSS","M","?","?","?","?","E","R","E","T","R","M","?","$","M","R","BOSS","M","?","M","?","?","R","E","M","T","?","M","?","R","$","R","BOSS"],"build_version":"2019-01-23","purchased_purges":2,"victory":true,"max_hp_per_floor":[75,75,75,75,75,75,75,75,75,75,75,69,69,69,69,69,69,69,69,69,69,69,69,69,69,69,69,69,69,69,69,69,69,69,69,69,69,69,69,69,71,73,73,73,75,75,75,75,75,75],"card_choices":[{"not_picked":["Gash","Blizzard"],"picked":"FTL","floor":1},{"not_picked":["Streamline","Redo"],"picked":"Defragment","floor":2},{"not_picked":["Gash","Stack"],"picked":"Leap","floor":5},{"not_picked":["Steam Power","Go for the Eyes"],"picked":"Leap","floor":7},{"not_picked":["Meteor Strike","Rebound"],"picked":"Self Repair","floor":8},{"not_picked":["Leap","Reprogram"],"picked":"Cold Snap","floor":10},{"not_picked":["Sweeping Beam","Darkness"],"picked":"Cold Snap","floor":11},{"not_picked":["Compile Driver","Beam Cell"],"picked":"Blizzard","floor":14},{"not_picked":["Creative AI","Reboot"],"picked":"Electrodynamics","floor":16},{"not_picked":["Beam Cell","Compile Driver","Barrage+1"],"picked":"SKIP","floor":18},{"not_picked":["Gash","Cold Snap"],"picked":"Capacitor+1","floor":20},{"not_picked":["Skim","Compile Driver"],"picked":"Loop","floor":22},{"not_picked":["Conserve Battery","Rebound+1"],"picked":"Darkness+1","floor":23},{"not_picked":["Turbo","Redo"],"picked":"White Noise+1","floor":25},{"not_picked":["Rebound","Darkness"],"picked":"Compile Driver+1","floor":28},{"not_picked":["Go for the Eyes","Rebound"],"picked":"Echo Form","floor":29},{"not_picked":["Fusion+1","Hologram"],"picked":"Glacier","floor":31},{"not_picked":["Reboot","Fission"],"picked":"Buffer","floor":33},{"not_picked":["Doom and Gloom"],"picked":"SKIP","floor":35},{"not_picked":[],"picked":"Hologram+1","floor":37},{"not_picked":["Sweeping Beam+1"],"picked":"SKIP","floor":38},{"not_picked":["Redo"],"picked":"Singing Bowl","floor":41},{"not_picked":["Self Repair"],"picked":"Singing Bowl","floor":42},{"not_picked":["Sunder+1"],"picked":"Singing Bowl","floor":45}],"player_experience":463935,"relics_obtained":[{"floor":9,"key":"Anchor"},{"floor":23,"key":"Blood Vial"},{"floor":25,"key":"Pen Nib"},{"floor":26,"key":"Mummified Hand"},{"floor":41,"key":"Singing Bowl"},{"floor":43,"key":"Omamori"}],"event_choices":[{"damage_healed":0,"gold_gain":0,"player_choice":"Entered Light","damage_taken":15,"max_hp_gain":0,"max_hp_loss":0,"event_name":"Shining Light","floor":3,"gold_loss":0,"cards_upgraded":["Dualcast","Strike_B"]},{"damage_healed":0,"gold_gain":75,"player_choice":"Gather Gold","damage_taken":11,"max_hp_gain":0,"max_hp_loss":0,"event_name":"World of Goop","floor":4,"gold_loss":0},{"damage_healed":0,"gold_gain":0,"player_choice":"Lose Max HP","damage_taken":0,"relics_obtained":["Golden Idol"],"max_hp_gain":0,"max_hp_loss":6,"event_name":"Golden Idol","floor":12,"gold_loss":0},{"cards_removed":["Strike_B"],"damage_healed":0,"gold_gain":0,"player_choice":"Offered Basic","damage_taken":0,"max_hp_gain":0,"max_hp_loss":0,"event_name":"Bonfire Elementals","floor":19,"gold_loss":0},{"damage_healed":0,"gold_gain":0,"player_choice":"Bought 2 Potions","damage_taken":0,"max_hp_gain":0,"max_hp_loss":0,"event_name":"The Woman in Blue","floor":21,"gold_loss":0},{"damage_healed":0,"gold_gain":0,"player_choice":"Cursed","damage_taken":0,"max_hp_gain":0,"max_hp_loss":0,"event_name":"Wheel of Change","floor":36,"gold_loss":0,"cards_obtained":["Decay"]},{"damage_healed":0,"gold_gain":0,"player_choice":"Ignored","damage_taken":0,"max_hp_gain":0,"max_hp_loss":0,"event_name":"Mysterious Sphere","floor":39,"gold_loss":0},{"damage_healed":0,"gold_gain":0,"player_choice":"Ignored","damage_taken":0,"max_hp_gain":0,"max_hp_loss":0,"event_name":"Tomb of Lord Red Mask","floor":44,"gold_loss":0},{"damage_healed":0,"gold_gain":0,"player_choice":"Embrace Madness","damage_taken":9,"max_hp_gain":0,"max_hp_loss":0,"event_name":"Winding Halls","floor":46,"gold_loss":0,"cards_obtained":["Madness","Madness"]}],"is_beta":false,"boss_relics":[{"not_picked":["Orrery","Calling Bell"],"picked":"Sozu"},{"not_picked":["Coffee Dripper","Pandora\u0027s Box"],"picked":"Busted Crown"}],"items_purged_floors":[30,48],"is_endless":false,"potions_floor_spawned":[1,5,10,16,20,25,28,29,31,37,42],"ascension_level":9}