{"gold_per_floor":[16,16,31,49,60,90,90,122,122,154,173,199,215,233,233,334,334,354,368,368,379,167,194,40,40,40,57,82,82,94,122,134,146],"floor_reached":33,"playtime":1314,"items_purged":["Shame","Strike_B"],"score":424,"play_id":"86a720b3-51f7-4c7c-8c15-cfeb10e9b395","local_time":"20190903212936","is_ascension_mode":true,"campfire_choices":[{"data":"Zap","floor":7,"key":"SMITH"},{"data":"Loop","floor":15,"key":"SMITH"},{"data":"Loop","floor":25,"key":"SMITH"},{"data":"Glacier","floor":32,"key":"SMITH"}],"neow_cost":"NO_GOLD","seed_source_timestamp":1586267119561200,"circlet_count":0,"master_deck":["Strike_B+1","Strike_B","Strike_B+1","Defend_B","Defend_B","Defend_B","Defend_B","Zap+1","Dualcast","Biased Cognition","Capacitor","Glacier+1","Go for the Eyes","Capacitor","Loop+1","Rip and Tear","Loop+1","Cold Snap","Core Surge","Barrage","Seek","Leap","Beam Cell+1","Defragment"],"relics":["Cracked Core","CultistMask","Whetstone","Lantern","PreservedInsect","Meat on the Bone","Vajra","Busted Crown","Dream Catcher","Orichalcum","Turnip","Happy Flower","MawBank"],"potions_floor_usage":[6,6,11,16,16,23],"damage_taken":[{"damage":0,"enemies":"2 Louse","floor":1,"turns":2},{"damage":1,"enemies":"Cultist","floor":3,"turns":3},{"damage":1,"enemies":"Jaw Worm","floor":4,"turns":4},{"damage":2,"enemies":"Exordium Thugs","floor":5,"turns":5},{"damage":22,"enemies":"3 Sentries","floor":6,"turns":11},{"damage":11,"enemies":"Lagavulin","floor":8,"turns":7},{"damage":15,"enemies":"Gremlin Nob","floor":10,"turns":4},{"damage":3,"enemies":"Gremlin Gang","floor":11,"turns":3},{"damage":17,"enemies":"Lagavulin","floor":12,"turns":5},{"damage":5,"enemies":"2 Fungi Beasts","floor":13,"turns":3},{"damage":0,"enemies":"Large Slime","floor":14,"turns":4},{"damage":0,"enemies":"Slime Boss","floor":16,"turns":6},{"damage":10,"enemies":"Chosen","floor":18,"turns":4},{"damage":21,"enemies":"Spheric Guardian","floor":19,"turns":4},{"damage":19,"enemies":"Snecko","floor":21,"turns":4},{"damage":19,"enemies":"Slavers","floor":23,"turns":4},{"damage":0,"enemies":"Chosen and Byrds","floor":27,"turns":4},{"damage":15,"enemies":"Snake Plant","floor":30,"turns":4},{"damage":18,"enemies":"Book of Stabbing","floor":31,"turns":4},{"damage":27,"enemies":"Collector","floor":33,"turns":2}],"seed_played":"-4684312971493608237","potions_obtained":[{"floor":1,"key":"FearPotion"},{"floor":3,"key":"Fire Potion"},{"floor":5,"key":"PowerPotion"},{"floor":6,"key":"Explosive Potion"},{"floor":12,"key":"Fire Potion"},{"floor":13,"key":"PowerPotion"},{"floor":19,"key":"Energy Potion"},{"floor":21,"key":"SteroidPotion"},{"floor":23,"key":"Energy Potion"},{"floor":30,"key":"Dexterity Potion"}],"is_trial":false,"path_per_floor":["M","?","M","M","M","E","R","E","T","E","M","E","M","M","R","B",null,"M","M","?","M","$","E","$","R","T","M","T","?","M","E","R","B"],"character_chosen":"DEFECT","items_purchased":["Seek","Leap"],"campfire_rested":0,"item_purchase_floors":[22,24],"current_hp_per_floor":[75,75,74,73,71,49,49,38,38,23,32,27,34,46,46,46,75,65,44,44,37,37,30,30,30,30,42,42,28,25,19,19,0],"gold":146,"neow_bonus":"THREE_RARE_CARDS","is_prod":false,"is_daily":false,"chose_seed":false,"campfire_upgraded":4,"win_rate":0,"timestamp":1567538976,"path_taken":["M","?","?","M","?","E","R","E","T","E","M","E","M","M","R","BOSS","M","?","?","M","$","E","?","R","T","?","?","?","M","E","R","BOSS"],"build_version":"2019-08-26","purchased_purges":2,"victory":false,"max_hp_per_floor":[75,75,75,75,75,75,75,75,75,75,75,75,75,75,75,75,75,75,75,75,75,75,75,75,75,75,75,75,80,80,80,80,80],"card_choices":[{"not_picked":["Buffer","Fission"],"picked":"Biased Cognition","floor":0},{"not_picked":["Heatsinks","Streamline"],"picked":"Capacitor","floor":1},{"not_picked":["Capacitor","Reinforced Body"],"picked":"Glacier","floor":3},{"not_picked":["Leap","Aggregate"],"picked":"Go for the Eyes","floor":4},{"not_picked":["Ball Lightning","Heatsinks"],"picked":"Capacitor","floor":5},{"not_picked":["Melter","Blizzard","Storm"],"picked":"SKIP","floor":6},{"not_picked":["Stack","Streamline","Double Energy"],"picked":"SKIP","floor":8},{"not_picked":["Turbo","Chill"],"picked":"Loop","floor":10},{"not_picked":["Stack","White Noise"],"picked":"Rip and Tear","floor":11},{"not_picked":["Ball Lightning","Defragment"],"picked":"Loop","floor":12},{"not_picked":["Double Energy","Coolheaded"],"picked":"Cold Snap","floor":13},{"not_picked":["Fusion","Recycle","Turbo"],"picked":"SKIP","floor":14},{"not_picked":["Biased Cognition","Buffer"],"picked":"Core Surge","floor":16},{"not_picked":["Barrage"],"picked":"SKIP","floor":18},{"not_picked":[],"picked":"Barrage","floor":18},{"not_picked":["Sweeping Beam"],"picked":"SKIP","floor":19},{"not_picked":["Streamline+1"],"picked":"SKIP","floor":21},{"not_picked":["Rebound"],"picked":"SKIP","floor":23},{"not_picked":["Rebound"],"picked":"SKIP","floor":23},{"not_picked":[],"picked":"Beam Cell+1","floor":27},{"not_picked":[],"picked":"Defragment","floor":30},{"not_picked":["Gash"],"picked":"SKIP","floor":31}],"player_experience":143591,"relics_obtained":[{"floor":6,"key":"Whetstone"},{"floor":8,"key":"Lantern"},{"floor":9,"key":"PreservedInsect"},{"floor":10,"key":"Meat on the Bone"},{"floor":12,"key":"Vajra"},{"floor":23,"key":"Orichalcum"},{"floor":26,"key":"Turnip"},{"floor":28,"key":"Happy Flower"},{"floor":31,"key":"MawBank"}],"event_choices":[{"damage_healed":0,"gold_gain":0,"player_choice":"Trade","damage_taken":0,"relics_obtained":["CultistMask"],"max_hp_gain":0,"max_hp_loss":0,"event_name":"FaceTrader","floor":2,"gold_loss":0},{"damage_healed":0,"gold_gain":0,"player_choice":"Stole Relic","damage_taken":0,"relics_obtained":["Dream Catcher"],"max_hp_gain":0,"max_hp_loss":0,"event_name":"Addict","floor":20,"gold_loss":0,"cards_obtained":["Shame"]},{"damage_healed":0,"gold_gain":0,"player_choice":"Shed Blood","damage_taken":19,"max_hp_gain":5,"max_hp_loss":0,"event_name":"Forgotten Altar","floor":29,"gold_loss":0}],"is_beta":true,"boss_relics":[{"not_picked":["Cursed Key","Philosopher\u0027s Stone"],"picked":"Busted Crown"}],"items_purged_floors":[22,24],"is_endless":false,"potions_floor_spawned":[1,3,5,6,12,13,14,19,21,23,30],"killed_by":"Collector","ascension_level":3}