{"gold_per_floor":[119,119,132,52,227,261,261,288,288,288,315,315,315,50,50,149,149,159,173,173,191,1,34,34,44,44,56,83,102,134,134],"floor_reached":31,"playtime":2120,"items_purged":["Doubt"],"score":415,"play_id":"2ee38308-7b45-49f3-a031-b4a42f96cfba","local_time":"20190731214628","is_ascension_mode":true,"campfire_choices":[{"data":"Barricade","floor":10,"key":"SMITH"},{"floor":15,"key":"REST"},{"data":"Entrench","floor":24,"key":"SMITH"}],"neow_cost":"NONE","seed_source_timestamp":1492453277702500,"circlet_count":0,"master_deck":["Strike_R","Strike_R","Strike_R","Strike_R","Strike_R","Defend_R","Defend_R","Defend_R","Defend_R","Bash+1","Ghostly Armor+1","Disarm","Barricade+1","Pommel Strike","Metallicize","Entrench+1","Dark Shackles","Good Instincts","Shrug It Off","Fiend Fire","Whirlwind","Shrug It Off","Body Slam","Iron Wave","Iron Wave","Searing Blow","Armaments+1","Body Slam+1","Battle Trance","Impervious","Battle Trance+1","Shockwave+1","Iron Wave","Shrug It Off"],"relics":["Burning Blood","NeowsBlessing","Gambling Chip","Self Forming Clay","The Courier","Blood Vial","Juzu Bracelet","Orrery","Omamori","Bottled Lightning","Bag of Marbles","Shovel","Champion Belt"],"potions_floor_usage":[11,23,28,28,31],"damage_taken":[{"damage":0,"enemies":"Small Slimes","floor":1,"turns":1},{"damage":0,"enemies":"Cultist","floor":3,"turns":1},{"damage":0,"enemies":"Gremlin Nob","floor":6,"turns":1},{"damage":28,"enemies":"Lagavulin","floor":8,"turns":13},{"damage":33,"enemies":"3 Sentries","floor":11,"turns":10},{"damage":24,"enemies":"The Guardian","floor":16,"turns":27},{"damage":20,"enemies":"Chosen","floor":18,"turns":10},{"damage":0,"enemies":"Spheric Guardian","floor":19,"turns":16},{"damage":14,"enemies":"Chosen and Byrds","floor":21,"turns":15},{"damage":16,"enemies":"Gremlin Leader","floor":23,"turns":10},{"damage":7,"enemies":"Shelled Parasite and Fungi","floor":25,"turns":8},{"damage":8,"enemies":"Centurion and Healer","floor":27,"turns":9},{"damage":28,"enemies":"Book of Stabbing","floor":28,"turns":6},{"damage":27,"enemies":"Snecko","floor":29,"turns":7},{"damage":15,"enemies":"Slavers","floor":30,"turns":9},{"damage":17,"enemies":"Cultist and Chosen","floor":31,"turns":8}],"seed_played":"4000783941508513849","potions_obtained":[{"floor":6,"key":"Poison Potion"},{"floor":11,"key":"Fire Potion"},{"floor":18,"key":"FearPotion"},{"floor":25,"key":"PowerPotion"},{"floor":27,"key":"LiquidBronze"},{"floor":30,"key":"SkillPotion"}],"is_trial":false,"path_per_floor":["M","?","M","$","?","E","?","E","T","R","E","?","?","$","R","B",null,"M","M","$","M","$","E","R","M","T","M","E","M","E","M"],"character_chosen":"IRONCLAD","items_purchased":["Disarm","Entrench","Dark Shackles","Good Instincts","Shrug It Off","Omamori","Battle Trance"],"campfire_rested":1,"item_purchase_floors":[4,14,14,14,14,22,22],"current_hp_per_floor":[80,80,80,80,80,80,64,42,42,42,15,15,3,3,27,11,80,66,74,74,68,68,60,60,61,61,61,41,22,15,0],"gold":134,"neow_bonus":"THREE_ENEMY_KILL","is_prod":false,"is_daily":false,"chose_seed":false,"campfire_upgraded":2,"win_rate":0,"timestamp":1564602388,"path_taken":["M","?","M","?","?","E","?","E","T","R","E","?","?","$","R","BOSS","M","M","$","M","$","E","R","M","T","M","E","M","E","M"],"build_version":"2019-07-18","purchased_purges":1,"victory":false,"max_hp_per_floor":[80,80,80,80,80,80,80,80,80,80,80,80,80,80,80,80,80,80,80,80,80,80,80,80,80,80,80,80,80,80,80],"card_choices":[{"not_picked":["Pommel Strike","Wild Strike"],"picked":"Ghostly Armor","floor":1},{"not_picked":["Body Slam","Armaments"],"picked":"Thunderclap","floor":3},{"not_picked":["Sword Boomerang","Sentinel"],"picked":"Barricade","floor":6},{"not_picked":["Hemokinesis","Twin Strike"],"picked":"Pommel Strike","floor":8},{"not_picked":["Havoc","Shockwave"],"picked":"Metallicize","floor":11},{"not_picked":["Impervious","Feed"],"picked":"Fiend Fire","floor":16},{"not_picked":["Wild Strike","Dropkick"],"picked":"Whirlwind","floor":17},{"not_picked":["Clothesline","Whirlwind"],"picked":"Shrug It Off","floor":17},{"not_picked":["Armaments","Combust"],"picked":"Body Slam","floor":17},{"not_picked":["Wild Strike","Rage"],"picked":"Iron Wave","floor":17},{"not_picked":["Heavy Blade","Demon Form"],"picked":"Iron Wave","floor":17},{"not_picked":["Twin Strike","Havoc"],"picked":"Searing Blow","floor":18},{"not_picked":["Flex","Pommel Strike+1"],"picked":"Armaments+1","floor":19},{"not_picked":["Rupture","Intimidate+1"],"picked":"Body Slam+1","floor":21},{"not_picked":["Whirlwind","Warcry","Impervious"],"picked":"SKIP","floor":23},{"not_picked":["Whirlwind","Warcry"],"picked":"Impervious","floor":23},{"not_picked":["Wild Strike+1","True Grit"],"picked":"Battle Trance+1","floor":25},{"not_picked":["Bloodletting","Thunderclap","Perfected Strike"],"picked":"SKIP","floor":27},{"not_picked":["Exhume","Cleave"],"picked":"Shockwave+1","floor":28},{"not_picked":["Wild Strike","Sword Boomerang"],"picked":"Iron Wave","floor":29},{"not_picked":["Battle Trance+1","Cleave+1"],"picked":"Shrug It Off","floor":30}],"player_experience":130189,"relics_obtained":[{"floor":6,"key":"Gambling Chip"},{"floor":8,"key":"Self Forming Clay"},{"floor":9,"key":"The Courier"},{"floor":11,"key":"Blood Vial"},{"floor":23,"key":"Bottled Lightning"},{"floor":26,"key":"Bag of Marbles"},{"floor":28,"key":"Shovel"},{"floor":30,"key":"Champion Belt"}],"event_choices":[{"damage_healed":0,"gold_gain":0,"player_choice":"Full Heal","damage_taken":0,"max_hp_gain":0,"max_hp_loss":0,"event_name":"Wheel of Change","floor":2,"gold_loss":0},{"damage_healed":0,"gold_gain":175,"player_choice":"AGREE","damage_taken":0,"max_hp_gain":0,"max_hp_loss":0,"event_name":"Liars Game","floor":5,"gold_loss":0,"cards_obtained":["Doubt"]},{"damage_healed":0,"gold_gain":0,"player_choice":"Entered Light","damage_taken":16,"max_hp_gain":0,"max_hp_loss":0,"event_name":"Shining Light","floor":7,"gold_loss":0,"cards_upgraded":["Bash","Ghostly Armor"]},{"cards_removed":["Thunderclap"],"damage_healed":0,"gold_gain":0,"player_choice":"Gave Card","damage_taken":0,"relics_obtained":["Juzu Bracelet"],"max_hp_gain":0,"max_hp_loss":0,"event_name":"WeMeetAgain","floor":12,"gold_loss":0},{"damage_healed":0,"gold_gain":0,"player_choice":"Fled","damage_taken":12,"max_hp_gain":0,"max_hp_loss":0,"event_name":"Scrap Ooze","floor":13,"gold_loss":0}],"is_beta":true,"boss_relics":[{"not_picked":["Tiny House","Lizard Tail"],"picked":"Orrery"}],"items_purged_floors":[14],"is_endless":false,"potions_floor_spawned":[6,11,18,25,27,30],"killed_by":"Cultist and Chosen","ascension_level":3}