{"gold_per_floor":[110,122,139,139,139,171,183,183,183,213,224,251,266,246,246,348,348,361,376,336,113,113,113,141,141,141,151,164,164,177,190,190,288,288,299,317,317,61,78,78,93,93,146,146,146,166,180,180,180,180],"floor_reached":51,"playtime":3003,"items_purged":["Strike_R"],"score":691,"play_id":"52aecd8e-050a-448e-873f-47da159a7ed0","local_time":"20191019191654","is_ascension_mode":false,"campfire_choices":[{"data":"Hemokinesis","floor":8,"key":"SMITH"},{"floor":15,"key":"REST"},{"data":"Metallicize","floor":23,"key":"SMITH"},{"data":"Barricade","floor":25,"key":"SMITH"},{"data":"Armaments","floor":32,"key":"SMITH"},{"data":"Anger","floor":40,"key":"SMITH"},{"data":"Shrug It Off","floor":42,"key":"SMITH"},{"data":"Power Through","floor":44,"key":"SMITH"},{"data":"Rupture","floor":49,"key":"SMITH"}],"neow_cost":"NONE","seed_source_timestamp":2060622711581784,"circlet_count":0,"master_deck":["Strike_R","Strike_R+1","Strike_R","Strike_R","Defend_R","Defend_R","Defend_R","Defend_R","Bash","Rage","Uppercut","Shrug It Off+1","Inflame","Clothesline","Hemokinesis+1","Barricade+1","Power Through+1","Armaments+1","Armaments","Metallicize+1","Anger+1","Impervious","Iron Wave","Seeing Red+1","Anger+1","Metallicize+1","Bloodletting+1","Hemokinesis","Thunderclap","Power Through+1","Parasite","Headbutt+1","Cleave","Rupture+1","Brutality","Apotheosis"],"relics":["Burning Blood","NeowsBlessing","Boot","Prayer Wheel","Mummified Hand","Mercury Hourglass","Centennial Puzzle","Busted Crown","Bag of Marbles","Whetstone","Bottled Tornado","Sozu","Pantograph","Pen Nib"],"potions_floor_usage":[5,10,12,13,50],"damage_taken":[{"damage":0,"enemies":"Small Slimes","floor":1,"turns":1},{"damage":0,"enemies":"2 Louse","floor":2,"turns":1},{"damage":0,"enemies":"Cultist","floor":3,"turns":1},{"damage":26,"enemies":"3 Sentries","floor":6,"turns":13},{"damage":5,"enemies":"2 Fungi Beasts","floor":7,"turns":4},{"damage":20,"enemies":"Lagavulin","floor":10,"turns":6},{"damage":17,"enemies":"Gremlin Gang","floor":11,"turns":4},{"damage":7,"enemies":"3 Sentries","floor":12,"turns":8},{"damage":9,"enemies":"Exordium Thugs","floor":13,"turns":5},{"damage":24,"enemies":"Slime Boss","floor":16,"turns":10},{"damage":4,"enemies":"Chosen","floor":18,"turns":7},{"damage":2,"enemies":"3 Byrds","floor":19,"turns":5},{"damage":15,"enemies":"Slavers","floor":24,"turns":7},{"damage":3,"enemies":"Cultist and Chosen","floor":27,"turns":5},{"damage":5,"enemies":"Centurion and Healer","floor":28,"turns":8},{"damage":8,"enemies":"3 Cultists","floor":30,"turns":5},{"damage":5,"enemies":"Snecko","floor":31,"turns":6},{"damage":19,"enemies":"Champ","floor":33,"turns":16},{"damage":17,"enemies":"3 Shapes","floor":35,"turns":4},{"damage":11,"enemies":"3 Darklings","floor":36,"turns":9},{"damage":8,"enemies":"Writhing Mass","floor":39,"turns":8},{"damage":10,"enemies":"Maw","floor":41,"turns":9},{"damage":11,"enemies":"Jaw Worm Horde","floor":46,"turns":5},{"damage":8,"enemies":"Transient","floor":47,"turns":5},{"damage":49,"enemies":"Donu and Deca","floor":50,"turns":10}],"seed_played":"8405790354127689770","potions_obtained":[{"floor":2,"key":"Block Potion"},{"floor":3,"key":"SneckoOil"},{"floor":5,"key":"Fruit Juice"},{"floor":5,"key":"FairyPotion"},{"floor":6,"key":"Fire Potion"},{"floor":12,"key":"SkillPotion"},{"floor":13,"key":"Strength Potion"},{"floor":14,"key":"SteroidPotion"}],"is_trial":false,"path_per_floor":["M","M","M","?","?","E","M","R","T","E","M","E","M","?","R","B",null,"M","M","?","$","?","R","E","R","T","M","M","?","M","M","R","B",null,"M","M","?","$","M","R","M","R","T","R","?","M","M","?","R","B",null],"character_chosen":"IRONCLAD","items_purchased":["Bag of Marbles","Pantograph"],"campfire_rested":1,"item_purchase_floors":[21,38],"current_hp_per_floor":[80,80,80,68,73,53,54,54,54,40,29,28,25,25,50,32,85,85,85,85,85,85,85,76,76,76,79,80,80,78,79,79,66,85,74,69,69,69,67,67,63,63,63,63,63,58,56,56,56,38],"gold":180,"neow_bonus":"THREE_ENEMY_KILL","is_prod":false,"is_daily":false,"chose_seed":false,"campfire_upgraded":8,"win_rate":0.0,"timestamp":1571527014,"path_taken":["M","M","M","?","?","E","M","R","T","E","?","E","M","?","R","BOSS","M","?","?","?","?","R","E","R","T","M","?","?","M","M","R","BOSS","M","M","?","$","M","R","M","R","T","R","?","M","?","?","R","BOSS"],"build_version":"2019-07-17","purchased_purges":1,"victory":true,"max_hp_per_floor":[80,80,80,80,85,85,85,85,85,85,85,85,85,85,85,85,85,85,85,85,85,85,85,85,85,85,85,85,85,85,85,85,85,85,85,85,85,85,85,85,85,85,85,85,85,85,85,85,85,85],"card_choices":[{"not_picked":["Clash","Intimidate"],"picked":"Rage","floor":1},{"not_picked":["Disarm","Spot Weakness"],"picked":"Uppercut","floor":2},{"not_picked":["Whirlwind","Iron Wave"],"picked":"Shrug It Off","floor":3},{"not_picked":["Bloodletting","Corruption"],"picked":"Inflame","floor":6},{"not_picked":["Feel No Pain","True Grit"],"picked":"Clothesline","floor":7},{"not_picked":["Burning Pact","Warcry"],"picked":"Hemokinesis","floor":7},{"not_picked":["Berserk","Headbutt"],"picked":"Barricade","floor":10},{"not_picked":["Thunderclap","Flame Barrier"],"picked":"Power Through","floor":11},{"not_picked":["Thunderclap","Battle Trance"],"picked":"Armaments","floor":11},{"not_picked":["Rage","Feel No Pain"],"picked":"Armaments","floor":12},{"not_picked":["Pummel","Armaments"],"picked":"Metallicize","floor":13},{"not_picked":["Heavy Blade","Clash"],"picked":"Anger","floor":13},{"not_picked":["Limit Break","Dark Embrace"],"picked":"Impervious","floor":16},{"not_picked":[],"picked":"Iron Wave","floor":18},{"not_picked":[],"picked":"Seeing Red+1","floor":18},{"not_picked":[],"picked":"Anger","floor":19},{"not_picked":["Heavy Blade+1"],"picked":"SKIP","floor":19},{"not_picked":["Headbutt"],"picked":"SKIP","floor":24},{"not_picked":[],"picked":"Bloodletting+1","floor":27},{"not_picked":["Flex"],"picked":"SKIP","floor":27},{"not_picked":[],"picked":"Hemokinesis","floor":28},{"not_picked":[],"picked":"Thunderclap","floor":28},{"not_picked":["Fiend Fire"],"picked":"SKIP","floor":30},{"not_picked":["Pommel Strike"],"picked":"SKIP","floor":30},{"not_picked":[],"picked":"Power Through+1","floor":31},{"not_picked":["Fire Breathing"],"picked":"SKIP","floor":31},{"not_picked":["Rampage"],"picked":"SKIP","floor":35},{"not_picked":["True Grit"],"picked":"SKIP","floor":35},{"not_picked":["Dropkick"],"picked":"SKIP","floor":36},{"not_picked":["Corruption"],"picked":"SKIP","floor":36},{"not_picked":[],"picked":"Headbutt+1","floor":39},{"not_picked":["Flex+1"],"picked":"SKIP","floor":39},{"not_picked":["Warcry+1"],"picked":"SKIP","floor":41},{"not_picked":["True Grit+1"],"picked":"SKIP","floor":41},{"not_picked":[],"picked":"Cleave","floor":46},{"not_picked":[],"picked":"Rupture","floor":46},{"not_picked":[],"picked":"Brutality","floor":47},{"not_picked":["Heavy Blade+1"],"picked":"SKIP","floor":47},{"not_picked":[],"picked":"Apotheosis","floor":48}],"player_experience":8903,"relics_obtained":[{"floor":6,"key":"Prayer Wheel"},{"floor":9,"key":"Mummified Hand"},{"floor":10,"key":"Mercury Hourglass"},{"floor":12,"key":"Centennial Puzzle"},{"floor":24,"key":"Whetstone"},{"floor":26,"key":"Bottled Tornado"},{"floor":43,"key":"Pen Nib"}],"event_choices":[{"damage_healed":0,"gold_gain":0,"player_choice":"Success","damage_taken":12,"relics_obtained":["Boot"],"max_hp_gain":0,"max_hp_loss":0,"event_name":"Scrap Ooze","floor":4,"gold_loss":0},{"damage_healed":0,"gold_gain":0,"player_choice":"Got Potions","damage_taken":0,"max_hp_gain":0,"max_hp_loss":0,"event_name":"Lab","floor":5,"gold_loss":0},{"damage_healed":0,"gold_gain":0,"player_choice":"Bought 1 Potion","damage_taken":0,"max_hp_gain":0,"max_hp_loss":0,"event_name":"The Woman in Blue","floor":14,"gold_loss":0},{"damage_healed":0,"gold_gain":0,"player_choice":"Upgrade","damage_taken":0,"max_hp_gain":0,"max_hp_loss":0,"event_name":"Designer","floor":20,"gold_loss":40,"cards_upgraded":["Metallicize"]},{"damage_healed":0,"gold_gain":0,"player_choice":"Read","damage_taken":0,"max_hp_gain":0,"max_hp_loss":0,"event_name":"The Library","floor":22,"gold_loss":0,"cards_obtained":["Metallicize"]},{"damage_healed":0,"gold_gain":0,"player_choice":"Ignored","damage_taken":0,"max_hp_gain":0,"max_hp_loss":0,"event_name":"Ghosts","floor":29,"gold_loss":0},{"damage_healed":0,"gold_gain":0,"player_choice":"Ignored","damage_taken":0,"max_hp_gain":0,"max_hp_loss":0,"event_name":"Tomb of Lord Red Mask","floor":37,"gold_loss":0},{"damage_healed":0,"gold_gain":0,"player_choice":"Ignored","damage_taken":0,"max_hp_gain":0,"max_hp_loss":0,"event_name":"WeMeetAgain","floor":45,"gold_loss":0},{"damage_healed":0,"gold_gain":0,"player_choice":"Memory 1","damage_taken":0,"max_hp_gain":0,"max_hp_loss":0,"event_name":"SensoryStone","floor":48,"gold_loss":0}],"is_beta":false,"boss_relics":[{"not_picked":["Lizard Tail","Black Star"],"picked":"Busted Crown"},{"not_picked":["Orrery","Tiny House"],"picked":"Sozu"}],"items_purged_floors":[21],"is_endless":false,"potions_floor_spawned":[2,3,6,12,13,16,19,24,28,31,33,36,46,47],"ascension_level":0}