{"gold_per_floor":[113,63,9,9,9,35,35,60,60,60,95,39,51,64,64,64],"floor_reached":16,"playtime":492,"items_purged":[],"score":133,"play_id":"052cf381-1ce9-43d8-bcde-10bb6ad5a479","local_time":"20190825101841","is_ascension_mode":true,"campfire_choices":[{"floor":7.0,"key":"REST"},{"data":"Armaments","floor":10.0,"key":"SMITH"},{"floor":15.0,"key":"REST"}],"neow_cost":"NONE","seed_source_timestamp":976490418300,"circlet_count":0,"master_deck":["Strike_R","Strike_R","Strike_R+1","Strike_R+1","Defend_R","Defend_R","Defend_R","Defend_R","Bash","Cleave","Armaments+1","Cleave","Shrug It Off","Armaments","Armaments","Warcry","Iron Wave","Shrug It Off"],"special_seed":0,"relics":["Burning Blood","Oddly Smooth Stone","The Courier","Odd Mushroom","Ornamental Fan","Calipers"],"potions_floor_usage":[16],"damage_taken":[{"damage":4.0,"enemies":"Jaw Worm","floor":1.0,"turns":4.0},{"damage":40.0,"enemies":"3 Sentries","floor":6.0,"turns":10.0},{"damage":6.0,"enemies":"The Mushroom Lair","floor":8.0,"turns":3.0},{"damage":32.0,"enemies":"Gremlin Nob","floor":11.0,"turns":4.0},{"damage":0.0,"enemies":"Small Slimes","floor":13.0,"turns":5.0},{"damage":0.0,"enemies":"2 Louse","floor":14.0,"turns":5.0},{"damage":69,"enemies":"Hexaghost","floor":16,"turns":11}],"seed_played":"638021330559616677","potions_obtained":[{"floor":6.0,"key":"SpeedPotion"},{"floor":11.0,"key":"Ancient Potion"},{"floor":14.0,"key":"Energy Potion"}],"is_trial":false,"path_per_floor":["M","?","$","?","$","E","R","?","T","R","E","$","M","M","R","B"],"character_chosen":"IRONCLAD","items_purchased":["Armaments","Armaments","Warcry"],"campfire_rested":2,"item_purchase_floors":[3,12,12],"current_hp_per_floor":[80,80,80,64,64,30,54,54,54,54,28,28,34,40,64,0],"gold":64,"neow_bonus":"RANDOM_COMMON_RELIC","is_prod":false,"is_daily":false,"chose_seed":false,"campfire_upgraded":1,"win_rate":0,"timestamp":1566742721,"path_taken":["M","?","$","?","?","E","R","?","T","R","E","$","?","M","R","BOSS"],"build_version":"2019-07-17","purchased_purges":0,"victory":false,"max_hp_per_floor":[80,80,80,80,80,80,80,80,80,80,80,80,80,80,80,80],"card_choices":[{"not_picked":["Twin Strike","Clothesline"],"picked":"Cleave","floor":1.0},{"not_picked":["Havoc","Wild Strike"],"picked":"Cleave","floor":6.0},{"not_picked":["Anger","Perfected Strike"],"picked":"Shrug It Off","floor":8.0},{"not_picked":["Brutality","Uppercut"],"picked":"Armaments","floor":11.0},{"not_picked":["Anger","Wild Strike"],"picked":"Iron Wave","floor":13.0},{"not_picked":["Body Slam","Thunderclap"],"picked":"Shrug It Off","floor":14.0}],"player_experience":641457,"relics_obtained":[{"floor":6.0,"key":"The Courier"},{"floor":8.0,"key":"Odd Mushroom"},{"floor":9.0,"key":"Ornamental Fan"},{"floor":11.0,"key":"Calipers"}],"event_choices":[{"cards_removed":["Strike_R"],"damage_healed":0.0,"max_hp_gain":0.0,"max_hp_loss":0.0,"gold_gain":0.0,"event_name":"The Cleric","player_choice":"Card Removal","floor":2.0,"gold_loss":50.0,"damage_taken":0.0},{"damage_healed":0.0,"max_hp_gain":0.0,"max_hp_loss":0.0,"gold_gain":0.0,"event_name":"Shining Light","player_choice":"Entered Light","floor":4.0,"gold_loss":0.0,"damage_taken":16.0,"cards_upgraded":["Strike_R","Strike_R"]},{"damage_healed":0.0,"max_hp_gain":0.0,"max_hp_loss":0.0,"gold_gain":0.0,"event_name":"Mushrooms","player_choice":"Fought Mushrooms","floor":8.0,"gold_loss":0.0,"damage_taken":0.0}],"is_beta":false,"boss_relics":[],"items_purged_floors":[],"is_endless":false,"potions_floor_spawned":[6,11,14],"killed_by":"Hexaghost","ascension_level":5}