{"gold_per_floor":[114,126,142,62,62,93,18,18,44,56,112,124,160,206,218,354,366,394,424,451,463,475,526,538,550],"floor_reached":25,"playtime":1055,"items_purged":["Strike_B"],"score":239,"play_id":"b59d22e0-f43f-4885-984a-ae532331c8a9","local_time":"20190504120933","is_ascension_mode":false,"campfire_choices":[{"data":"Fission","floor":12,"key":"SMITH"},{"data":"Auto Shields","floor":15,"key":"SMITH"},{"floor":24,"key":"REST"}],"neow_cost":"NONE","seed_source_timestamp":3580252491200,"circlet_count":0,"master_deck":["Defend_B","Defend_B","Zap","Dualcast","Doom and Gloom+1","Melter+1","FTL+1","Leap","Auto Shields+1","Capacitor","Sunder","Core Surge","Defragment","Fission+1","Chill","Echo Form","White Noise+1","Reinforced Body+1","Genetic Algorithm","Conserve Battery","Darkness+1"],"relics":["Astrolabe","Pen Nib","Golden Idol","MawBank","Matryoshka","Orichalcum","Inserter","Prayer Wheel"],"potions_floor_usage":[6,11,20,23,23],"damage_taken":[{"damage":0,"enemies":"Cultist","floor":1,"turns":2},{"damage":3,"enemies":"Small Slimes","floor":2,"turns":2},{"damage":0,"enemies":"2 Louse","floor":3,"turns":2},{"damage":9,"enemies":"3 Sentries","floor":6,"turns":5},{"damage":19,"enemies":"Gremlin Nob","floor":11,"turns":4},{"damage":6,"enemies":"Large Slime","floor":13,"turns":3},{"damage":11,"enemies":"Lagavulin","floor":14,"turns":6},{"damage":19,"enemies":"Hexaghost","floor":16,"turns":8},{"damage":14,"enemies":"2 Thieves","floor":18,"turns":4},{"damage":22,"enemies":"3 Byrds","floor":19,"turns":4},{"damage":2,"enemies":"Snake Plant","floor":20,"turns":3},{"damage":20,"enemies":"Slavers","floor":23,"turns":5},{"damage":41,"enemies":"Gremlin Leader","floor":25,"turns":8}],"seed_played":"941548848359022481","potions_obtained":[{"floor":1,"key":"EssenceOfSteel"},{"floor":3,"key":"Regen Potion"},{"floor":6,"key":"Energy Potion"},{"floor":13,"key":"Explosive Potion"},{"floor":20,"key":"SneckoOil"}],"is_trial":false,"path_per_floor":["M","M","M","$","?","E","$","?","T","?","E","R","M","E","R","B",null,"M","M","M","?","?","E","R","E"],"character_chosen":"DEFECT","items_purchased":["Sunder"],"campfire_rested":1,"item_purchase_floors":[4],"current_hp_per_floor":[75,72,72,72,72,63,63,63,63,63,53,53,47,36,36,17,69,55,33,31,31,31,11,31,0],"gold":550,"neow_bonus":"BOSS_RELIC","is_prod":false,"is_daily":false,"chose_seed":false,"campfire_upgraded":2,"win_rate":0.0,"timestamp":1556964573,"path_taken":["M","M","M","?","?","E","$","?","T","?","E","R","M","E","R","BOSS","M","?","M","?","?","E","R","E"],"build_version":"2019-04-23","purchased_purges":1,"victory":false,"max_hp_per_floor":[75,75,75,75,75,75,75,69,69,69,69,69,69,69,69,69,69,69,69,69,69,69,69,69,69],"card_choices":[{"not_picked":["Blizzard","Static Discharge"],"picked":"Leap","floor":1},{"not_picked":["Ball Lightning","Compile Driver"],"picked":"Auto Shields","floor":2},{"not_picked":["Beam Cell","Chaos"],"picked":"Capacitor","floor":3},{"not_picked":["Cold Snap","Barrage"],"picked":"Defragment","floor":6},{"not_picked":["Streamline","Turbo"],"picked":"Fission","floor":11},{"not_picked":["Hologram","Compile Driver","Coolheaded"],"picked":"SKIP","floor":13},{"not_picked":["Go for the Eyes","Turbo"],"picked":"Chill","floor":14},{"not_picked":["Thunder Strike","Core Surge"],"picked":"Echo Form","floor":16},{"not_picked":["Undo","Leap"],"picked":"White Noise+1","floor":18},{"not_picked":["Double Energy","Blizzard"],"picked":"Reinforced Body+1","floor":19},{"not_picked":["Chaos+1","Streamline"],"picked":"Genetic Algorithm","floor":20},{"not_picked":["White Noise","Sweeping Beam"],"picked":"Darkness+1","floor":23}],"player_experience":45444,"relics_obtained":[{"floor":6,"key":"Pen Nib"},{"floor":9,"key":"MawBank"},{"floor":11,"key":"Matryoshka"},{"floor":14,"key":"Orichalcum"},{"floor":23,"key":"Prayer Wheel"}],"event_choices":[{"damage_healed":0,"gold_gain":0,"cards_transformed":["Strike_B"],"player_choice":"Change","damage_taken":0,"max_hp_gain":0,"max_hp_loss":0,"event_name":"Living Wall","floor":5,"gold_loss":0,"cards_obtained":["Core Surge"]},{"damage_healed":0,"gold_gain":0,"player_choice":"Lose Max HP","damage_taken":0,"relics_obtained":["Golden Idol"],"max_hp_gain":0,"max_hp_loss":6,"event_name":"Golden Idol","floor":8,"gold_loss":0},{"cards_removed":["Defend_B"],"damage_healed":0,"gold_gain":0,"player_choice":"Offered Basic","damage_taken":0,"max_hp_gain":0,"max_hp_loss":0,"event_name":"Bonfire Elementals","floor":10,"gold_loss":0},{"damage_healed":0,"gold_gain":0,"player_choice":"Ignored","damage_taken":0,"max_hp_gain":0,"max_hp_loss":0,"event_name":"Vampires","floor":21,"gold_loss":0},{"damage_healed":0,"gold_gain":0,"player_choice":"1 cards matched","damage_taken":0,"max_hp_gain":0,"max_hp_loss":0,"event_name":"Match and Keep!","floor":22,"gold_loss":0,"cards_obtained":["Conserve Battery"]}],"is_beta":true,"boss_relics":[{"not_picked":["Runic Dome","Lizard Tail"],"picked":"Inserter"}],"items_purged_floors":[7],"is_endless":false,"potions_floor_spawned":[1,3,6,13,20],"killed_by":"Gremlin Leader","ascension_level":0}