{"gold_per_floor":[115,125,75,87,97,129,148,148,195,370,398,369,369],"floor_reached":13,"playtime":550,"items_purged":[],"score":114,"play_id":"c106acb0-1f39-4bb0-889c-803c4e3b312e","local_time":"20190419224815","is_ascension_mode":true,"campfire_choices":[{"floor":8,"key":"REST"}],"neow_cost":"NONE","seed_source_timestamp":171338215952700,"circlet_count":0,"master_deck":["Defend_G","Defend_G","Defend_G","Defend_G","Defend_G","Strike_G","Strike_G","Strike_G","Strike_G","Survivor","Neutralize","Adrenaline","Crippling Poison","Blade Dance","Prepared","Cloak And Dagger","Deadly Poison","Doubt","Corpse Explosion"],"relics":["Ring of the Snake","Happy Flower","Juzu Bracelet","Paper Crane"],"potions_floor_usage":[6,11,11,13],"damage_taken":[{"damage":1,"enemies":"Small Slimes","floor":1,"turns":4},{"damage":10,"enemies":"Jaw Worm","floor":2,"turns":4},{"damage":0,"enemies":"Cultist","floor":4,"turns":4},{"damage":4,"enemies":"2 Fungi Beasts","floor":5,"turns":3},{"damage":51,"enemies":"Lagavulin","floor":6,"turns":14},{"damage":2,"enemies":"3 Louse","floor":7,"turns":4},{"damage":21,"enemies":"Gremlin Nob","floor":11,"turns":5},{"damage":3,"enemies":"Exordium Thugs","floor":13,"turns":3}],"seed_played":"-5820380317871182160","potions_obtained":[{"floor":1,"key":"SpeedPotion"},{"floor":2,"key":"GhostInAJar"},{"floor":5,"key":"Weak Potion"},{"floor":11,"key":"Weak Potion"}],"is_trial":false,"path_per_floor":["M","M","?","M","M","E","M","R","T","?","E","?","M"],"character_chosen":"THE_SILENT","items_purchased":[],"campfire_rested":1,"item_purchase_floors":[],"current_hp_per_floor":[69,59,59,59,55,4,2,23,23,23,2,2,0],"gold":369,"neow_bonus":"ONE_RANDOM_RARE_CARD","is_prod":false,"is_daily":false,"chose_seed":false,"campfire_upgraded":0,"win_rate":0,"timestamp":1555706895,"path_taken":["M","M","?","M","M","E","M","R","T","?","E","?","M"],"build_version":"2019-01-23","purchased_purges":0,"victory":false,"max_hp_per_floor":[70,70,70,70,70,70,70,70,70,70,70,70,70],"card_choices":[{"not_picked":["Bane","Outmaneuver"],"picked":"Crippling Poison","floor":1},{"not_picked":["Dodge and Roll","Sucker Punch"],"picked":"Blade Dance","floor":2},{"not_picked":["Grand Finale","Underhanded Strike","All Out Attack"],"picked":"SKIP","floor":4},{"not_picked":["Flying Knee","Dagger Spray"],"picked":"Prepared","floor":5},{"not_picked":["Concentrate","Outmaneuver"],"picked":"Cloak And Dagger","floor":6},{"not_picked":["Bouncing Flask","Endless Agony"],"picked":"Deadly Poison","floor":7},{"not_picked":["Flechettes","Bane"],"picked":"Corpse Explosion","floor":11}],"player_experience":287835,"relics_obtained":[{"floor":6,"key":"Happy Flower"},{"floor":9,"key":"Juzu Bracelet"},{"floor":11,"key":"Paper Crane"}],"event_choices":[{"cards_removed":["Strike_G"],"damage_healed":0,"gold_gain":0,"player_choice":"Card Removal","damage_taken":0,"max_hp_gain":0,"max_hp_loss":0,"event_name":"The Cleric","floor":3,"gold_loss":50},{"damage_healed":0,"gold_gain":175,"player_choice":"AGREE","damage_taken":0,"max_hp_gain":0,"max_hp_loss":0,"event_name":"Liars Game","floor":10,"gold_loss":0,"cards_obtained":["Doubt"]},{"damage_healed":0,"gold_gain":0,"player_choice":"Left Gold","damage_taken":0,"max_hp_gain":0,"max_hp_loss":0,"event_name":"World of Goop","floor":12,"gold_loss":29}],"is_beta":false,"boss_relics":[],"items_purged_floors":[],"is_endless":false,"potions_floor_spawned":[1,2,5,11],"killed_by":"Exordium Thugs","ascension_level":4}