{"gold_per_floor":[113,113,124,49,49,49,149,162,162,162,187,199,244,206,218,325,337,361,389,401,18,18],"floor_reached":22,"playtime":673,"items_purged":["Regret","Strike_R"],"score":266,"play_id":"fd2e48fe-7c84-4683-af2e-c1d1073f22c8","local_time":"20191020222316","is_ascension_mode":true,"campfire_choices":[{"floor":6,"key":"REST"},{"data":"Bash","floor":10,"key":"SMITH"},{"floor":12,"key":"REST"},{"data":"Strike_R","floor":15,"key":"SMITH"}],"neow_cost":"CURSE","seed_source_timestamp":725858850554700,"circlet_count":0,"master_deck":["Strike_R+1","Strike_R","Strike_R","Strike_R","Defend_R+1","Defend_R","Defend_R+1","Bash+1","Spot Weakness"],"relics":["Burning Blood","FossilizedHelix","Potion Belt","Singing Bowl","Kunai","MawBank","Calipers","Runic Dome","War Paint"],"potions_floor_usage":[11,13,16,22,22,22,22],"damage_taken":[{"damage":11,"enemies":"Jaw Worm","floor":1,"turns":4},{"damage":22,"enemies":"Small Slimes","floor":3,"turns":4},{"damage":0,"enemies":"Cultist","floor":8,"turns":3},{"damage":45,"enemies":"3 Sentries","floor":11,"turns":7},{"damage":12,"enemies":"Gremlin Nob","floor":13,"turns":4},{"damage":70,"enemies":"Slime Boss","floor":16,"turns":14},{"damage":18,"enemies":"Chosen","floor":18,"turns":5},{"damage":22,"enemies":"Spheric Guardian","floor":19,"turns":4},{"damage":46,"enemies":"Chosen and Byrds","floor":22,"turns":6}],"seed_played":"4091701473582321553","potions_obtained":[{"floor":1,"key":"SteroidPotion"},{"floor":11,"key":"Regen Potion"},{"floor":13,"key":"SneckoOil"}],"is_trial":false,"path_per_floor":["M","?","M","$","?","R","?","M","T","R","E","R","E","?","R","B",null,"M","M","?","$","M"],"character_chosen":"IRONCLAD","items_purchased":["War Paint","SkillPotion","EntropicBrew"],"campfire_rested":2,"item_purchase_floors":[21,21,21],"current_hp_per_floor":[67,67,51,51,48,72,72,80,80,80,43,68,76,76,76,14,70,60,46,46,46,0],"gold":18,"neow_bonus":"ONE_RARE_RELIC","is_prod":false,"is_daily":false,"chose_seed":false,"campfire_upgraded":2,"win_rate":0,"timestamp":1571628196,"path_taken":["M","?","M","$","?","R","?","?","T","R","E","R","E","?","R","BOSS","M","M","?","$","?"],"build_version":"2019-07-17","purchased_purges":2,"victory":false,"max_hp_per_floor":[80,80,80,80,80,80,80,82,82,82,84,84,86,86,86,88,88,90,92,92,92,92],"card_choices":[{"not_picked":["Seeing Red","Heavy Blade"],"picked":"Spot Weakness","floor":1},{"not_picked":["Clothesline","Sword Boomerang","Ghostly Armor"],"picked":"SKIP","floor":3},{"not_picked":["Anger","Warcry","Clothesline"],"picked":"Singing Bowl","floor":8},{"not_picked":["Warcry","Armaments","Iron Wave"],"picked":"Singing Bowl","floor":11},{"not_picked":["Power Through","Dark Embrace","Heavy Blade"],"picked":"Singing Bowl","floor":13},{"not_picked":["Limit Break","Offering","Reaper"],"picked":"Singing Bowl","floor":16},{"not_picked":["Wild Strike","Body Slam","Flex"],"picked":"Singing Bowl","floor":18},{"not_picked":["Inflame+1","Thunderclap","Wild Strike+1"],"picked":"Singing Bowl","floor":19}],"player_experience":329725,"relics_obtained":[{"floor":9,"key":"Kunai"},{"floor":11,"key":"MawBank"},{"floor":13,"key":"Calipers"}],"event_choices":[{"damage_healed":0,"gold_gain":0,"player_choice":"Box","damage_taken":0,"relics_obtained":["Potion Belt"],"max_hp_gain":0,"max_hp_loss":0,"event_name":"Big Fish","floor":2,"gold_loss":0,"cards_obtained":["Regret"]},{"damage_healed":0,"gold_gain":0,"player_choice":"Success","damage_taken":3,"relics_obtained":["Singing Bowl"],"max_hp_gain":0,"max_hp_loss":0,"event_name":"Scrap Ooze","floor":5,"gold_loss":0},{"damage_healed":0,"gold_gain":100,"player_choice":"Pray","damage_taken":0,"max_hp_gain":0,"max_hp_loss":0,"event_name":"Golden Shrine","floor":7,"gold_loss":0},{"cards_removed":["Writhe"],"damage_healed":0,"gold_gain":0,"player_choice":"Card Removal","damage_taken":0,"max_hp_gain":0,"max_hp_loss":0,"event_name":"The Cleric","floor":14,"gold_loss":50},{"cards_removed":["Defend_R"],"damage_healed":0,"gold_gain":0,"player_choice":"Card Removal","damage_taken":0,"max_hp_gain":0,"max_hp_loss":0,"event_name":"Wheel of Change","floor":20,"gold_loss":0}],"is_beta":false,"boss_relics":[{"not_picked":["Pandora\u0027s Box","Cursed Key"],"picked":"Runic Dome"}],"items_purged_floors":[4,21],"is_endless":false,"potions_floor_spawned":[1,11,13],"killed_by":"Chosen and Byrds","ascension_level":8}