{"gold_per_floor":[112,187,187,206,222,248,248,264,264,291,256,256,30,42,42,144,144,161,175,175,274,98,98,111,111,136,136,11,46,59,159,159,258,258,278,326,326,25,125,125,125,125,200,214,214,227,246,266,266,266],"floor_reached":50,"playtime":1443,"items_purged":["Body Slam","Defend_R","Strike_R"],"score":755,"play_id":"8ad89d97-2678-4805-8bb1-2b190dfbd165","local_time":"20191020202943","is_ascension_mode":true,"campfire_choices":[{"floor":7,"key":"REST"},{"floor":12,"key":"REST"},{"data":"Blood for Blood","floor":15,"key":"SMITH"},{"data":"Bash","floor":23,"key":"SMITH"},{"floor":25,"key":"REST"},{"data":"Blood for Blood","floor":27,"key":"SMITH"},{"data":"1","floor":32,"key":"LIFT"},{"floor":40,"key":"DIG"},{"data":"2","floor":45,"key":"LIFT"},{"floor":49,"key":"REST"}],"neow_cost":"NONE","seed_source_timestamp":718278458184100,"circlet_count":0,"master_deck":["Strike_R","Strike_R","Strike_R","Strike_R","Defend_R","Defend_R","Defend_R","Bash+1","Blood for Blood+1","Blood for Blood+1","Blood for Blood","Inflame+1","Writhe"],"relics":["Burning Blood","Red Skull","Singing Bowl","Bag of Marbles","Meat on the Bone","Vajra","Snecko Eye","Juzu Bracelet","Orichalcum","Girya","Letter Opener","Philosopher\u0027s Stone","Torii","Thread and Needle","Shovel","Mummified Hand","CultistMask","Pantograph"],"potions_floor_usage":[6,6,10,29,33,46,46,48,50,50],"damage_taken":[{"damage":12,"enemies":"Jaw Worm","floor":1,"turns":3},{"damage":10,"enemies":"2 Louse","floor":4,"turns":2},{"damage":1,"enemies":"Cultist","floor":5,"turns":3},{"damage":35,"enemies":"Lagavulin","floor":6,"turns":5},{"damage":18,"enemies":"Large Slime","floor":8,"turns":5},{"damage":38,"enemies":"3 Sentries","floor":10,"turns":7},{"damage":6,"enemies":"3 Louse","floor":14,"turns":3},{"damage":57,"enemies":"The Guardian","floor":16,"turns":12},{"damage":12,"enemies":"Chosen","floor":18,"turns":3},{"damage":30,"enemies":"3 Byrds","floor":19,"turns":5},{"damage":16,"enemies":"Centurion and Healer","floor":24,"turns":3},{"damage":14,"enemies":"Book of Stabbing","floor":29,"turns":2},{"damage":22,"enemies":"Sentry and Sphere","floor":30,"turns":4},{"damage":7,"enemies":"Colosseum Slavers","floor":31,"turns":2},{"damage":13,"enemies":"Colosseum Nobs","floor":31,"turns":4},{"damage":21,"enemies":"Champ","floor":33,"turns":5},{"damage":27,"enemies":"3 Darklings","floor":35,"turns":3},{"damage":19,"enemies":"2 Orb Walkers","floor":36,"turns":3},{"damage":29,"enemies":"Mind Bloom Boss Battle","floor":39,"turns":3},{"damage":0,"enemies":"Orb Walker","floor":44,"turns":1},{"damage":46,"enemies":"Maw","floor":46,"turns":5},{"damage":39,"enemies":"3 Darklings","floor":47,"turns":3},{"damage":25,"enemies":"Writhing Mass","floor":48,"turns":2},{"damage":116,"enemies":"Awakened One","floor":50,"turns":6}],"seed_played":"4932049174582827179","potions_obtained":[{"floor":4,"key":"SteroidPotion"},{"floor":5,"key":"SkillPotion"},{"floor":8,"key":"Dexterity Potion"},{"floor":24,"key":"GamblersBrew"},{"floor":31,"key":"Regen Potion"},{"floor":33,"key":"SteroidPotion"},{"floor":39,"key":"EssenceOfSteel"},{"floor":44,"key":"Strength Potion"},{"floor":47,"key":"SteroidPotion"},{"floor":48,"key":"LiquidBronze"}],"is_trial":false,"path_per_floor":["M","?","?","M","M","E","R","M","T","E","?","R","$","M","R","B",null,"M","M","?","?","$","R","M","R","T","R","$","E","M","?","R","B",null,"M","?","?","$","?","R","?","?","T","M","R","M","M","M","R","B"],"character_chosen":"IRONCLAD","items_purchased":["Vajra","Blood for Blood","Thread and Needle"],"campfire_rested":4,"item_purchase_floors":[13,22,38],"current_hp_per_floor":[74,63,51,47,52,25,52,42,42,12,35,63,63,65,65,28,81,77,65,65,65,65,65,69,99,99,99,99,93,77,71,71,72,99,80,69,69,69,60,60,89,89,89,97,97,71,52,47,83,0],"gold":266,"neow_bonus":"TEN_PERCENT_HP_BONUS","is_prod":false,"is_daily":false,"chose_seed":false,"campfire_upgraded":3,"win_rate":0,"timestamp":1571621383,"path_taken":["M","?","?","M","M","E","R","?","T","E","?","R","?","M","R","BOSS","M","?","?","?","$","R","M","R","T","R","?","E","M","?","R","BOSS","M","?","?","$","?","R","?","?","T","M","R","M","M","M","R","BOSS"],"build_version":"2019-07-17","purchased_purges":3,"victory":false,"max_hp_per_floor":[88,88,88,88,88,90,90,92,92,94,94,94,94,96,96,98,98,100,100,100,100,100,100,102,102,102,102,102,104,104,106,106,108,108,110,112,112,112,114,114,114,114,114,116,116,118,120,122,122,122],"card_choices":[{"not_picked":["Shrug It Off","Perfected Strike","Twin Strike"],"picked":"SKIP","floor":1},{"not_picked":["Anger","Shockwave"],"picked":"Blood for Blood","floor":4},{"not_picked":["Iron Wave","Sword Boomerang"],"picked":"Body Slam","floor":5},{"not_picked":["Demon Form","Heavy Blade","Twin Strike"],"picked":"Singing Bowl","floor":6},{"not_picked":["Hemokinesis","Clash","Pommel Strike"],"picked":"Singing Bowl","floor":8},{"not_picked":["Combust","Intimidate","Sword Boomerang"],"picked":"Singing Bowl","floor":10},{"not_picked":["Iron Wave","Perfected Strike","Burning Pact"],"picked":"Singing Bowl","floor":14},{"not_picked":["Brutality","Fiend Fire","Barricade"],"picked":"Singing Bowl","floor":16},{"not_picked":["Sword Boomerang+1","Shrug It Off","Uppercut"],"picked":"Singing Bowl","floor":18},{"not_picked":["Flame Barrier","Wild Strike"],"picked":"Blood for Blood","floor":19},{"not_picked":["Searing Blow+1","Infernal Blade","Shrug It Off"],"picked":"Singing Bowl","floor":24},{"not_picked":["Spot Weakness","Anger","Clash+1"],"picked":"Singing Bowl","floor":29},{"not_picked":["Clothesline+1","Warcry"],"picked":"Inflame+1","floor":30},{"not_picked":["Brutality","Iron Wave+1","Rampage+1"],"picked":"Singing Bowl","floor":31},{"not_picked":["Impervious","Juggernaut","Fiend Fire"],"picked":"Singing Bowl","floor":33},{"not_picked":["Shockwave","Spot Weakness","Iron Wave+1"],"picked":"Singing Bowl","floor":35},{"not_picked":["Body Slam+1","Bloodletting+1","Heavy Blade+1"],"picked":"Singing Bowl","floor":36},{"not_picked":["Body Slam+1","Armaments","Thunderclap"],"picked":"Singing Bowl","floor":39},{"not_picked":["Warcry+1","Pummel","Whirlwind"],"picked":"Singing Bowl","floor":44},{"not_picked":["Hemokinesis","Searing Blow","Flame Barrier+1"],"picked":"Singing Bowl","floor":46},{"not_picked":["Battle Trance+1","Cleave","Body Slam"],"picked":"Singing Bowl","floor":47},{"not_picked":["Combust","Pommel Strike","Sever Soul+1"],"picked":"Singing Bowl","floor":48}],"player_experience":322657,"relics_obtained":[{"floor":6,"key":"Singing Bowl"},{"floor":9,"key":"Bag of Marbles"},{"floor":10,"key":"Meat on the Bone"},{"floor":26,"key":"Juzu Bracelet"},{"floor":29,"key":"Orichalcum"},{"floor":31,"key":"Girya"},{"floor":31,"key":"Letter Opener"},{"floor":36,"key":"Torii"},{"floor":39,"key":"Shovel"},{"floor":40,"key":"Mummified Hand"},{"floor":43,"key":"Pantograph"}],"event_choices":[{"damage_healed":0,"gold_gain":75,"player_choice":"Gather Gold","damage_taken":11,"max_hp_gain":0,"max_hp_loss":0,"event_name":"World of Goop","floor":2,"gold_loss":0},{"damage_healed":0,"gold_gain":0,"player_choice":"Success","damage_taken":12,"relics_obtained":["Red Skull"],"max_hp_gain":0,"max_hp_loss":0,"event_name":"Scrap Ooze","floor":3,"gold_loss":0},{"damage_healed":23,"gold_gain":0,"player_choice":"Healed","damage_taken":0,"max_hp_gain":0,"max_hp_loss":0,"event_name":"The Cleric","floor":11,"gold_loss":35},{"damage_healed":0,"gold_gain":0,"player_choice":"Ignored","damage_taken":0,"max_hp_gain":0,"max_hp_loss":0,"event_name":"Cursed Tome","floor":20,"gold_loss":0},{"damage_healed":0,"gold_gain":99,"player_choice":"Stole From Cult","damage_taken":0,"max_hp_gain":0,"max_hp_loss":0,"event_name":"Nest","floor":21,"gold_loss":0},{"damage_healed":0,"gold_gain":0,"player_choice":"Fight","damage_taken":0,"max_hp_gain":0,"max_hp_loss":0,"event_name":"Colosseum","floor":31,"gold_loss":0},{"damage_healed":0,"gold_gain":0,"player_choice":"Fought Nobs","damage_taken":0,"max_hp_gain":0,"max_hp_loss":0,"event_name":"Colosseum","floor":31,"gold_loss":0},{"damage_healed":0,"gold_gain":0,"player_choice":"Fight","damage_taken":0,"max_hp_gain":0,"max_hp_loss":0,"event_name":"Mysterious Sphere","floor":36,"gold_loss":0},{"damage_healed":0,"gold_gain":0,"player_choice":"0 cards matched","damage_taken":0,"max_hp_gain":0,"max_hp_loss":0,"event_name":"Match and Keep!","floor":37,"gold_loss":0,"cards_obtained":[]},{"damage_healed":0,"gold_gain":0,"player_choice":"Fight","damage_taken":0,"max_hp_gain":0,"max_hp_loss":0,"event_name":"MindBloom","floor":39,"gold_loss":0},{"damage_healed":29,"gold_gain":0,"player_choice":"Writhe","damage_taken":0,"max_hp_gain":0,"max_hp_loss":0,"event_name":"Winding Halls","floor":41,"gold_loss":0,"cards_obtained":["Writhe"]},{"damage_healed":0,"gold_gain":0,"player_choice":"Trade","damage_taken":0,"relics_obtained":["CultistMask"],"max_hp_gain":0,"max_hp_loss":0,"event_name":"FaceTrader","floor":42,"gold_loss":0}],"is_beta":false,"boss_relics":[{"not_picked":["Mark of Pain","Pandora\u0027s Box"],"picked":"Snecko Eye"},{"not_picked":["Orrery","White Beast Statue"],"picked":"Philosopher\u0027s Stone"}],"items_purged_floors":[13,22,28],"is_endless":false,"potions_floor_spawned":[4,5,8,24,31,31,33,39,44,47,48],"killed_by":"Awakened One","ascension_level":8}