{"gold_per_floor":[109,109,109,127,52,52,52,86,137,69,79,96,114,132,132,229,229,248,265,33,132,132,132],"floor_reached":23,"playtime":708,"items_purged":["Defend_R"],"score":292,"play_id":"2501ad9b-cf52-44a1-bbd5-b31bee604042","local_time":"20190825014651","is_ascension_mode":true,"campfire_choices":[{"data":"Armaments","floor":6,"key":"SMITH"},{"data":"Strike_R","floor":15,"key":"SMITH"}],"neow_cost":"NONE","seed_source_timestamp":371145401787200,"circlet_count":0,"master_deck":["Strike_R+1","Strike_R","Strike_R","Strike_R","Defend_R","Defend_R","Defend_R","Bash+1","Armaments+1","Shockwave+1","Seeing Red+1","Shrug It Off+1","Flame Barrier+1","Body Slam","Shrug It Off+1"],"relics":["Burning Blood","NeowsBlessing","Toxic Egg 2","Bronze Scales","Busted Crown","Omamori"],"potions_floor_usage":[12,12,16,23],"damage_taken":[{"damage":0,"enemies":"Small Slimes","floor":1,"turns":1},{"damage":0,"enemies":"Jaw Worm","floor":4,"turns":1},{"damage":0,"enemies":"Gremlin Nob","floor":8,"turns":1},{"damage":6,"enemies":"Cultist","floor":11,"turns":3},{"damage":19,"enemies":"Gremlin Gang","floor":12,"turns":3},{"damage":8,"enemies":"Looter","floor":13,"turns":2},{"damage":0,"enemies":"Blue Slaver","floor":14,"turns":2},{"damage":7,"enemies":"The Guardian","floor":16,"turns":14},{"damage":1,"enemies":"3 Byrds","floor":18,"turns":4},{"damage":0,"enemies":"Shell Parasite","floor":19,"turns":4},{"damage":85,"enemies":"Gremlin Leader","floor":23,"turns":8}],"seed_played":"4668437576283059180","potions_obtained":[{"floor":1,"key":"PowerPotion"},{"floor":4,"key":"AttackPotion"},{"floor":11,"key":"SpeedPotion"},{"floor":16,"key":"GamblersBrew"}],"is_trial":false,"path_per_floor":["M","?","?","M","$","R","$","E","T","$","M","M","M","M","R","B",null,"M","M","$","?","?","E"],"character_chosen":"IRONCLAD","items_purchased":["Shockwave+1","Omamori","Flame Barrier+1","Body Slam"],"campfire_rested":0,"item_purchase_floors":[10,20,20,20],"current_hp_per_floor":[78,78,71,77,77,77,77,80,80,80,80,67,65,71,71,70,78,80,80,80,80,80,0],"gold":132,"neow_bonus":"THREE_ENEMY_KILL","is_prod":false,"is_daily":false,"chose_seed":false,"campfire_upgraded":2,"win_rate":0,"timestamp":1566715611,"path_taken":["M","?","?","M","$","R","?","E","T","$","?","M","M","M","R","BOSS","M","?","$","?","?","E"],"build_version":"2019-07-17","purchased_purges":1,"victory":false,"max_hp_per_floor":[80,80,80,80,80,80,80,80,80,80,80,80,80,80,80,80,80,80,80,80,80,80,80],"card_choices":[{"not_picked":["Evolve","Intimidate","Power Through"],"picked":"SKIP","floor":1},{"not_picked":["Inflame","True Grit"],"picked":"Armaments","floor":4},{"not_picked":["Iron Wave","Shrug It Off","Clothesline"],"picked":"SKIP","floor":8},{"not_picked":["Wild Strike","Power Through+1","Hemokinesis"],"picked":"SKIP","floor":11},{"not_picked":["Heavy Blade","Anger"],"picked":"Seeing Red+1","floor":12},{"not_picked":["Second Wind+1","Cleave"],"picked":"Shrug It Off+1","floor":13},{"not_picked":["Sever Soul","Iron Wave","Thunderclap"],"picked":"SKIP","floor":14},{"not_picked":["Perfected Strike"],"picked":"SKIP","floor":18},{"not_picked":["Pommel Strike"],"picked":"SKIP","floor":19}],"player_experience":303509,"relics_obtained":[{"floor":8,"key":"Toxic Egg 2"},{"floor":9,"key":"Bronze Scales"}],"event_choices":[{"damage_healed":0,"gold_gain":0,"player_choice":"Grow","damage_taken":0,"max_hp_gain":0,"max_hp_loss":0,"event_name":"Living Wall","floor":2,"gold_loss":0,"cards_upgraded":["Bash"]},{"cards_removed":["Strike_R"],"damage_healed":0,"gold_gain":0,"player_choice":"Card Removal","damage_taken":7,"max_hp_gain":0,"max_hp_loss":0,"event_name":"Golden Wing","floor":3,"gold_loss":0},{"damage_healed":0,"gold_gain":99,"player_choice":"Stole From Cult","damage_taken":0,"max_hp_gain":0,"max_hp_loss":0,"event_name":"Nest","floor":21,"gold_loss":0},{"damage_healed":0,"gold_gain":0,"player_choice":"Read","damage_taken":0,"max_hp_gain":0,"max_hp_loss":0,"event_name":"The Library","floor":22,"gold_loss":0,"cards_obtained":["Shrug It Off"]}],"is_beta":false,"boss_relics":[{"not_picked":["Sozu","White Beast Statue"],"picked":"Busted Crown"}],"items_purged_floors":[5],"is_endless":false,"potions_floor_spawned":[1,4,11,16],"killed_by":"Gremlin Leader","ascension_level":7}