{"gold_per_floor":[115,40,40,40,40,40,58,89,89,264,277,177,177,208,208,303,303,321,8,8,8,28,28,59,69,69,6,6,20,20,20,20,20],"floor_reached":33,"playtime":760,"items_purged":["Defend_R","Doubt","Strike_R"],"score":422,"play_id":"f364da62-9607-4028-88f6-d628f2f3f38a","local_time":"20190813232309","is_ascension_mode":true,"campfire_choices":[{"data":"Bash","floor":6,"key":"SMITH"},{"data":"Dropkick","floor":15,"key":"SMITH"},{"floor":23,"key":"REST"},{"floor":28,"key":"REST"},{"data":"Inflame","floor":32,"key":"SMITH"}],"neow_cost":"NONE","seed_source_timestamp":246708953021297,"circlet_count":0,"master_deck":["Strike_R","Strike_R","Strike_R","Strike_R","Defend_R","Defend_R","Defend_R","Bash+1","Dropkick+1","Cleave","Inflame+1","Dropkick+1","Ghostly","Ghostly","Ghostly","Ghostly","Ghostly"],"relics":["Burning Blood","NeowsBlessing","WarpedTongs","Blood Vial","Ornamental Fan","Pocketwatch","Darkstone Periapt","Black Star","Membership Card","Anchor","Juzu Bracelet","Strawberry","Potion Belt","Bag of Preparation"],"potions_floor_usage":[14,16,24,33],"damage_taken":[{"damage":0,"enemies":"Jaw Worm","floor":1,"turns":1},{"damage":0,"enemies":"Cultist","floor":7,"turns":1},{"damage":0,"enemies":"Lagavulin","floor":8,"turns":1},{"damage":2,"enemies":"2 Louse","floor":11,"turns":3},{"damage":16,"enemies":"Gremlin Nob","floor":14,"turns":4},{"damage":52,"enemies":"Slime Boss","floor":16,"turns":7},{"damage":28,"enemies":"3 Byrds","floor":18,"turns":6},{"damage":11,"enemies":"2 Thieves","floor":22,"turns":3},{"damage":41,"enemies":"Book of Stabbing","floor":24,"turns":4},{"damage":20,"enemies":"Chosen and Byrds","floor":25,"turns":4},{"damage":29,"enemies":"Shelled Parasite and Fungi","floor":29,"turns":3},{"damage":50,"enemies":"Champ","floor":33,"turns":7}],"seed_played":"-6856265400006898622","potions_obtained":[{"floor":1,"key":"Explosive Potion"},{"floor":7,"key":"Poison Potion"},{"floor":18,"key":"Weak Potion"},{"floor":22,"key":"Strength Potion"},{"floor":29,"key":"Explosive Potion"}],"is_trial":false,"path_per_floor":["M","$","?","$","?","R","M","E","T","?","M","$","?","E","R","B",null,"M","$","?","?","M","R","E","M","T","$","R","M","?","$","R","B"],"character_chosen":"IRONCLAD","items_purchased":["Membership Card","Anchor","Inflame"],"campfire_rested":2,"item_purchase_floors":[19,19,19],"current_hp_per_floor":[78,78,78,78,78,78,80,80,80,80,80,80,80,70,70,26,67,47,47,47,47,44,68,42,30,30,30,56,35,35,35,35,0],"gold":20,"neow_bonus":"THREE_ENEMY_KILL","is_prod":false,"is_daily":false,"chose_seed":false,"campfire_upgraded":3,"win_rate":0,"timestamp":1565756589,"path_taken":["M","$","?","?","?","R","?","E","T","?","M","$","?","E","R","BOSS","M","$","?","?","M","R","E","M","T","?","R","M","?","$","R","BOSS"],"build_version":"2019-07-17","purchased_purges":3,"victory":false,"max_hp_per_floor":[80,80,80,80,80,80,80,80,80,80,80,80,80,80,80,80,80,80,80,80,80,80,80,87,87,87,87,87,87,43,43,43,43],"card_choices":[{"not_picked":["Metallicize","Headbutt","Shrug It Off"],"picked":"SKIP","floor":1},{"not_picked":["Body Slam","Perfected Strike","Thunderclap"],"picked":"SKIP","floor":7},{"not_picked":["True Grit","Sentinel"],"picked":"Dropkick","floor":8},{"not_picked":["Juggernaut","Clothesline","Havoc"],"picked":"SKIP","floor":11},{"not_picked":["Wild Strike","Brutality","Seeing Red"],"picked":"SKIP","floor":14},{"not_picked":["Flex","Body Slam"],"picked":"Cleave","floor":18},{"not_picked":["True Grit","Heavy Blade","Flex"],"picked":"SKIP","floor":22},{"not_picked":["Infernal Blade","Reckless Charge","Exhume"],"picked":"SKIP","floor":24},{"not_picked":["True Grit+1","Headbutt","Seeing Red"],"picked":"SKIP","floor":25},{"not_picked":["Ghostly Armor+1","Searing Blow+1","Anger"],"picked":"SKIP","floor":29}],"player_experience":297099,"relics_obtained":[{"floor":8,"key":"Blood Vial"},{"floor":9,"key":"Ornamental Fan"},{"floor":14,"key":"Darkstone Periapt"},{"floor":24,"key":"Strawberry"},{"floor":24,"key":"Potion Belt"},{"floor":26,"key":"Bag of Preparation"}],"event_choices":[{"damage_healed":0,"gold_gain":0,"player_choice":"Rummage","damage_taken":0,"relics_obtained":["WarpedTongs"],"max_hp_gain":0,"max_hp_loss":0,"event_name":"Accursed Blacksmith","floor":3,"gold_loss":0,"cards_obtained":["Pain"]},{"cards_removed":["Pain"],"damage_healed":0,"gold_gain":0,"player_choice":"Removed Curses","damage_taken":0,"max_hp_gain":0,"max_hp_loss":0,"event_name":"Fountain of Cleansing","floor":5,"gold_loss":0},{"damage_healed":0,"gold_gain":175,"player_choice":"AGREE","damage_taken":0,"max_hp_gain":0,"max_hp_loss":0,"event_name":"Liars Game","floor":10,"gold_loss":0,"cards_obtained":["Doubt"]},{"damage_healed":0,"gold_gain":0,"player_choice":"Searched \u00272\u0027 times","damage_taken":0,"relics_obtained":["Pocketwatch"],"max_hp_gain":0,"max_hp_loss":0,"event_name":"Dead Adventurer","floor":13,"gold_loss":0},{"damage_healed":0,"gold_gain":0,"player_choice":"Gave Potion","damage_taken":0,"relics_obtained":["Juzu Bracelet"],"max_hp_gain":0,"max_hp_loss":0,"event_name":"WeMeetAgain","floor":20,"gold_loss":0},{"damage_healed":0,"gold_gain":0,"player_choice":"Copied","damage_taken":0,"max_hp_gain":0,"max_hp_loss":0,"event_name":"Duplicator","floor":21,"gold_loss":0,"cards_obtained":["Dropkick"]},{"damage_healed":0,"gold_gain":0,"player_choice":"Became a Ghost","damage_taken":0,"max_hp_gain":0,"max_hp_loss":44,"event_name":"Ghosts","floor":30,"gold_loss":0,"cards_obtained":["Ghostly","Ghostly","Ghostly","Ghostly","Ghostly"]}],"is_beta":false,"boss_relics":[{"not_picked":["Astrolabe","Lizard Tail"],"picked":"Black Star"}],"items_purged_floors":[2,12,27],"is_endless":false,"potions_floor_spawned":[1,7,18,22,29],"killed_by":"Champ","ascension_level":7}