{"gold_per_floor":[109,109,109,33,50,50,80,80,80,80,93,125,125,24,24,127,127,137,137,50,65,77,77,77,77,77,107,107,32,32,49,49,49],"floor_reached":33,"playtime":1376,"items_purged":[],"score":344,"play_id":"b6b84303-a3f9-43b5-935b-2e5be4a72d32","local_time":"20191019194829","is_ascension_mode":false,"campfire_choices":[{"data":"Neutralize","floor":6,"key":"SMITH"},{"data":"Skewer","floor":10,"key":"SMITH"},{"data":"Envenom","floor":15,"key":"SMITH"},{"data":"Caltrops","floor":23,"key":"SMITH"},{"data":"Backflip","floor":25,"key":"SMITH"},{"floor":30,"key":"REST"},{"floor":32,"key":"REST"}],"neow_cost":"NONE","seed_source_timestamp":2064160842152313,"circlet_count":0,"master_deck":["Strike_G","Strike_G","Strike_G","Defend_G+1","Defend_G","Defend_G","Defend_G","Defend_G","Survivor+1","Neutralize+1","Blade Dance","Caltrops","Acrobatics","Skewer+1","Envenom+1","Blur","Dagger Spray","Leg Sweep","Envenom+1","Dodge and Roll","Backflip+1","Caltrops+1","Sucker Punch","Flying Knee+1","Caltrops","Dodge and Roll"],"relics":["Ring of the Snake","NeowsBlessing","Thread and Needle","StoneCalendar","Bag of Preparation","Sozu","Question Card","Happy Flower","MutagenicStrength"],"potions_floor_usage":[12,12,16,16,16],"damage_taken":[{"damage":0,"enemies":"Small Slimes","floor":1,"turns":1},{"damage":0,"enemies":"2 Louse","floor":5,"turns":1},{"damage":0,"enemies":"Lagavulin","floor":7,"turns":1},{"damage":0,"enemies":"Jaw Worm","floor":11,"turns":4},{"damage":14,"enemies":"Gremlin Nob","floor":12,"turns":4},{"damage":0,"enemies":"The Guardian","floor":16,"turns":13},{"damage":3,"enemies":"2 Thieves","floor":18,"turns":4},{"damage":0,"enemies":"3 Byrds","floor":21,"turns":4},{"damage":0,"enemies":"Snecko","floor":22,"turns":5},{"damage":71,"enemies":"Gremlin Leader","floor":27,"turns":7},{"damage":18,"enemies":"Sentry and Sphere","floor":31,"turns":6},{"damage":29,"enemies":"Champ","floor":33,"turns":10}],"seed_played":"4715097277485123622","potions_obtained":[{"floor":1,"key":"EssenceOfSteel"},{"floor":5,"key":"SkillPotion"},{"floor":11,"key":"Fire Potion"},{"floor":13,"key":"AttackPotion"},{"floor":13,"key":"Block Potion"}],"is_trial":false,"path_per_floor":["M","?","?","$","M","R","E","?","T","R","M","E","?","$","R","B",null,"M","?","$","M","M","R","?","R","T","E","?","?","R","M","R","B"],"character_chosen":"THE_SILENT","items_purchased":["Caltrops","Dagger Spray","Leg Sweep","Backflip","Caltrops"],"campfire_rested":2,"item_purchase_floors":[4,14,14,20,20],"current_hp_per_floor":[70,56,49,49,49,49,49,54,54,54,54,40,40,40,40,40,75,72,72,72,72,72,72,72,72,72,1,1,1,23,5,27,0],"gold":49,"neow_bonus":"THREE_ENEMY_KILL","is_prod":false,"is_daily":false,"chose_seed":false,"campfire_upgraded":5,"win_rate":0.0,"timestamp":1571528909,"path_taken":["M","?","?","$","M","R","E","?","T","R","?","E","?","$","R","BOSS","M","?","$","?","M","R","?","R","T","E","?","?","R","M","R","BOSS"],"build_version":"2019-07-17","purchased_purges":0,"victory":false,"max_hp_per_floor":[70,70,70,70,70,70,70,75,75,75,75,75,75,75,75,75,75,75,75,75,75,75,75,75,75,75,75,75,75,75,75,75,75],"card_choices":[{"not_picked":["Choke","Flying Knee"],"picked":"Blade Dance","floor":1},{"not_picked":["Deadly Poison","Reflex"],"picked":"Acrobatics","floor":5},{"not_picked":["Dagger Throw","Backflip"],"picked":"Skewer","floor":7},{"not_picked":["Caltrops","Slice"],"picked":"Envenom","floor":11},{"not_picked":["Underhanded Strike","Distraction"],"picked":"Blur","floor":12},{"not_picked":["Burst","Wraith Form v2"],"picked":"Envenom","floor":16},{"not_picked":["Underhanded Strike","Leg Sweep"],"picked":"Dodge and Roll","floor":18},{"not_picked":["Reflex","Flying Knee"],"picked":"Sucker Punch","floor":21},{"not_picked":["Eviscerate","Quick Slash"],"picked":"Flying Knee+1","floor":22},{"not_picked":["Underhanded Strike","Deflect","Flying Knee"],"picked":"Caltrops","floor":27},{"not_picked":["Flechettes+1","Deflect+1","Acrobatics"],"picked":"Dodge and Roll","floor":31}],"player_experience":14388,"relics_obtained":[{"floor":7,"key":"Thread and Needle"},{"floor":9,"key":"StoneCalendar"},{"floor":12,"key":"Bag of Preparation"},{"floor":26,"key":"Question Card"},{"floor":27,"key":"Happy Flower"}],"event_choices":[{"damage_healed":0,"gold_gain":0,"player_choice":"Entered Light","damage_taken":14,"max_hp_gain":0,"max_hp_loss":0,"event_name":"Shining Light","floor":2,"gold_loss":0,"cards_upgraded":["Defend_G","Survivor"]},{"cards_removed":["Strike_G"],"damage_healed":0,"gold_gain":0,"player_choice":"Card Removal","damage_taken":7,"max_hp_gain":0,"max_hp_loss":0,"event_name":"Golden Wing","floor":3,"gold_loss":0},{"damage_healed":0,"gold_gain":0,"player_choice":"Donut","damage_taken":0,"max_hp_gain":5,"max_hp_loss":0,"event_name":"Big Fish","floor":8,"gold_loss":0},{"damage_healed":0,"gold_gain":0,"player_choice":"Got Potions","damage_taken":0,"max_hp_gain":0,"max_hp_loss":0,"event_name":"Lab","floor":13,"gold_loss":0},{"damage_healed":0,"gold_gain":0,"player_choice":"Upgraded","damage_taken":0,"max_hp_gain":0,"max_hp_loss":0,"event_name":"Upgrade Shrine","floor":19,"gold_loss":0,"cards_upgraded":["Envenom"]},{"damage_healed":0,"gold_gain":0,"player_choice":"Inject Mutagens","damage_taken":0,"relics_obtained":["MutagenicStrength"],"max_hp_gain":0,"max_hp_loss":0,"event_name":"Drug Dealer","floor":28,"gold_loss":0},{"cards_removed":["Strike_G"],"damage_healed":0,"gold_gain":0,"player_choice":"Gave Gold","damage_taken":0,"max_hp_gain":0,"max_hp_loss":0,"event_name":"Beggar","floor":29,"gold_loss":75}],"is_beta":false,"boss_relics":[{"not_picked":["Astrolabe","WristBlade"],"picked":"Sozu"}],"items_purged_floors":[],"is_endless":false,"potions_floor_spawned":[1,5,11,18,22,31],"killed_by":"Champ","ascension_level":0}