{"gold_per_floor":[111,111,182,196,213,213,248,248,248,248,264,249,219,235,235,330,330,345,345],"floor_reached":19,"playtime":603,"items_purged":[],"score":253,"play_id":"caabdcd4-191e-47da-968a-ca523538c822","local_time":"20190813020347","is_ascension_mode":true,"campfire_choices":[{"floor":6,"key":"REST"},{"floor":8,"key":"REST"},{"data":"Heavy Blade","floor":10,"key":"SMITH"},{"floor":15,"key":"REST"}],"neow_cost":"PERCENT_DAMAGE","seed_source_timestamp":170101300807165,"circlet_count":0,"master_deck":["Strike_R","Strike_R","Strike_R","Strike_R","Strike_R","Defend_R","Defend_R","Defend_R","Defend_R","Bash+1","Heavy Blade+1","Combust","Seeing Red+1","Bludgeon","Injury","Parasite","Regret","Seeing Red+1"],"relics":["Burning Blood","Regal Pillow","Toxic Egg 2","Calling Bell","Omamori","Prayer Wheel","Blue Candle"],"potions_floor_usage":[1,7,12,16,16,19],"damage_taken":[{"damage":24,"enemies":"Small Slimes","floor":1,"turns":4},{"damage":1,"enemies":"Cultist","floor":4,"turns":4},{"damage":11,"enemies":"Jaw Worm","floor":5,"turns":4},{"damage":55,"enemies":"3 Sentries","floor":7,"turns":12},{"damage":26,"enemies":"Blue Slaver","floor":11,"turns":3},{"damage":29,"enemies":"Exordium Thugs","floor":12,"turns":4},{"damage":10,"enemies":"Red Slaver","floor":14,"turns":3},{"damage":92,"enemies":"The Guardian","floor":16,"turns":14},{"damage":74,"enemies":"Shell Parasite","floor":18,"turns":7},{"damage":14,"enemies":"Chosen","floor":19,"turns":1}],"seed_played":"-5173921503248584173","potions_obtained":[{"floor":1,"key":"Fruit Juice"},{"floor":5,"key":"AttackPotion"},{"floor":11,"key":"EssenceOfSteel"},{"floor":12,"key":"Ancient Potion"},{"floor":13,"key":"Ancient Potion"},{"floor":13,"key":"Regen Potion"},{"floor":14,"key":"FearPotion"}],"is_trial":false,"path_per_floor":["M","?","?","M","M","R","E","R","T","R","M","M","?","M","R","B",null,"M","M"],"character_chosen":"IRONCLAD","items_purchased":[],"campfire_rested":3,"item_purchase_floors":[],"current_hp_per_floor":[54,54,54,59,54,84,35,80,80,80,60,37,37,33,78,7,78,10,0],"gold":345,"neow_bonus":"TWENTY_PERCENT_HP_BONUS","is_prod":false,"is_daily":false,"chose_seed":false,"campfire_upgraded":1,"win_rate":0,"timestamp":1565679827,"path_taken":["M","?","?","M","M","R","E","R","T","R","M","M","?","?","R","BOSS","M","M"],"build_version":"2019-07-17","purchased_purges":0,"victory":false,"max_hp_per_floor":[101,101,101,101,101,101,101,101,101,101,101,101,101,101,101,101,101,101,101],"card_choices":[{"not_picked":["Wild Strike","Sword Boomerang","Headbutt"],"picked":"SKIP","floor":1},{"not_picked":["Carnage","Evolve","Warcry"],"picked":"SKIP","floor":4},{"not_picked":["Carnage","Headbutt","Flex"],"picked":"SKIP","floor":5},{"not_picked":["Thunderclap","Body Slam"],"picked":"Heavy Blade","floor":7},{"not_picked":["Body Slam","Wild Strike"],"picked":"Combust","floor":11},{"not_picked":["Havoc+1","Heavy Blade"],"picked":"Seeing Red+1","floor":12},{"not_picked":["Flame Barrier+1","Twin Strike","Searing Blow"],"picked":"SKIP","floor":14},{"not_picked":["Brutality","Reaper"],"picked":"Bludgeon","floor":16},{"not_picked":["Clothesline","Twin Strike"],"picked":"Seeing Red+1","floor":18},{"not_picked":["Bloodletting+1","Rupture","Second Wind+1"],"picked":"SKIP","floor":18}],"player_experience":290494,"relics_obtained":[{"floor":7,"key":"Regal Pillow"},{"floor":9,"key":"Toxic Egg 2"},{"floor":17,"key":"Omamori"},{"floor":17,"key":"Prayer Wheel"},{"floor":17,"key":"Blue Candle"}],"event_choices":[{"damage_healed":0,"gold_gain":0,"player_choice":"Grow","damage_taken":0,"max_hp_gain":0,"max_hp_loss":0,"event_name":"Living Wall","floor":2,"gold_loss":0,"cards_upgraded":["Bash"]},{"damage_healed":0,"gold_gain":71,"player_choice":"Gained Gold","damage_taken":0,"max_hp_gain":0,"max_hp_loss":0,"event_name":"Golden Wing","floor":3,"gold_loss":0},{"damage_healed":0,"gold_gain":0,"player_choice":"Bought 2 Potions","damage_taken":0,"max_hp_gain":0,"max_hp_loss":0,"event_name":"The Woman in Blue","floor":13,"gold_loss":0}],"is_beta":false,"boss_relics":[{"not_picked":["Runic Pyramid","Coffee Dripper"],"picked":"Calling Bell"}],"items_purged_floors":[],"is_endless":false,"potions_floor_spawned":[1,5,11,12,14],"killed_by":"Chosen","ascension_level":7}