{"gold_per_floor":[112,112,287,82,82,116,116,116,116,128,128,144,154,171,171,270,270,281,281,291,50,70,70,70,70,93,118,118,135,135,147,147,245,245,261,261,277,277,136,161,211,239,266,266,266,279,294,41,41,41],"floor_reached":51,"playtime":1997,"items_purged":["Regret","Melter"],"score":858,"play_id":"a89be5a0-16e2-4702-af28-3c30dbaa9f98","local_time":"20191021113055","is_ascension_mode":true,"campfire_choices":[{"data":"Coolheaded","floor":8,"key":"SMITH"},{"floor":11,"key":"REST"},{"data":"Zap","floor":15,"key":"SMITH"},{"data":"Defragment","floor":23,"key":"SMITH"},{"data":"Dualcast","floor":28,"key":"SMITH"},{"data":"Redo","floor":30,"key":"SMITH"},{"data":"Coolheaded","floor":32,"key":"SMITH"},{"floor":49,"key":"REST"}],"neow_cost":"PERCENT_DAMAGE","seed_source_timestamp":612114622556700,"circlet_count":0,"master_deck":["Zap+1","Dualcast+1","Electrodynamics+1","Hologram","Coolheaded+1","Loop","Blizzard","Coolheaded+1","FTL","Gash","Self Repair","Electrodynamics","Blizzard","Steam","Glacier+1","Defragment+1","Chaos+1","Force Field+1","Coolheaded","Gash","Heatsinks","Machine Learning","Storm","Heatsinks","Defragment+1","Gash+1"],"relics":["FrozenCore","FossilizedHelix","Torii","Mercury Hourglass","Pandora\u0027s Box","Mummified Hand","MutagenicStrength","Lantern","Ancient Tea Set","Molten Egg 2","Ginger","Centennial Puzzle","War Paint","Orichalcum","Sundial"],"potions_floor_usage":[16,16,33,42,42],"damage_taken":[{"damage":0,"enemies":"2 Louse","floor":1,"turns":2},{"damage":18,"enemies":"Gremlin Nob","floor":6,"turns":5},{"damage":0,"enemies":"Small Slimes","floor":10,"turns":2},{"damage":0,"enemies":"Jaw Worm","floor":12,"turns":3},{"damage":0,"enemies":"Large Slime","floor":13,"turns":3},{"damage":0,"enemies":"Gremlin Gang","floor":14,"turns":1},{"damage":20,"enemies":"The Guardian","floor":16,"turns":12},{"damage":5,"enemies":"3 Byrds","floor":18,"turns":2},{"damage":20,"enemies":"2 Thieves","floor":20,"turns":4},{"damage":0,"enemies":"Cultist and Chosen","floor":22,"turns":4},{"damage":31,"enemies":"Slavers","floor":27,"turns":3},{"damage":0,"enemies":"Centurion and Healer","floor":29,"turns":4},{"damage":0,"enemies":"Snecko","floor":31,"turns":4},{"damage":6,"enemies":"Collector","floor":33,"turns":9},{"damage":0,"enemies":"3 Darklings","floor":35,"turns":3},{"damage":0,"enemies":"Orb Walker","floor":37,"turns":3},{"damage":13,"enemies":"Reptomancer","floor":40,"turns":3},{"damage":37,"enemies":"2 Orb Walkers","floor":41,"turns":3},{"damage":28,"enemies":"Nemesis","floor":42,"turns":5},{"damage":0,"enemies":"Transient","floor":46,"turns":5},{"damage":13,"enemies":"Writhing Mass","floor":47,"turns":4},{"damage":20,"enemies":"Time Eater","floor":50,"turns":10}],"seed_played":"5926893449029175489","potions_obtained":[{"floor":10,"key":"PowerPotion"},{"floor":12,"key":"GamblersBrew"},{"floor":14,"key":"PowerPotion"},{"floor":22,"key":"Weak Potion"},{"floor":27,"key":"AttackPotion"},{"floor":31,"key":"LiquidBronze"},{"floor":37,"key":"SpeedPotion"},{"floor":41,"key":"Energy Potion"},{"floor":42,"key":"Explosive Potion"}],"is_trial":false,"path_per_floor":["M","?","?","$","?","E","?","R","T","M","R","M","M","M","R","B",null,"M","?","M","$","M","R","?","$","T","E","R","M","R","M","R","B",null,"M","?","M","?","$","E","?","E","T","?","?","M","M","$","R","B",null],"character_chosen":"DEFECT","items_purchased":["Coolheaded","Loop","Mummified Hand","Heatsinks","Sundial"],"campfire_rested":2,"item_purchase_floors":[4,4,21,39,48],"current_hp_per_floor":[54,54,54,54,47,29,14,14,14,14,36,36,36,36,36,23,75,70,70,57,57,64,64,64,64,64,40,40,47,47,54,54,55,75,75,75,75,75,75,69,39,18,18,18,18,25,19,19,41,28],"gold":41,"neow_bonus":"THREE_RARE_CARDS","is_prod":false,"is_daily":false,"chose_seed":false,"campfire_upgraded":6,"win_rate":0,"timestamp":1571671855,"path_taken":["M","?","?","$","?","E","?","R","T","M","R","M","M","M","R","BOSS","M","?","M","$","M","R","?","?","T","E","R","M","R","M","R","BOSS","M","?","?","?","$","E","?","E","T","?","?","M","M","$","R","BOSS"],"build_version":"2019-07-17","purchased_purges":2,"victory":true,"max_hp_per_floor":[75,75,75,75,75,75,75,75,75,75,75,75,75,75,75,75,75,75,75,75,75,75,75,75,75,75,75,75,75,75,75,75,75,75,75,75,75,75,75,75,75,75,75,75,75,75,75,75,75,75],"card_choices":[{"not_picked":["Amplify","Seek"],"picked":"Electrodynamics","floor":0},{"not_picked":["Streamline","Go for the Eyes"],"picked":"Hologram","floor":1},{"not_picked":["Streamline","Go for the Eyes"],"picked":"Blizzard","floor":6},{"not_picked":["Beam Cell","Meteor Strike"],"picked":"Coolheaded","floor":10},{"not_picked":["Sweeping Beam","Auto Shields"],"picked":"FTL","floor":12},{"not_picked":["Go for the Eyes","Streamline"],"picked":"Gash","floor":13},{"not_picked":["Beam Cell","Hologram"],"picked":"Self Repair","floor":14},{"not_picked":["Meteor Strike","Fission"],"picked":"Electrodynamics","floor":16},{"not_picked":["Stack","Sweeping Beam"],"picked":"Force Field+1","floor":18},{"not_picked":["Steam","Genetic Algorithm"],"picked":"Coolheaded","floor":20},{"not_picked":["Lockon","Tempest"],"picked":"Gash","floor":22},{"not_picked":["BootSequence","Hologram","Skim"],"picked":"SKIP","floor":27},{"not_picked":["Streamline","Genetic Algorithm","Turbo"],"picked":"SKIP","floor":29},{"not_picked":["Sunder","Glacier"],"picked":"Heatsinks","floor":31},{"not_picked":["Reboot","Amplify"],"picked":"Machine Learning","floor":33},{"not_picked":["Scrape","Barrage"],"picked":"Storm","floor":35},{"not_picked":["Ball Lightning+1","Beam Cell","Double Energy"],"picked":"SKIP","floor":37},{"not_picked":["Rainbow","Conserve Battery+1"],"picked":"Defragment+1","floor":40},{"not_picked":["Coolheaded","Go for the Eyes+1"],"picked":"Gash+1","floor":42},{"not_picked":["Redo+1","Steam","Rebound+1"],"picked":"SKIP","floor":46},{"not_picked":["Compile Driver+1","Chaos","Scrape+1"],"picked":"SKIP","floor":47}],"player_experience":236726,"relics_obtained":[{"floor":6,"key":"Torii"},{"floor":9,"key":"Mercury Hourglass"},{"floor":26,"key":"Lantern"},{"floor":27,"key":"Ancient Tea Set"},{"floor":40,"key":"Molten Egg 2"},{"floor":41,"key":"Ginger"},{"floor":42,"key":"Centennial Puzzle"},{"floor":43,"key":"War Paint"}],"event_choices":[{"damage_healed":0,"gold_gain":0,"player_choice":"Box","damage_taken":0,"relics_obtained":["FossilizedHelix"],"max_hp_gain":0,"max_hp_loss":0,"event_name":"Big Fish","floor":2,"gold_loss":0,"cards_obtained":["Regret"]},{"damage_healed":0,"gold_gain":175,"player_choice":"AGREE","damage_taken":0,"max_hp_gain":0,"max_hp_loss":0,"event_name":"Liars Game","floor":3,"gold_loss":0,"cards_obtained":["Doubt"]},{"cards_removed":["Doubt"],"damage_healed":0,"gold_gain":0,"player_choice":"Card Removal","damage_taken":7,"max_hp_gain":0,"max_hp_loss":0,"event_name":"Golden Wing","floor":5,"gold_loss":0},{"damage_healed":0,"gold_gain":0,"player_choice":"Entered Light","damage_taken":15,"max_hp_gain":0,"max_hp_loss":0,"event_name":"Shining Light","floor":7,"gold_loss":0,"cards_upgraded":["Electrodynamics","Defend_B"]},{"cards_removed":["Ball Lightning"],"damage_healed":0,"gold_gain":0,"player_choice":"Elegance","damage_taken":0,"max_hp_gain":0,"max_hp_loss":0,"event_name":"Back to Basics","floor":19,"gold_loss":0},{"damage_healed":0,"gold_gain":0,"player_choice":"Inject Mutagens","damage_taken":0,"relics_obtained":["MutagenicStrength"],"max_hp_gain":0,"max_hp_loss":0,"event_name":"Drug Dealer","floor":24,"gold_loss":0},{"damage_healed":0,"gold_gain":0,"player_choice":"Ignored","damage_taken":0,"max_hp_gain":0,"max_hp_loss":0,"event_name":"SecretPortal","floor":36,"gold_loss":0},{"damage_healed":0,"gold_gain":0,"player_choice":"Ignored","damage_taken":0,"max_hp_gain":0,"max_hp_loss":0,"event_name":"Tomb of Lord Red Mask","floor":38,"gold_loss":0},{"damage_healed":0,"gold_gain":0,"player_choice":"Fight","damage_taken":0,"max_hp_gain":0,"max_hp_loss":0,"event_name":"Mysterious Sphere","floor":41,"gold_loss":0},{"cards_removed":["Redo"],"damage_healed":0,"gold_gain":0,"player_choice":"Removed Skill","damage_taken":0,"max_hp_gain":0,"max_hp_loss":0,"event_name":"Falling","floor":44,"gold_loss":0},{"damage_healed":0,"gold_gain":0,"player_choice":"Gave Potion","damage_taken":0,"relics_obtained":["Orichalcum"],"max_hp_gain":0,"max_hp_loss":0,"event_name":"WeMeetAgain","floor":45,"gold_loss":0}],"is_beta":false,"boss_relics":[{"not_picked":["Empty Cage","Busted Crown"],"picked":"Pandora\u0027s Box"},{"not_picked":["Coffee Dripper","Fusion Hammer"],"picked":"FrozenCore"}],"items_purged_floors":[4,39],"is_endless":false,"potions_floor_spawned":[10,12,14,22,27,31,37,41,42],"ascension_level":4}