{"gold_per_floor":[117,117,131,131,56,56,91,110,157,157,157,190,201,220,220,220],"floor_reached":16,"playtime":540,"items_purged":["Strike_R"],"score":149,"play_id":"c2ef6f06-dfd1-4198-a204-8446a88ee877","local_time":"20190813225645","is_ascension_mode":true,"campfire_choices":[{"data":"Bash","floor":6,"key":"SMITH"},{"floor":10,"key":"REST"},{"floor":15,"key":"REST"}],"neow_cost":"NONE","seed_source_timestamp":245345538697449,"circlet_count":0,"master_deck":["Strike_R","Strike_R","Defend_R","Defend_R","Defend_R","Bash+1","Dropkick"],"relics":["Burning Blood","Bag of Marbles","Anchor","Bag of Preparation"],"potions_floor_usage":[12,13,14,16],"damage_taken":[{"damage":10,"enemies":"Small Slimes","floor":1,"turns":3},{"damage":6,"enemies":"Cultist","floor":3,"turns":3},{"damage":32,"enemies":"Gremlin Nob","floor":7,"turns":4},{"damage":7,"enemies":"2 Louse","floor":8,"turns":3},{"damage":40,"enemies":"3 Sentries","floor":12,"turns":10},{"damage":6,"enemies":"Exordium Thugs","floor":13,"turns":4},{"damage":10,"enemies":"Lots of Slimes","floor":14,"turns":4},{"damage":64,"enemies":"The Guardian","floor":16,"turns":11}],"seed_played":"-877385114825664122","potions_obtained":[{"floor":3,"key":"BloodPotion"},{"floor":12,"key":"Energy Potion"},{"floor":13,"key":"Energy Potion"},{"floor":14,"key":"Block Potion"}],"is_trial":false,"path_per_floor":["M","$","M","?","$","R","E","M","T","R","?","E","M","M","R","B"],"character_chosen":"IRONCLAD","items_purchased":[],"campfire_rested":2,"item_purchase_floors":[],"current_hp_per_floor":[68,68,68,61,61,61,35,34,34,58,58,44,44,40,64,0],"gold":220,"neow_bonus":"REMOVE_CARD","is_prod":false,"is_daily":false,"chose_seed":false,"campfire_upgraded":1,"win_rate":0,"timestamp":1565755005,"path_taken":["M","$","M","?","$","R","E","M","T","R","?","E","M","M","R","BOSS"],"build_version":"2019-07-17","purchased_purges":1,"victory":false,"max_hp_per_floor":[80,80,80,80,80,80,80,80,80,80,80,80,80,80,80,80],"card_choices":[{"not_picked":["Anger","Sever Soul","Shrug It Off"],"picked":"SKIP","floor":1},{"not_picked":["Rampage","Hemokinesis","Flex"],"picked":"SKIP","floor":3},{"not_picked":["Sword Boomerang","Limit Break","Flame Barrier"],"picked":"SKIP","floor":7},{"not_picked":["Iron Wave","Warcry","Dual Wield"],"picked":"SKIP","floor":8},{"not_picked":["Wild Strike","Flex","Second Wind"],"picked":"SKIP","floor":12},{"not_picked":["Havoc","True Grit"],"picked":"Dropkick","floor":13},{"not_picked":["Pommel Strike","Iron Wave","Warcry"],"picked":"SKIP","floor":14}],"player_experience":295790,"relics_obtained":[{"floor":7,"key":"Bag of Marbles"},{"floor":9,"key":"Anchor"},{"floor":12,"key":"Bag of Preparation"}],"event_choices":[{"cards_removed":["Strike_R"],"damage_healed":0,"gold_gain":0,"player_choice":"Card Removal","damage_taken":7,"max_hp_gain":0,"max_hp_loss":0,"event_name":"Golden Wing","floor":4,"gold_loss":0},{"cards_removed":["Strike_R"],"damage_healed":0,"gold_gain":0,"player_choice":"Purged","damage_taken":0,"max_hp_gain":0,"max_hp_loss":0,"event_name":"Purifier","floor":11,"gold_loss":0}],"is_beta":false,"boss_relics":[],"items_purged_floors":[5],"is_endless":false,"potions_floor_spawned":[3,12,13,14],"killed_by":"The Guardian","ascension_level":7}