{"gold_per_floor":[365,375,375,395,395,433,211,211,211,230,264,279,6,22,22,143,143,166,166,81,81,7,7,48,48,72,88,106,106,24,38,38,159,159,175,190,190,204,19,19,57,75,75,88,88,129,194,194,194,194],"floor_reached":51,"playtime":3268,"items_purged":["Strike_G"],"score":810,"play_id":"edfca262-0af4-4992-86e3-a1c84cfb7dcc","local_time":"20190505171247","is_ascension_mode":true,"campfire_choices":[{"data":"Crippling Poison","floor":8.0,"key":"SMITH"},{"floor":15.0,"key":"REST"},{"data":"Adrenaline","floor":25.0,"key":"SMITH"},{"floor":29.0,"key":"REST"},{"data":"A Thousand Cuts","floor":32.0,"key":"SMITH"},{"data":"Adrenaline","floor":40,"key":"SMITH"},{"data":"Panache","floor":45,"key":"SMITH"},{"data":"Adrenaline","floor":49,"key":"SMITH"}],"neow_cost":"CURSE","seed_source_timestamp":105891477666300,"circlet_count":0,"master_deck":["Survivor+1","Neutralize","Crippling Poison+1","PiercingWail","Dagger Throw","Predator","Poisoned Stab","Infinite Blades","Dodge and Roll","A Thousand Cuts+1","Adrenaline+1","Slice","Storm of Steel+1","After Image","Backflip","Blur","Slice","Dagger Spray+1","Blade Dance","Malaise","Well Laid Plans","Tools of the Trade","Footwork","Outmaneuver+1","Adrenaline+1","Dash","Blade Dance","Bullet Time","Escape Plan+1","Flying Knee+1","Dodge and Roll","Panache+1","Blade Dance+1","Dodge and Roll","Doubt","Adrenaline+1","Escape Plan","Cloak And Dagger+1"],"special_seed":0,"relics":["Ring of the Snake","Golden Idol","Matryoshka","Anchor","Dodecahedron","Shuriken","Odd Mushroom","OrangePellets","Pandora\u0027s Box","Lantern","Kunai","Blood Vial","War Paint","Cursed Key","Ancient Tea Set","Ninja Scroll","Omamori","Nunchaku","Ornamental Fan"],"potions_floor_usage":[36,44,50,50],"damage_taken":[{"damage":3.0,"enemies":"Jaw Worm","floor":1.0,"turns":7.0},{"damage":6.0,"enemies":"2 Louse","floor":2.0,"turns":3.0},{"damage":2.0,"enemies":"Small Slimes","floor":4.0,"turns":3.0},{"damage":24.0,"enemies":"3 Sentries","floor":6.0,"turns":15.0},{"damage":5.0,"enemies":"Exordium Wildlife","floor":10.0,"turns":5.0},{"damage":7.0,"enemies":"The Mushroom Lair","floor":11.0,"turns":5.0},{"damage":0.0,"enemies":"Red Slaver","floor":12.0,"turns":4.0},{"damage":0.0,"enemies":"2 Fungi Beasts","floor":14.0,"turns":4.0},{"damage":32.0,"enemies":"Hexaghost","floor":16.0,"turns":11.0},{"damage":8.0,"enemies":"Spheric Guardian","floor":18.0,"turns":5.0},{"damage":2.0,"enemies":"Colosseum Slavers","floor":23.0,"turns":5.0},{"damage":24.0,"enemies":"Book of Stabbing","floor":24.0,"turns":7.0},{"damage":0.0,"enemies":"3 Byrds","floor":27.0,"turns":3.0},{"damage":6.0,"enemies":"Snake Plant","floor":28.0,"turns":4.0},{"damage":6.0,"enemies":"Sentry and Sphere","floor":31.0,"turns":4.0},{"damage":31.0,"enemies":"Automaton","floor":33.0,"turns":9.0},{"damage":0,"enemies":"3 Darklings","floor":35,"turns":3},{"damage":8,"enemies":"3 Shapes","floor":36,"turns":3},{"damage":0,"enemies":"Spire Growth","floor":38,"turns":5},{"damage":7,"enemies":"Nemesis","floor":41,"turns":7},{"damage":0,"enemies":"Writhing Mass","floor":42,"turns":4},{"damage":11,"enemies":"4 Shapes","floor":44,"turns":3},{"damage":0,"enemies":"Reptomancer","floor":46,"turns":4},{"damage":0,"enemies":"2 Orb Walkers","floor":47,"turns":3},{"damage":15,"enemies":"Time Eater","floor":50,"turns":11}],"seed_played":"8970580718077241801","potions_obtained":[{"floor":4.0,"key":"Swift Potion"},{"floor":11.0,"key":"GamblersBrew"},{"floor":12.0,"key":"FearPotion"},{"floor":36,"key":"PowerPotion"}],"is_trial":false,"path_per_floor":["M","M","?","M","?","E","$","R","T","M","?","M","$","M","R","B",null,"M","?","?","?","$","?","E","R","T","M","M","R","$","M","R","B",null,"M","M","?","M","$","R","E","M","T","M","R","E","?","T","R","B",null],"character_chosen":"THE_SILENT","items_purchased":["Anchor","OrangePellets","Infinite Blades","Tools of the Trade","Dash","Panache"],"campfire_rested":2,"item_purchase_floors":[7,13,13,22,30,39],"current_hp_per_floor":[67,61,61,59,59,35,35,35,35,30,23,23,23,23,42,10,65,57,57,57,57,57,55,31,31,31,33,29,48,48,44,44,15,65,65,57,57,59,59,59,54,56,56,47,47,49,51,51,51,38],"gold":194,"neow_bonus":"TWO_FIFTY_GOLD","is_prod":false,"is_daily":false,"chose_seed":false,"campfire_upgraded":6,"win_rate":0,"timestamp":1557069167,"path_taken":["M","M","?","M","?","E","$","R","T","M","?","?","?","M","R","BOSS","M","?","?","?","?","?","E","R","T","M","M","R","$","M","R","BOSS","M","M","?","M","$","R","E","M","T","?","R","E","?","?","R","BOSS"],"build_version":"2019-04-23","purchased_purges":1,"victory":true,"max_hp_per_floor":[70,70,65,65,65,65,65,65,65,65,65,65,65,65,65,65,65,65,65,65,65,65,65,65,65,65,65,65,65,65,65,65,65,65,65,65,65,65,65,65,65,65,65,65,65,65,65,65,65,65],"card_choices":[{"not_picked":["Acrobatics","Outmaneuver"],"picked":"Crippling Poison","floor":1.0},{"not_picked":["Tactician","Underhanded Strike"],"picked":"PiercingWail","floor":2.0},{"not_picked":["Sucker Punch","Dagger Spray"],"picked":"Dagger Throw","floor":4.0},{"not_picked":["Doppelganger","Dodge and Roll"],"picked":"Predator","floor":6.0},{"not_picked":["Crippling Poison","Deadly Poison"],"picked":"Poisoned Stab","floor":10.0},{"not_picked":["Tactician","Prepared","Distraction"],"picked":"SKIP","floor":12.0},{"not_picked":["Terror","Dagger Throw"],"picked":"Dodge and Roll","floor":14.0},{"not_picked":["Glass Knife","Tools of the Trade"],"picked":"A Thousand Cuts","floor":16.0},{"not_picked":["Prepared+1","Choke"],"picked":"Dagger Spray+1","floor":18.0},{"not_picked":["Sucker Punch","Flying Knee+1"],"picked":"Footwork","floor":24.0},{"not_picked":["Heel Hook","Reflex"],"picked":"Outmaneuver+1","floor":27.0},{"not_picked":["Flying Knee","Prepared"],"picked":"Adrenaline","floor":28.0},{"not_picked":["All Out Attack","Caltrops"],"picked":"Blade Dance","floor":31.0},{"not_picked":["Corpse Explosion","Storm of Steel"],"picked":"Bullet Time","floor":33.0},{"not_picked":["Tactician","Flying Knee+1"],"picked":"Escape Plan+1","floor":35},{"not_picked":["Poisoned Stab+1","Quick Slash"],"picked":"Flying Knee+1","floor":36},{"not_picked":["Bane+1","Quick Slash"],"picked":"Dodge and Roll","floor":38},{"not_picked":["Footwork+1","Catalyst+1"],"picked":"Blade Dance+1","floor":41},{"not_picked":["Well Laid Plans+1","Backstab"],"picked":"Dodge and Roll","floor":42},{"not_picked":["Quick Slash+1","Catalyst"],"picked":"Adrenaline","floor":44},{"not_picked":["Footwork","Predator+1"],"picked":"Escape Plan","floor":46},{"not_picked":["Slice+1","Endless Agony"],"picked":"Cloak And Dagger+1","floor":47}],"player_experience":66561,"relics_obtained":[{"floor":6.0,"key":"Matryoshka"},{"floor":9.0,"key":"Dodecahedron"},{"floor":9.0,"key":"Shuriken"},{"floor":11.0,"key":"Odd Mushroom"},{"floor":24.0,"key":"Kunai"},{"floor":26.0,"key":"Blood Vial"},{"floor":26.0,"key":"War Paint"},{"floor":41,"key":"Ancient Tea Set"},{"floor":43,"key":"Ninja Scroll"},{"floor":46,"key":"Omamori"},{"floor":47,"key":"Nunchaku"},{"floor":48,"key":"Ornamental Fan"}],"event_choices":[{"damage_healed":0.0,"max_hp_gain":0.0,"max_hp_loss":5.0,"gold_gain":0.0,"event_name":"Golden Idol","player_choice":"Lose Max HP","floor":3.0,"gold_loss":0.0,"damage_taken":0.0,"relics_obtained":["Golden Idol"]},{"cards_removed":["Regret"],"damage_healed":0.0,"max_hp_gain":0.0,"max_hp_loss":0.0,"gold_gain":0.0,"event_name":"Living Wall","player_choice":"Forget","floor":5.0,"gold_loss":0.0,"damage_taken":0.0},{"damage_healed":0.0,"max_hp_gain":0.0,"max_hp_loss":0.0,"gold_gain":0.0,"event_name":"Mushrooms","player_choice":"Fought Mushrooms","floor":11.0,"gold_loss":0.0,"damage_taken":0.0},{"damage_healed":0.0,"max_hp_gain":0.0,"max_hp_loss":0.0,"gold_gain":0.0,"cards_transformed":["Eviscerate","Deadly Poison"],"event_name":"Drug Dealer","player_choice":"Became Test Subject","floor":19.0,"gold_loss":0.0,"damage_taken":0.0,"cards_obtained":["Blade Dance","Malaise"]},{"damage_healed":0.0,"max_hp_gain":0.0,"max_hp_loss":0.0,"gold_gain":0.0,"event_name":"Addict","player_choice":"Obtained Relic","floor":20.0,"gold_loss":85.0,"damage_taken":0.0,"relics_obtained":["Lantern"]},{"damage_healed":0.0,"max_hp_gain":0.0,"max_hp_loss":0.0,"gold_gain":0.0,"event_name":"The Library","player_choice":"Read","floor":21.0,"gold_loss":0.0,"damage_taken":0.0,"cards_obtained":["Well Laid Plans"]},{"damage_healed":0.0,"max_hp_gain":0.0,"max_hp_loss":0.0,"gold_gain":0.0,"event_name":"Colosseum","player_choice":"Fight","floor":23.0,"gold_loss":0.0,"damage_taken":0.0},{"damage_healed":0.0,"max_hp_gain":0.0,"max_hp_loss":0.0,"gold_gain":0.0,"event_name":"Colosseum","player_choice":"Fled From Nobs","floor":23.0,"gold_loss":0.0,"damage_taken":0.0},{"damage_healed":0,"gold_gain":0,"player_choice":"0 cards matched","damage_taken":0,"max_hp_gain":0,"max_hp_loss":0,"event_name":"Match and Keep!","floor":37,"gold_loss":0,"cards_obtained":[]},{"damage_healed":0,"gold_gain":0,"player_choice":"Fight","damage_taken":0,"max_hp_gain":0,"max_hp_loss":0,"event_name":"Mysterious Sphere","floor":47,"gold_loss":0}],"is_beta":true,"boss_relics":[{"not_picked":["HoveringKite","Lizard Tail"],"picked":"Pandora\u0027s Box"},{"not_picked":["Empty Cage","Eternal Feather"],"picked":"Cursed Key"}],"items_purged_floors":[7],"is_endless":false,"potions_floor_spawned":[4,11,12,23,27,33,35,36,41],"ascension_level":1}