{"gold_per_floor":[361,361,379,10,10,40,58,58,58,68,68,44,75,225,225,322,322,332,85,217,229,194,206,236,298,334,346,408,433,457,16,16,119,119,131,181,193,243,293,323,473,487,540,540,67,117,117,23,23,23],"floor_reached":50,"playtime":2362,"items_purged":["Regret"],"score":808,"play_id":"a9423377-a633-4e7d-bf8d-5a22456c126e","local_time":"20191020183155","is_ascension_mode":true,"campfire_choices":[{"floor":8.0,"key":"REST"},{"data":"Anger","floor":11.0,"key":"SMITH"},{"floor":15.0,"key":"REST"},{"floor":23.0,"key":"REST"},{"floor":27.0,"key":"REST"},{"floor":32.0,"key":"REST"},{"floor":44.0,"key":"REST"},{"data":"Mayhem","floor":47.0,"key":"SMITH"},{"data":"Dramatic Entrance","floor":49.0,"key":"SMITH"}],"neow_cost":"TEN_PERCENT_HP_LOSS","seed_source_timestamp":0,"circlet_count":0,"master_deck":["AscendersBane","Strike_R+1","Strike_R+1","Strike_R+1","Strike_R+1","Defend_R+1","Defend_R+1","Defend_R+1","Defend_R+1","Anger+1","Iron Wave","Flash of Steel","Fire Breathing","Offering","Seeing Red","Ghostly Armor","True Grit","Iron Wave","Demon Form","Rage","Inflame","Dual Wield","Flame Barrier","Inflame","Havoc","True Grit","Limit Break+1","Mayhem+1","Feel No Pain","Sword Boomerang","Reaper","Rage+1","Evolve","Armaments","Armaments","Dramatic Entrance+1","Flash of Steel"],"special_seed":0,"relics":["Burning Blood","Shuriken","Juzu Bracelet","SsserpentHead","Boot","Bottled Flame","Mummified Hand","Empty Cage","Oddly Smooth Stone","Self Forming Clay","MawBank","Red Skull","Sundial","Velvet Choker","WingedGreaves","Ginger","Anchor","Bottled Lightning","Bag of Marbles"],"potions_floor_usage":[50],"damage_taken":[{"damage":12.0,"enemies":"Small Slimes","floor":1.0,"turns":5.0},{"damage":11.0,"enemies":"Jaw Worm","floor":3.0,"turns":4.0},{"damage":35.0,"enemies":"Lagavulin","floor":6.0,"turns":5.0},{"damage":1.0,"enemies":"Cultist","floor":7.0,"turns":4.0},{"damage":14.0,"enemies":"Lots of Slimes","floor":10.0,"turns":4.0},{"damage":36.0,"enemies":"Gremlin Nob","floor":13.0,"turns":4.0},{"damage":20.0,"enemies":"Hexaghost","floor":16.0,"turns":9.0},{"damage":45.0,"enemies":"2 Thieves","floor":18.0,"turns":4.0},{"damage":14.0,"enemies":"Spheric Guardian","floor":21.0,"turns":4.0},{"damage":24.0,"enemies":"Snecko","floor":24.0,"turns":9.0},{"damage":25.0,"enemies":"3 Cultists","floor":29.0,"turns":5.0},{"damage":9.0,"enemies":"Shelled Parasite and Fungi","floor":30.0,"turns":5.0},{"damage":23.0,"enemies":"Champ","floor":33.0,"turns":8.0},{"damage":38.0,"enemies":"3 Darklings","floor":35.0,"turns":8.0},{"damage":42.0,"enemies":"3 Shapes","floor":37.0,"turns":5.0},{"damage":48.0,"enemies":"Nemesis","floor":40.0,"turns":9.0},{"damage":12.0,"enemies":"Mind Bloom Boss Battle","floor":41.0,"turns":6.0},{"damage":56.0,"enemies":"Spire Growth","floor":42.0,"turns":7.0},{"damage":113,"enemies":"Awakened One","floor":50,"turns":8}],"seed_played":"-9030388840433159484","potions_obtained":[{"floor":6.0,"key":"GamblersBrew"},{"floor":13.0,"key":"Dexterity Potion"},{"floor":21.0,"key":"Energy Potion"},{"floor":30.0,"key":"EssenceOfSteel"},{"floor":33.0,"key":"LiquidBronze"},{"floor":37.0,"key":"GamblersBrew"},{"floor":40.0,"key":"Regen Potion"},{"floor":42.0,"key":"SpeedPotion"}],"is_trial":false,"path_per_floor":["M","?","M","$","?","E","M","R","T","M","R","$","E","?","R","B",null,"M","$","T","M","?","R","M","?","T","R","T","M","M","$","R","B",null,"M","?","M","?","?","E","?","M","T","R","$","?","R","$","R","B"],"character_chosen":"IRONCLAD","items_purchased":["Juzu Bracelet","Flash of Steel","Fire Breathing","True Grit","Oddly Smooth Stone","Inflame","Dual Wield","Limit Break","Mayhem","Feel No Pain","Sword Boomerang","Bottled Lightning","Bag of Marbles","Dramatic Entrance","Flash of Steel"],"campfire_rested":6,"item_purchase_floors":[4,4,4,12,19,19,19,31,31,31,31,45,45,45,48],"current_hp_per_floor":[66,66,61,61,61,32,37,58,58,50,50,50,20,20,41,27,61,22,22,22,14,14,35,17,17,17,38,38,19,16,16,37,20,59,54,54,28,63,63,21,42,45,45,63,63,63,63,63,63,0],"gold":23,"neow_bonus":"TWO_FIFTY_GOLD","is_prod":false,"is_daily":false,"chose_seed":false,"campfire_upgraded":3,"win_rate":0,"timestamp":1571610715,"path_taken":["M","?","M","$","?","E","M","R","T","M","R","$","E","?","R","BOSS","M","?","?","M","?","R","M","?","T","R","?","M","M","$","R","BOSS","M","?","M","?","?","E","?","M","T","R","$","?","R","$","R","BOSS"],"build_version":"2019-07-17","purchased_purges":1,"victory":false,"max_hp_per_floor":[72,72,72,72,72,72,72,72,72,72,72,72,72,72,72,72,72,72,72,72,72,72,72,72,72,72,72,72,72,72,72,72,72,72,72,72,72,63,63,63,63,63,63,63,63,63,63,63,63,63],"card_choices":[{"not_picked":["Headbutt","Pummel"],"picked":"Anger","floor":1.0},{"not_picked":["Anger","Headbutt"],"picked":"Iron Wave","floor":3.0},{"not_picked":["Whirlwind","Pummel"],"picked":"Offering","floor":6.0},{"not_picked":["Headbutt","Wild Strike"],"picked":"Seeing Red","floor":7.0},{"not_picked":["Warcry","Anger"],"picked":"Ghostly Armor","floor":10.0},{"not_picked":["Warcry","Blood for Blood"],"picked":"Iron Wave","floor":13.0},{"not_picked":["Brutality","Berserk"],"picked":"Demon Form","floor":16.0},{"not_picked":["Combust","Sword Boomerang"],"picked":"Rage","floor":18.0},{"not_picked":["Perfected Strike+1","Dual Wield"],"picked":"Flame Barrier","floor":21.0},{"not_picked":["Anger","Shrug It Off+1"],"picked":"Inflame","floor":24.0},{"not_picked":["Twin Strike","Headbutt"],"picked":"Havoc","floor":29.0},{"not_picked":["Rampage","Anger"],"picked":"True Grit","floor":30.0},{"not_picked":["Dark Embrace","Bludgeon"],"picked":"Reaper","floor":33.0},{"not_picked":["Second Wind","Wild Strike"],"picked":"Rage+1","floor":35.0},{"not_picked":["Thunderclap","Armaments"],"picked":"Evolve","floor":37.0},{"not_picked":["Feel No Pain","Twin Strike"],"picked":"Entrench","floor":40.0},{"not_picked":["Flex","Second Wind"],"picked":"Armaments","floor":41.0},{"not_picked":["Rupture","Combust"],"picked":"Armaments","floor":42.0}],"player_experience":733321,"relics_obtained":[{"floor":6.0,"key":"Boot"},{"floor":9.0,"key":"Bottled Flame"},{"floor":13.0,"key":"Mummified Hand"},{"floor":20.0,"key":"Self Forming Clay"},{"floor":26.0,"key":"Red Skull"},{"floor":28.0,"key":"Sundial"},{"floor":40.0,"key":"WingedGreaves"},{"floor":41.0,"key":"Ginger"},{"floor":43.0,"key":"Anchor"}],"event_choices":[{"damage_healed":0.0,"max_hp_gain":0.0,"max_hp_loss":0.0,"gold_gain":0.0,"event_name":"Big Fish","player_choice":"Box","floor":2.0,"gold_loss":0.0,"damage_taken":0.0,"relics_obtained":["Shuriken"],"cards_obtained":["Regret"]},{"damage_healed":0.0,"max_hp_gain":0.0,"max_hp_loss":0.0,"gold_gain":0.0,"event_name":"FaceTrader","player_choice":"Trade","floor":5.0,"gold_loss":0.0,"damage_taken":0.0,"relics_obtained":["SsserpentHead"]},{"damage_healed":0.0,"max_hp_gain":0.0,"max_hp_loss":0.0,"gold_gain":100.0,"event_name":"Golden Shrine","player_choice":"Pray","floor":14.0,"gold_loss":0.0,"damage_taken":0.0},{"damage_healed":0.0,"max_hp_gain":0.0,"max_hp_loss":0.0,"gold_gain":0.0,"event_name":"Addict","player_choice":"Obtained Relic","floor":22.0,"gold_loss":85.0,"damage_taken":0.0,"relics_obtained":["MawBank"]},{"damage_healed":0.0,"max_hp_gain":0.0,"max_hp_loss":0.0,"gold_gain":0.0,"event_name":"Back to Basics","player_choice":"Simplicity","floor":25.0,"gold_loss":0.0,"damage_taken":0.0,"cards_upgraded":["Strike_R","Strike_R","Strike_R","Strike_R","Defend_R","Defend_R","Defend_R","Defend_R"]},{"damage_healed":0.0,"max_hp_gain":0.0,"max_hp_loss":0.0,"gold_gain":0.0,"event_name":"Accursed Blacksmith","player_choice":"Forge","floor":36.0,"gold_loss":0.0,"damage_taken":0.0,"cards_upgraded":["Limit Break"]},{"damage_healed":63.0,"max_hp_gain":0.0,"max_hp_loss":9.0,"gold_gain":0.0,"event_name":"The Moai Head","player_choice":"Heal","floor":38.0,"gold_loss":0.0,"damage_taken":0.0},{"damage_healed":0.0,"max_hp_gain":0.0,"max_hp_loss":0.0,"gold_gain":0.0,"event_name":"Tomb of Lord Red Mask","player_choice":"Ignored","floor":39.0,"gold_loss":0.0,"damage_taken":0.0},{"damage_healed":0.0,"max_hp_gain":0.0,"max_hp_loss":0.0,"gold_gain":0.0,"event_name":"MindBloom","player_choice":"Fight","floor":41.0,"gold_loss":0.0,"damage_taken":0.0},{"cards_removed":["Entrench"],"damage_healed":0.0,"max_hp_gain":0.0,"max_hp_loss":0.0,"gold_gain":0.0,"event_name":"Falling","player_choice":"Removed Skill","floor":46.0,"gold_loss":0.0,"damage_taken":0.0}],"is_beta":false,"boss_relics":[{"not_picked":["Busted Crown","Runic Dome"],"picked":"Empty Cage"},{"not_picked":["Snecko Eye","Runic Cube"],"picked":"Velvet Choker"}],"items_purged_floors":[4],"is_endless":false,"potions_floor_spawned":[6,13,21,30,33,37,40,42],"killed_by":"Awakened One","ascension_level":12}