{"gold_per_floor":[109,36,54,54,54,82,82,110,188,188,211,211,41,81,81,212,212,202,7,7,20,44,82,126,126,126,146,7,31,71,17,17,140,140,153,171,296,309,40,71,6,47,359,391,444,46,60,79,79,79],"floor_reached":51,"playtime":2767,"items_purged":["Parasite","Strike_B","Strike_B"],"score":1086,"play_id":"08b0d695-096c-407c-a912-550ab128535f","local_time":"20190505123033","is_ascension_mode":true,"campfire_choices":[{"data":"Hologram","floor":7,"key":"SMITH"},{"floor":15,"key":"REST"},{"floor":25,"key":"REST"},{"data":"Buffer","floor":32,"key":"SMITH"},{"data":"Zap","floor":49,"key":"SMITH"}],"neow_cost":"CURSE","seed_source_timestamp":89518563457100,"circlet_count":0,"master_deck":["Strike_B+1","Strike_B","Defend_B","Defend_B","Defend_B","Defend_B","Zap+1","Dualcast","Gash","Gash","Leap","Hologram+1","Gash","Genetic Algorithm","Skim+1","Trip+1","Glacier+1","Buffer+1","Hologram+1","The Bomb+1","Gash+1","Gash","Auto Shields+1","Gash","Reprogram+1","Reprogram+1","Aggregate+1","Hologram+1","Stack+1","Rebound+1","All For One","Gash","Leap+1","Recycle+1","Recycle+1","Conserve Battery+1","Gash","Seek+1","Reboot+1","Redo+1","Hologram+1","Redo+1","All For One"],"relics":["Cracked Core","Mango","Ancient Tea Set","Centennial Puzzle","Toxic Egg 2","Golden Idol","CultistMask","Question Card","Inserter","Ornamental Fan","Bag of Preparation","Red Mask","Ginger","Boot","Black Star","Incense Burner","Meat on the Bone","The Courier","MawBank","Prayer Wheel","Old Coin","Pocketwatch","Letter Opener","Happy Flower","Pen Nib","Whetstone"],"potions_floor_usage":[8,23,24,37,40,42,48],"damage_taken":[{"damage":15,"enemies":"Jaw Worm","floor":1,"turns":4},{"damage":0,"enemies":"2 Louse","floor":3,"turns":2},{"damage":37,"enemies":"Gremlin Nob","floor":6,"turns":5},{"damage":21,"enemies":"3 Sentries","floor":8,"turns":7},{"damage":5,"enemies":"Small Slimes","floor":11,"turns":3},{"damage":24,"enemies":"Lagavulin","floor":14,"turns":7},{"damage":9,"enemies":"Hexaghost","floor":16,"turns":6},{"damage":2,"enemies":"2 Thieves","floor":18,"turns":4},{"damage":13,"enemies":"Chosen","floor":21,"turns":5},{"damage":3,"enemies":"Snecko","floor":22,"turns":5},{"damage":27,"enemies":"Gremlin Leader","floor":23,"turns":6},{"damage":2,"enemies":"Masked Bandits","floor":24,"turns":5},{"damage":3,"enemies":"3 Cultists","floor":27,"turns":4},{"damage":1,"enemies":"Centurion and Healer","floor":29,"turns":4},{"damage":11,"enemies":"Book of Stabbing","floor":30,"turns":4},{"damage":0,"enemies":"Automaton","floor":33,"turns":8},{"damage":0,"enemies":"Orb Walker","floor":35,"turns":4},{"damage":0,"enemies":"3 Shapes","floor":36,"turns":4},{"damage":0,"enemies":"Mind Bloom Boss Battle","floor":37,"turns":5},{"damage":19,"enemies":"Maw","floor":38,"turns":7},{"damage":25,"enemies":"Nemesis","floor":40,"turns":5},{"damage":7,"enemies":"Reptomancer","floor":42,"turns":6},{"damage":0,"enemies":"Jaw Worm Horde","floor":44,"turns":4},{"damage":0,"enemies":"Giant Head","floor":45,"turns":4},{"damage":0,"enemies":"Transient","floor":47,"turns":5},{"damage":8,"enemies":"4 Shapes","floor":48,"turns":2},{"damage":0,"enemies":"Awakened One","floor":50,"turns":5}],"seed_played":"7077388096453497994","potions_obtained":[{"floor":6,"key":"Regen Potion"},{"floor":8,"key":"PowerPotion"},{"floor":14,"key":"Swift Potion"},{"floor":16,"key":"FearPotion"},{"floor":21,"key":"Poison Potion"},{"floor":23,"key":"PowerPotion"},{"floor":24,"key":"Fire Potion"},{"floor":30,"key":"SkillPotion"},{"floor":38,"key":"FocusPotion"},{"floor":44,"key":"Fire Potion"},{"floor":47,"key":"SpeedPotion"}],"is_trial":false,"path_per_floor":["M","$","M","?","$","E","R","E","T","?","M","?","$","E","R","B",null,"M","$","T","M","M","E","?","R","T","M","$","M","E","$","R","B",null,"M","M","?","M","$","E","$","E","T","M","E","$","M","M","R","B",null],"character_chosen":"DEFECT","items_purchased":["Gash","Leap","Trip+1","The Bomb+1","Reprogram+1","Hologram+1","Gash","Leap+1","Recycle+1","Recycle+1","Happy Flower","Redo+1","Pen Nib","Whetstone"],"campfire_rested":2,"item_purchase_floors":[2,2,13,19,28,31,39,39,39,41,46,46,46,46],"current_hp_per_floor":[74,74,74,79,79,42,42,30,30,30,25,25,25,1,26,17,84,82,82,82,69,66,39,37,62,62,59,59,58,47,47,47,47,84,84,84,84,65,65,40,40,45,45,45,45,45,45,49,49,49],"gold":79,"neow_bonus":"ONE_RARE_RELIC","is_prod":false,"is_daily":false,"chose_seed":false,"campfire_upgraded":3,"win_rate":0,"timestamp":1557052233,"path_taken":["M","$","M","?","$","E","R","E","T","?","M","?","$","E","R","BOSS","M","$","?","M","M","E","?","R","T","M","$","M","E","?","R","BOSS","M","M","?","M","$","E","?","E","T","M","E","$","M","M","R","BOSS"],"build_version":"2019-04-23","purchased_purges":3,"victory":true,"max_hp_per_floor":[89,89,89,94,94,94,94,94,94,87,87,87,84,84,84,84,84,84,84,84,84,84,84,84,84,84,84,84,84,84,84,84,84,84,84,84,84,84,84,84,84,84,84,84,84,84,84,84,84,84],"card_choices":[{"not_picked":["Tempest","Storm"],"picked":"Gash","floor":1},{"not_picked":["Conserve Battery","Barrage"],"picked":"Hologram","floor":3},{"not_picked":["Sweeping Beam","Turbo"],"picked":"Gash","floor":6},{"not_picked":["Tempest","Recycle"],"picked":"Genetic Algorithm","floor":8},{"not_picked":["Beam Cell","Chaos+1"],"picked":"Skim+1","floor":11},{"not_picked":["Biased Cognition","Coolheaded+1"],"picked":"Glacier+1","floor":14},{"not_picked":["Thunder Strike","Amplify+1","Electrodynamics"],"picked":"Buffer","floor":16},{"not_picked":["Auto Shields+1","Rip and Tear","BootSequence+1"],"picked":"Hologram+1","floor":18},{"not_picked":["Steam+1","Sunder","Turbo+1"],"picked":"Gash","floor":21},{"not_picked":["Hello World","Steam+1","Turbo+1"],"picked":"Gash","floor":22},{"not_picked":["Defragment","Ball Lightning","Tempest+1"],"picked":"Auto Shields+1","floor":23},{"not_picked":["Reprogram+1","Steam+1","Blizzard"],"picked":"Gash","floor":27},{"not_picked":["Reinforced Body+1","Glacier+1","White Noise+1"],"picked":"Reprogram+1","floor":29},{"not_picked":["Hyperbeam","Steam+1","Ball Lightning"],"picked":"Aggregate+1","floor":30},{"not_picked":["Beam Cell","Steam Power+1","Streamline"],"picked":"Stack+1","floor":35},{"not_picked":["Coolheaded+1","Turbo+1","Steam+1","Darkness+1"],"picked":"SKIP","floor":36},{"not_picked":["Auto Shields+1","Reinforced Body+1","Redo+1"],"picked":"Rebound+1","floor":37},{"not_picked":["Rebound","Redo+1","Coolheaded+1"],"picked":"All For One","floor":38},{"not_picked":["Steam+1","Ball Lightning","Turbo+1","Beam Cell"],"picked":"SKIP","floor":40},{"not_picked":["Self Repair+1","Turbo+1","Steam Power+1"],"picked":"Conserve Battery+1","floor":42},{"not_picked":["Sweeping Beam","Fusion+1","Rebound"],"picked":"Gash","floor":44},{"not_picked":["Hologram+1","Stack+1","Lockon"],"picked":"Seek+1","floor":44},{"not_picked":["Reinforced Body+1","Thunder Strike","Meteor Strike"],"picked":"Reboot+1","floor":45},{"not_picked":["Barrage+1","Rip and Tear","Auto Shields+1"],"picked":"Hologram+1","floor":47},{"not_picked":["Barrage+1","Storm","Ball Lightning"],"picked":"Redo+1","floor":47},{"not_picked":["Fusion+1","Hologram+1","Streamline"],"picked":"All For One","floor":48},{"not_picked":["Compile Driver","Steam+1","Redo+1","Cold Snap"],"picked":"SKIP","floor":48}],"player_experience":59116,"relics_obtained":[{"floor":6,"key":"Ancient Tea Set"},{"floor":8,"key":"Centennial Puzzle"},{"floor":9,"key":"Toxic Egg 2"},{"floor":14,"key":"Question Card"},{"floor":20,"key":"Ornamental Fan"},{"floor":23,"key":"Bag of Preparation"},{"floor":24,"key":"Red Mask"},{"floor":26,"key":"Ginger"},{"floor":30,"key":"Boot"},{"floor":37,"key":"Incense Burner"},{"floor":40,"key":"Meat on the Bone"},{"floor":40,"key":"The Courier"},{"floor":42,"key":"MawBank"},{"floor":42,"key":"Prayer Wheel"},{"floor":43,"key":"Old Coin"},{"floor":45,"key":"Pocketwatch"},{"floor":45,"key":"Letter Opener"}],"event_choices":[{"damage_healed":0,"gold_gain":0,"player_choice":"Donut","damage_taken":0,"max_hp_gain":5,"max_hp_loss":0,"event_name":"Big Fish","floor":4,"gold_loss":0},{"damage_healed":0,"gold_gain":0,"player_choice":"Lose Max HP","damage_taken":0,"relics_obtained":["Golden Idol"],"max_hp_gain":0,"max_hp_loss":7,"event_name":"Golden Idol","floor":10,"gold_loss":0},{"damage_healed":0,"gold_gain":0,"player_choice":"Trade","damage_taken":0,"relics_obtained":["CultistMask"],"max_hp_gain":0,"max_hp_loss":0,"event_name":"FaceTrader","floor":12,"gold_loss":0},{"damage_healed":0,"gold_gain":0,"player_choice":"Fought Bandits","damage_taken":0,"max_hp_gain":0,"max_hp_loss":0,"event_name":"Masked Bandits","floor":24,"gold_loss":0},{"damage_healed":0,"gold_gain":0,"player_choice":"Fight","damage_taken":0,"max_hp_gain":0,"max_hp_loss":0,"event_name":"MindBloom","floor":37,"gold_loss":0}],"is_beta":true,"boss_relics":[{"not_picked":["Lizard Tail","Calling Bell"],"picked":"Inserter"},{"not_picked":["Snecko Eye","Nuclear Battery"],"picked":"Black Star"}],"items_purged_floors":[13,28,39],"is_endless":false,"potions_floor_spawned":[6,8,14,16,21,23,24,27,29,30,35,38,44,47],"ascension_level":1}