{"gold_per_floor":[117,117,82,82,7,47,92,92,92,112,112,127,150,193,193,321,321,339,339,51,66,90,90,128,128,128,152,193,193,236,151,151,281,281,302,52,52,177,77,108,108,122,122,161,161,182,206,247,247,247],"floor_reached":51,"playtime":3267,"items_purged":["Strike_R","Pain","Strike_R"],"score":936,"play_id":"aecb494f-ff35-4d4c-bdad-c47d718ba6d2","local_time":"20190428173415","is_ascension_mode":true,"campfire_choices":[{"floor":8,"key":"REST"},{"data":"Trip","floor":11,"key":"SMITH"},{"data":"Uppercut","floor":15,"key":"SMITH"},{"data":"Double Tap","floor":23,"key":"SMITH"},{"floor":32,"key":"REST"},{"floor":41,"key":"REST"},{"floor":49,"key":"REST"}],"neow_cost":"NONE","seed_source_timestamp":927368768556100,"circlet_count":0,"master_deck":["Strike_R","Strike_R","Strike_R","Defend_R","Defend_R","Defend_R+1","Defend_R","Bash","Trip+1","Iron Wave+1","Cleave","Carnage","Uppercut+1","Barricade","Iron Wave","Uppercut+1","Evolve","Double Tap+1","Iron Wave","Whirlwind+1","Ghostly Armor","Immolate","Rampage","Disarm","Deep Breath","Master of Strategy","Transmutation","Rage+1","Pommel Strike+1","Uppercut+1","Writhe","Power Through","Iron Wave+1","Shrug It Off+1"],"relics":["Burning Blood","Golden Idol","Mercury Hourglass","Lantern","Self Forming Clay","Regal Pillow","Mark of Pain","Pear","Bottled Flame","WarpedTongs","Shuriken","Nunchaku","The Courier","Art of War","Velvet Choker","Oddly Smooth Stone","Turnip","Mummified Hand","Sundial","Girya","Juzu Bracelet"],"potions_floor_usage":[28,28,28,28,28,33,50],"damage_taken":[{"damage":5,"enemies":"Small Slimes","floor":1,"turns":4},{"damage":32,"enemies":"Gremlin Nob","floor":6,"turns":4},{"damage":0,"enemies":"2 Louse","floor":10,"turns":2},{"damage":0,"enemies":"Cultist","floor":12,"turns":3},{"damage":1,"enemies":"3 Louse","floor":13,"turns":2},{"damage":20,"enemies":"Lagavulin","floor":14,"turns":5},{"damage":35,"enemies":"The Guardian","floor":16,"turns":10},{"damage":15,"enemies":"3 Byrds","floor":18,"turns":4},{"damage":6,"enemies":"Spheric Guardian","floor":21,"turns":3},{"damage":9,"enemies":"Centurion and Healer","floor":22,"turns":4},{"damage":26,"enemies":"Book of Stabbing","floor":24,"turns":6},{"damage":7,"enemies":"Chosen and Byrds","floor":27,"turns":3},{"damage":40,"enemies":"Gremlin Leader","floor":28,"turns":6},{"damage":27,"enemies":"Book of Stabbing","floor":30,"turns":4},{"damage":11,"enemies":"Automaton","floor":33,"turns":11},{"damage":5,"enemies":"Orb Walker","floor":35,"turns":3},{"damage":12,"enemies":"Mind Bloom Boss Battle","floor":38,"turns":4},{"damage":50,"enemies":"Giant Head","floor":40,"turns":8},{"damage":0,"enemies":"3 Darklings","floor":42,"turns":1},{"damage":43,"enemies":"Reptomancer","floor":44,"turns":5},{"damage":12,"enemies":"Spire Growth","floor":46,"turns":4},{"damage":20,"enemies":"Jaw Worm Horde","floor":47,"turns":3},{"damage":9,"enemies":"Nemesis","floor":48,"turns":7},{"damage":90,"enemies":"Donu and Deca","floor":50,"turns":10}],"seed_played":"997759899293682780","potions_obtained":[{"floor":6,"key":"Regen Potion"},{"floor":14,"key":"EssenceOfSteel"},{"floor":18,"key":"LiquidBronze"},{"floor":22,"key":"EntropicBrew"},{"floor":35,"key":"BloodPotion"},{"floor":40,"key":"Strength Potion"},{"floor":44,"key":"Energy Potion"}],"is_trial":false,"path_per_floor":["M","?","?","?","$","E","T","R","T","M","R","M","M","E","R","B",null,"M","?","$","M","M","R","E","?","T","M","E","$","E","?","R","B",null,"M","$","?","?","$","E","R","M","T","E","?","M","M","E","R","B",null],"character_chosen":"IRONCLAD","items_purchased":["Evolve","Pear","Oddly Smooth Stone","Disarm"],"campfire_rested":4,"item_purchase_floors":[20,20,36,36],"current_hp_per_floor":[80,64,80,60,60,34,34,58,58,64,64,70,75,61,61,32,80,71,71,81,81,78,78,58,58,58,57,47,47,26,26,68,63,90,90,90,80,74,74,30,72,78,78,41,64,58,44,41,83,8],"gold":247,"neow_bonus":"RANDOM_COLORLESS","is_prod":false,"is_daily":false,"chose_seed":false,"campfire_upgraded":3,"win_rate":0,"timestamp":1556465655,"path_taken":["M","?","?","?","$","E","?","R","T","M","R","?","M","E","R","BOSS","M","?","$","?","M","R","E","?","T","?","E","$","E","?","R","BOSS","M","$","?","?","?","E","R","M","T","E","?","?","M","E","R","BOSS"],"build_version":"2019-01-23","purchased_purges":3,"victory":true,"max_hp_per_floor":[80,80,80,80,80,80,80,80,80,80,80,80,80,80,80,80,80,80,80,90,90,90,90,90,90,90,90,90,90,90,90,90,90,90,90,90,90,90,90,90,90,90,90,90,90,90,90,90,90,90],"card_choices":[{"not_picked":["Searing Blow","Evolve"],"picked":"Iron Wave","floor":1},{"not_picked":["Thunderclap","True Grit"],"picked":"Cleave","floor":6},{"not_picked":["Sever Soul","Thunderclap","Body Slam"],"picked":"SKIP","floor":10},{"not_picked":["Body Slam","Rupture","Havoc"],"picked":"SKIP","floor":12},{"not_picked":["Pommel Strike","True Grit"],"picked":"Carnage","floor":13},{"not_picked":["Heavy Blade","Dual Wield"],"picked":"Uppercut","floor":14},{"not_picked":["Brutality","Demon Form"],"picked":"Barricade","floor":16},{"not_picked":["Sword Boomerang","Evolve"],"picked":"Iron Wave","floor":18},{"not_picked":["Perfected Strike","Body Slam"],"picked":"Double Tap","floor":21},{"not_picked":["Second Wind","Warcry+1","Thunderclap"],"picked":"SKIP","floor":22},{"not_picked":["Wild Strike","Flex","Exhume"],"picked":"SKIP","floor":24},{"not_picked":["Anger","Blood for Blood"],"picked":"Iron Wave","floor":27},{"not_picked":["Rampage","Flex+1"],"picked":"Whirlwind+1","floor":28},{"not_picked":["Feel No Pain","Barricade"],"picked":"Ghostly Armor","floor":30},{"not_picked":["Fiend Fire","Brutality"],"picked":"Immolate","floor":33},{"not_picked":["Cleave","Feel No Pain"],"picked":"Rampage","floor":35},{"not_picked":["Purity","HandOfGreed"],"picked":"Deep Breath","floor":37},{"not_picked":["Jack Of All Trades","PanicButton"],"picked":"Master of Strategy","floor":37},{"not_picked":["Madness","Dramatic Entrance"],"picked":"Transmutation","floor":37},{"not_picked":["Flex","Body Slam"],"picked":"Rage+1","floor":38},{"not_picked":["Hemokinesis","Corruption"],"picked":"Pommel Strike+1","floor":40},{"not_picked":["Havoc+1","Sword Boomerang","Warcry+1"],"picked":"SKIP","floor":42},{"not_picked":["Reckless Charge","Thunderclap"],"picked":"Uppercut+1","floor":44},{"not_picked":["Clothesline","Heavy Blade+1"],"picked":"Power Through","floor":46},{"not_picked":["Flex","Twin Strike"],"picked":"Iron Wave+1","floor":47},{"not_picked":["Rupture+1","Shockwave"],"picked":"Shrug It Off+1","floor":48}],"player_experience":300632,"relics_obtained":[{"floor":6,"key":"Mercury Hourglass"},{"floor":7,"key":"Lantern"},{"floor":9,"key":"Self Forming Clay"},{"floor":14,"key":"Regal Pillow"},{"floor":24,"key":"Bottled Flame"},{"floor":26,"key":"Shuriken"},{"floor":28,"key":"Nunchaku"},{"floor":30,"key":"The Courier"},{"floor":38,"key":"Turnip"},{"floor":40,"key":"Mummified Hand"},{"floor":43,"key":"Sundial"},{"floor":44,"key":"Girya"},{"floor":48,"key":"Juzu Bracelet"}],"event_choices":[{"damage_healed":0,"gold_gain":0,"player_choice":"Entered Light","damage_taken":16,"max_hp_gain":0,"max_hp_loss":0,"event_name":"Shining Light","floor":2,"gold_loss":0,"cards_upgraded":["Iron Wave","Defend_R"]},{"damage_healed":20,"gold_gain":0,"player_choice":"Healed","damage_taken":0,"max_hp_gain":0,"max_hp_loss":0,"event_name":"The Cleric","floor":3,"gold_loss":35},{"damage_healed":0,"gold_gain":0,"player_choice":"Take Damage","damage_taken":20,"relics_obtained":["Golden Idol"],"max_hp_gain":0,"max_hp_loss":0,"event_name":"Golden Idol","floor":4,"gold_loss":0},{"damage_healed":0,"gold_gain":0,"player_choice":"Copied","damage_taken":0,"max_hp_gain":0,"max_hp_loss":0,"event_name":"Duplicator","floor":19,"gold_loss":0,"cards_obtained":["Uppercut"]},{"damage_healed":0,"gold_gain":0,"player_choice":"Rummage","damage_taken":0,"relics_obtained":["WarpedTongs"],"max_hp_gain":0,"max_hp_loss":0,"event_name":"Accursed Blacksmith","floor":25,"gold_loss":0,"cards_obtained":["Pain"]},{"damage_healed":0,"gold_gain":0,"player_choice":"Obtained Relic","damage_taken":0,"relics_obtained":["Art of War"],"max_hp_gain":0,"max_hp_loss":0,"event_name":"Addict","floor":31,"gold_loss":85},{"damage_healed":0,"gold_gain":0,"player_choice":"Memory 3","damage_taken":10,"max_hp_gain":0,"max_hp_loss":0,"event_name":"SensoryStone","floor":37,"gold_loss":0},{"damage_healed":0,"gold_gain":0,"player_choice":"Fight","damage_taken":0,"max_hp_gain":0,"max_hp_loss":0,"event_name":"MindBloom","floor":38,"gold_loss":0},{"damage_healed":23,"gold_gain":0,"player_choice":"Writhe","damage_taken":0,"max_hp_gain":0,"max_hp_loss":0,"event_name":"Winding Halls","floor":45,"gold_loss":0,"cards_obtained":["Writhe"]}],"is_beta":false,"boss_relics":[{"not_picked":["Sozu","Cursed Key"],"picked":"Mark of Pain"},{"not_picked":["Black Star","Snecko Eye"],"picked":"Velvet Choker"}],"items_purged_floors":[5,36,39],"is_endless":false,"potions_floor_spawned":[6,14,18,22,24,35,40,44,46],"ascension_level":3}