{"gold_per_floor":[209,284,134,134,99,99,143,143,214,233,252,252,268,287,287,418,418,436,84,105,146,146,146,179,179,179,179,204,204,214,225,225,320,320,330,330,344,344,356,356],"floor_reached":40,"playtime":1646,"items_purged":["Strike_B"],"score":406,"play_id":"771693a9-3c07-49ae-bc23-6f8d3c0b2bdb","local_time":"20191020150323","is_ascension_mode":false,"campfire_choices":[{"data":"Sunder","floor":6,"key":"SMITH"},{"data":"Zap","floor":12,"key":"SMITH"},{"data":"Streamline","floor":15,"key":"SMITH"},{"floor":23,"key":"REST"},{"data":"Echo Form","floor":25,"key":"SMITH"},{"floor":27,"key":"REST"},{"data":"Streamline","floor":32,"key":"SMITH"}],"neow_cost":"NONE","seed_source_timestamp":2133186942785346,"circlet_count":0,"master_deck":["Strike_B","Defend_B","Defend_B","Defend_B","Zap+1","Dualcast","Rebound","Sunder+1","Compile Driver","Steam","Streamline+1","Streamline+1","Compile Driver","Conserve Battery","Sweeping Beam","Echo Form+1","Steam","Self Repair","Coolheaded","Melter","Barrage","Beam Cell","Ball Lightning","Sweeping Beam","Biased Cognition","Defragment+1","Static Discharge+1","Reinforced Body+1"],"special_seed":0,"relics":["Cracked Core","Bloody Idol","Ancient Tea Set","Shuriken","Cursed Key","Bag of Marbles","Red Mask","Nilry\u0027s Codex","Mercury Hourglass","Sozu"],"potions_floor_usage":[21,24],"damage_taken":[{"damage":7,"enemies":"2 Louse","floor":1,"turns":3},{"damage":15,"enemies":"Gremlin Nob","floor":7,"turns":4},{"damage":0,"enemies":"Jaw Worm","floor":10,"turns":2},{"damage":0,"enemies":"Small Slimes","floor":11,"turns":1},{"damage":0,"enemies":"3 Louse","floor":13,"turns":2},{"damage":5,"enemies":"Exordium Thugs","floor":14,"turns":3},{"damage":27,"enemies":"Hexaghost","floor":16,"turns":8},{"damage":22,"enemies":"2 Thieves","floor":18,"turns":3},{"damage":11,"enemies":"Shell Parasite","floor":20,"turns":5},{"damage":24,"enemies":"Masked Bandits","floor":21,"turns":5},{"damage":9,"enemies":"Slavers","floor":24,"turns":5},{"damage":0,"enemies":"Centurion and Healer","floor":28,"turns":4},{"damage":11,"enemies":"Cultist and Chosen","floor":30,"turns":5},{"damage":0,"enemies":"3 Cultists","floor":31,"turns":3},{"damage":44,"enemies":"Champ","floor":33,"turns":9},{"damage":24,"enemies":"3 Darklings","floor":35,"turns":3},{"damage":14,"enemies":"Orb Walker","floor":37,"turns":3},{"damage":9,"enemies":"Transient","floor":39,"turns":5},{"damage":67,"enemies":"Reptomancer","floor":40,"turns":4}],"seed_played":"1856296160635124444","potions_obtained":[{"floor":7,"key":"Strength Potion"},{"floor":13,"key":"Poison Potion"},{"floor":18,"key":"Poison Potion"},{"floor":20,"key":"Weak Potion"},{"floor":28,"key":"SneckoOil"}],"is_trial":false,"path_per_floor":["M","?","$","?","?","R","E","?","T","M","M","R","M","M","R","B",null,"M","$","M","?","?","R","E","R","T","R","M","?","M","M","R","B",null,"M","?","M","?","M","E"],"character_chosen":"DEFECT","items_purchased":["Sunder","Compile Driver","Steam","Self Repair","Bag of Marbles","Coolheaded"],"campfire_rested":2,"item_purchase_floors":[3,3,3,19,19,19],"current_hp_per_floor":[68,57,57,57,69,69,54,54,54,54,54,54,54,49,49,22,69,47,47,43,26,10,30,28,28,28,48,62,62,69,69,69,37,69,57,57,55,55,51,0],"gold":356,"neow_bonus":"HUNDRED_GOLD","is_prod":false,"is_daily":false,"chose_seed":false,"campfire_upgraded":5,"win_rate":0.0,"timestamp":1571598203,"path_taken":["M","?","$","?","?","R","E","?","T","M","M","R","M","M","R","BOSS","M","$","M","?","?","R","E","R","T","R","M","?","M","M","R","BOSS","M","?","?","?","M","E"],"build_version":"2019-07-17","purchased_purges":1,"victory":false,"max_hp_per_floor":[75,75,75,69,69,69,69,69,69,69,69,69,69,69,69,69,69,69,69,69,69,69,69,69,69,69,69,69,69,69,69,69,69,69,69,69,69,69,69,69],"card_choices":[{"not_picked":["Stack","Conserve Battery"],"picked":"Rebound","floor":1},{"not_picked":["Leap","Glacier"],"picked":"Streamline","floor":7},{"not_picked":["Thunder Strike","Turbo"],"picked":"Streamline","floor":10},{"not_picked":["Steam","Barrage"],"picked":"Compile Driver","floor":11},{"not_picked":["Loop","Streamline"],"picked":"Conserve Battery","floor":13},{"not_picked":["Rebound","Ball Lightning"],"picked":"Sweeping Beam","floor":14},{"not_picked":["Multi-Cast","Amplify"],"picked":"Echo Form","floor":16},{"not_picked":["Force Field","Barrage"],"picked":"Steam","floor":18},{"not_picked":["Conserve Battery","Aggregate"],"picked":"Melter","floor":20},{"not_picked":["Turbo","Stack"],"picked":"Barrage","floor":21},{"not_picked":["Streamline+1","Undo+1"],"picked":"Beam Cell","floor":24},{"not_picked":["Aggregate","Gash"],"picked":"Ball Lightning","floor":28},{"not_picked":["Conserve Battery","Turbo"],"picked":"Sweeping Beam","floor":30},{"not_picked":["Storm","Sweeping Beam","Turbo"],"picked":"SKIP","floor":31},{"not_picked":["Echo Form","Thunder Strike"],"picked":"Biased Cognition","floor":33},{"not_picked":["Leap","Conserve Battery+1"],"picked":"Defragment+1","floor":35},{"not_picked":["Auto Shields","BootSequence"],"picked":"Static Discharge+1","floor":37},{"not_picked":["Coolheaded+1","Steam"],"picked":"Reinforced Body+1","floor":39}],"player_experience":36900,"relics_obtained":[{"floor":7,"key":"Ancient Tea Set"},{"floor":9,"key":"Shuriken"},{"floor":21,"key":"Red Mask"},{"floor":22,"key":"Nilry\u0027s Codex"},{"floor":24,"key":"Mercury Hourglass"}],"event_choices":[{"damage_healed":0,"gold_gain":75,"player_choice":"Gather Gold","damage_taken":11,"max_hp_gain":0,"max_hp_loss":0,"event_name":"World of Goop","floor":2,"gold_loss":0},{"damage_healed":0,"gold_gain":0,"player_choice":"Lose Max HP","damage_taken":0,"relics_obtained":["Golden Idol"],"max_hp_gain":0,"max_hp_loss":6,"event_name":"Golden Idol","floor":4,"gold_loss":0},{"damage_healed":17,"gold_gain":0,"player_choice":"Healed","damage_taken":0,"max_hp_gain":0,"max_hp_loss":0,"event_name":"The Cleric","floor":5,"gold_loss":35},{"cards_removed":["Strike_B"],"damage_healed":0,"gold_gain":0,"player_choice":"Purged","damage_taken":0,"max_hp_gain":0,"max_hp_loss":0,"event_name":"Purifier","floor":8,"gold_loss":0},{"damage_healed":0,"gold_gain":0,"player_choice":"Fought Bandits","damage_taken":0,"max_hp_gain":0,"max_hp_loss":0,"event_name":"Masked Bandits","floor":21,"gold_loss":0},{"damage_healed":0,"gold_gain":0,"player_choice":"Obtained Book","damage_taken":16,"max_hp_gain":0,"max_hp_loss":0,"event_name":"Cursed Tome","floor":22,"gold_loss":0},{"damage_healed":0,"gold_gain":0,"player_choice":"Gave Idol","damage_taken":0,"relics_obtained":["Bloody Idol"],"max_hp_gain":0,"max_hp_loss":0,"event_name":"Forgotten Altar","floor":29,"relics_lost":["Golden Idol"],"gold_loss":0},{"cards_removed":["Strike_B"],"damage_healed":0,"gold_gain":0,"player_choice":"Purged","damage_taken":0,"max_hp_gain":0,"max_hp_loss":0,"event_name":"Purifier","floor":36,"gold_loss":0},{"cards_removed":["Defend_B"],"damage_healed":0,"gold_gain":0,"player_choice":"Removed Skill","damage_taken":0,"max_hp_gain":0,"max_hp_loss":0,"event_name":"Falling","floor":38,"gold_loss":0}],"is_beta":false,"boss_relics":[{"not_picked":["Runic Dome","FrozenCore"],"picked":"Cursed Key"},{"not_picked":["White Beast Statue","Orrery"],"picked":"Sozu"}],"items_purged_floors":[19],"is_endless":false,"potions_floor_spawned":[7,13,18,20,28,35],"killed_by":"Reptomancer","ascension_level":0}