{"gold_per_floor":[114,114,62,75,6,6,6,40,77,104,135,162,201,231,243,359,371,400,412,87,101,101,136,160,193,217,118,135,135,111,36,36,36],"floor_reached":33,"playtime":1318,"items_purged":[],"score":293,"play_id":"6a4bb454-978a-4cca-8962-661c32d4dc42","local_time":"20190502233626","is_ascension_mode":false,"campfire_choices":[{"data":"Uppercut","floor":6,"key":"SMITH"},{"data":"Fire Breathing","floor":15,"key":"SMITH"},{"floor":29,"key":"REST"},{"floor":32,"key":"REST"}],"neow_cost":"PERCENT_DAMAGE","seed_source_timestamp":1296662411468200,"circlet_count":0,"master_deck":["Strike_R","Strike_R","Strike_R","Strike_R","Defend_R","Defend_R","Defend_R","Defend_R","Bash","Barricade","Uppercut+1","Shrug It Off","Metallicize","Seeing Red","Twin Strike","Iron Wave","Armaments","Fire Breathing+1","Double Tap","Thunderclap+1","Outmaneuver","Glacier","Metallicize","Metallicize","Body Slam","Headbutt+1","Body Slam"],"relics":["Burning Blood","MawBank","PreservedInsect","Kunai","Sozu","Darkstone Periapt","Tiny Chest","PrismaticShard","Nilry\u0027s Codex","Ice Cream","Lantern","Happy Flower","Juzu Bracelet"],"potions_floor_usage":[16,23,23,33],"damage_taken":[{"damage":5,"enemies":"Small Slimes","floor":1,"turns":4},{"damage":1,"enemies":"Cultist","floor":4,"turns":4},{"damage":40,"enemies":"Gremlin Nob","floor":8,"turns":5},{"damage":0,"enemies":"2 Louse","floor":10,"turns":3},{"damage":1,"enemies":"Looter","floor":11,"turns":4},{"damage":7,"enemies":"2 Fungi Beasts","floor":12,"turns":4},{"damage":19,"enemies":"3 Sentries","floor":13,"turns":7},{"damage":0,"enemies":"Blue Slaver","floor":14,"turns":4},{"damage":31,"enemies":"Slime Boss","floor":16,"turns":13},{"damage":0,"enemies":"Chosen","floor":18,"turns":5},{"damage":20,"enemies":"3 Byrds","floor":21,"turns":7},{"damage":20,"enemies":"Slavers","floor":23,"turns":4},{"damage":25,"enemies":"Book of Stabbing","floor":25,"turns":6},{"damage":20,"enemies":"Snake Plant","floor":28,"turns":6},{"damage":72,"enemies":"Collector","floor":33,"turns":5}],"seed_played":"7887563834457485965","potions_obtained":[{"floor":4,"key":"Poison Potion"},{"floor":8,"key":"EssenceOfSteel"},{"floor":10,"key":"Explosive Potion"},{"floor":16,"key":"Weak Potion"}],"is_trial":false,"path_per_floor":["M","?","$","M","$","R","?","E","T","M","M","M","E","M","R","B",null,"M","?","$","M","?","E","T","E","T","$","M","R","$","?","R","B"],"character_chosen":"IRONCLAD","items_purchased":["Shrug It Off","Metallicize","Tiny Chest","PrismaticShard","Metallicize","Body Slam","Body Slam"],"campfire_rested":2,"item_purchase_floors":[3,5,20,20,27,27,30],"current_hp_per_floor":[57,80,80,80,80,80,85,51,51,57,62,61,48,54,54,29,85,85,85,85,71,55,41,41,22,22,22,8,33,33,33,58,0],"gold":36,"neow_bonus":"THREE_RARE_CARDS","is_prod":false,"is_daily":false,"chose_seed":false,"campfire_upgraded":2,"win_rate":0.0,"timestamp":1556832986,"path_taken":["M","?","$","M","?","R","?","E","T","M","M","M","E","M","R","BOSS","M","?","$","M","?","E","?","E","T","?","M","R","$","?","R","BOSS"],"build_version":"2019-04-23","purchased_purges":0,"victory":false,"max_hp_per_floor":[80,80,80,80,80,80,85,85,85,85,85,85,85,85,85,85,85,85,85,85,85,85,85,85,85,85,85,85,85,85,85,85,85],"card_choices":[{"not_picked":["Limit Break","Impervious"],"picked":"Barricade","floor":0},{"not_picked":["Clash","Dual Wield"],"picked":"Uppercut","floor":1},{"not_picked":["Reckless Charge","Burning Pact","Thunderclap"],"picked":"SKIP","floor":4},{"not_picked":["Twin Strike","Clash"],"picked":"Seeing Red","floor":8},{"not_picked":["Clothesline","Pommel Strike","Warcry"],"picked":"SKIP","floor":10},{"not_picked":["Heavy Blade","Limit Break"],"picked":"Twin Strike","floor":11},{"not_picked":["Flex","Armaments"],"picked":"Iron Wave","floor":12},{"not_picked":["Perfected Strike","Clothesline"],"picked":"Armaments","floor":13},{"not_picked":["Iron Wave","Shrug It Off"],"picked":"Fire Breathing","floor":14},{"not_picked":["Brutality","Offering"],"picked":"Double Tap","floor":16},{"not_picked":["Sword Boomerang+1","Pommel Strike"],"picked":"Thunderclap+1","floor":18},{"not_picked":["Flex","Reckless Charge"],"picked":"Outmaneuver","floor":21},{"not_picked":["BootSequence+1","Rage"],"picked":"Glacier","floor":23},{"not_picked":["Quick Slash","Uppercut"],"picked":"Metallicize","floor":25},{"not_picked":["Go for the Eyes+1","Chill"],"picked":"Headbutt+1","floor":28}],"player_experience":18552,"relics_obtained":[{"floor":8,"key":"MawBank"},{"floor":9,"key":"PreservedInsect"},{"floor":13,"key":"Kunai"},{"floor":22,"key":"Nilry\u0027s Codex"},{"floor":23,"key":"Ice Cream"},{"floor":24,"key":"Lantern"},{"floor":25,"key":"Happy Flower"},{"floor":26,"key":"Juzu Bracelet"}],"event_choices":[{"damage_healed":23,"gold_gain":0,"player_choice":"Full Heal","damage_taken":0,"max_hp_gain":0,"max_hp_loss":0,"event_name":"Wheel of Change","floor":2,"gold_loss":0},{"damage_healed":0,"gold_gain":0,"player_choice":"Donut","damage_taken":0,"max_hp_gain":5,"max_hp_loss":0,"event_name":"Big Fish","floor":7,"gold_loss":0},{"damage_healed":0,"gold_gain":0,"player_choice":"Opened","damage_taken":0,"relics_obtained":["Darkstone Periapt"],"max_hp_gain":0,"max_hp_loss":0,"event_name":"The Mausoleum","floor":19,"gold_loss":0},{"damage_healed":0,"gold_gain":0,"player_choice":"Obtained Book","damage_taken":16,"max_hp_gain":0,"max_hp_loss":0,"event_name":"Cursed Tome","floor":22,"gold_loss":0},{"cards_removed":["Strike_R"],"damage_healed":0,"gold_gain":0,"player_choice":"Gave Gold","damage_taken":0,"max_hp_gain":0,"max_hp_loss":0,"event_name":"Beggar","floor":31,"gold_loss":75}],"is_beta":true,"boss_relics":[{"not_picked":["Mark of Pain","Coffee Dripper"],"picked":"Sozu"}],"items_purged_floors":[],"is_endless":false,"potions_floor_spawned":[4,8,10,12,16,18,28],"killed_by":"Collector","ascension_level":0}