{"gold_per_floor":[112,287,4,24,24,24,52,52,107,132,132,9,29,42,42,143,143,162,175,185,51,69,104,104,130,157,192,192,208,307,318,318,420,420,437,240,340,357,185,218,229,229,311,327,327,327,343,48,48,48],"floor_reached":51,"playtime":2547,"items_purged":["Doubt","Strike_B","Strike_B"],"score":947,"play_id":"e8a6cd9d-c55f-4641-8a67-f85414a29816","local_time":"20190217114754","is_ascension_mode":true,"campfire_choices":[{"data":"Genetic Algorithm","floor":6,"key":"SMITH"},{"data":"Buffer","floor":8,"key":"SMITH"},{"floor":11,"key":"REST"},{"data":"Reinforced Body","floor":15,"key":"SMITH"},{"floor":24,"key":"REST"},{"data":"Storm","floor":28,"key":"SMITH"},{"data":"Mayhem","floor":32,"key":"SMITH"},{"floor":42,"key":"REST"},{"floor":46,"key":"REST"},{"floor":49,"key":"REST"}],"neow_cost":"NONE","seed_source_timestamp":57839936519900,"circlet_count":0,"master_deck":["Strike_B+1","Defend_B","Defend_B","Defend_B","Zap","Dualcast","Buffer+1","Genetic Algorithm+1","Static Discharge","Hologram","Doom and Gloom","Coolheaded","Reinforced Body+1","Tempest","Sweeping Beam+1","Electrodynamics","White Noise","Lockon+1","Double Energy","Mayhem+1","Chill","BootSequence","Thunder Strike","Conserve Battery","Storm+1","Rebound","Go for the Eyes","Amplify","Ball Lightning","Storm","Stack","Stack+1","Defragment","Amplify","Leap","Heatsinks","Fusion+1","Reboot","Reprogram","Secret Technique"],"relics":["Cracked Core","Membership Card","Pen Nib","PreservedInsect","Orichalcum","Lantern","Nuclear Battery","Symbiotic Virus","Anchor","Whetstone","StoneCalendar","Fusion Hammer","Ginger","Ice Cream","Bag of Preparation","Nunchaku","Kunai","Bottled Tornado"],"potions_floor_usage":[18,20,33,37,37,41],"damage_taken":[{"damage":4,"enemies":"Jaw Worm","floor":1,"turns":3},{"damage":0,"enemies":"2 Louse","floor":4,"turns":3},{"damage":15,"enemies":"Lagavulin","floor":7,"turns":6},{"damage":18,"enemies":"3 Sentries","floor":10,"turns":4},{"damage":0,"enemies":"Small Slimes","floor":13,"turns":3},{"damage":0,"enemies":"2 Fungi Beasts","floor":14,"turns":4},{"damage":16,"enemies":"Slime Boss","floor":16,"turns":11},{"damage":0,"enemies":"Chosen","floor":18,"turns":4},{"damage":0,"enemies":"2 Thieves","floor":19,"turns":1},{"damage":28,"enemies":"Centurion and Healer","floor":20,"turns":4},{"damage":12,"enemies":"Snake Plant","floor":22,"turns":3},{"damage":0,"enemies":"Gremlin Leader","floor":23,"turns":5},{"damage":10,"enemies":"Slavers","floor":25,"turns":4},{"damage":0,"enemies":"Gremlin Leader","floor":27,"turns":5},{"damage":0,"enemies":"Sentry and Sphere","floor":29,"turns":5},{"damage":0,"enemies":"Cultist and Chosen","floor":31,"turns":4},{"damage":11,"enemies":"Champ","floor":33,"turns":10},{"damage":0,"enemies":"Orb Walker","floor":35,"turns":5},{"damage":21,"enemies":"Mind Bloom Boss Battle","floor":37,"turns":3},{"damage":17,"enemies":"3 Shapes","floor":38,"turns":3},{"damage":0,"enemies":"Reptomancer","floor":40,"turns":4},{"damage":24,"enemies":"Maw","floor":41,"turns":5},{"damage":3,"enemies":"3 Darklings","floor":44,"turns":4},{"damage":0,"enemies":"Writhing Mass","floor":47,"turns":5},{"damage":32,"enemies":"Donu and Deca","floor":50,"turns":5}],"seed_played":"6464019075196365663","potions_obtained":[{"floor":10,"key":"SteroidPotion"},{"floor":13,"key":"Dexterity Potion"},{"floor":16,"key":"EssenceOfSteel"},{"floor":20,"key":"Fruit Juice"},{"floor":23,"key":"Regen Potion"},{"floor":33,"key":"LiquidBronze"},{"floor":38,"key":"Strength Potion"},{"floor":40,"key":"AttackPotion"}],"is_trial":false,"path_per_floor":["M","?","$","M","?","R","E","R","T","E","R","$","M","M","R","B",null,"M","M","M","$","M","E","R","E","T","E","R","M","?","M","R","B",null,"M","$","?","M","$","E","M","R","T","M","?","R","M","$","R","B",null],"character_chosen":"DEFECT","items_purchased":["Membership Card","Static Discharge","Lantern","Mayhem","Chill","Ginger","Storm","Defragment","Bag of Preparation","Bottled Tornado","Reboot","Reprogram","Secret Technique"],"campfire_rested":5,"item_purchase_floors":[3,3,12,21,21,36,36,39,39,48,48,48,48],"current_hp_per_floor":[71,71,71,71,71,71,56,56,56,38,60,60,60,60,60,44,75,75,75,52,52,40,40,64,54,54,54,54,54,54,54,54,58,80,80,80,59,42,42,42,18,42,42,39,39,63,63,63,80,48],"gold":48,"neow_bonus":"ONE_RANDOM_RARE_CARD","is_prod":false,"is_daily":false,"chose_seed":false,"campfire_upgraded":5,"win_rate":0,"timestamp":1550400474,"path_taken":["M","?","$","M","?","R","E","R","T","E","R","$","M","M","R","BOSS","M","M","M","$","M","E","R","E","T","E","R","M","?","M","R","BOSS","M","$","?","M","$","E","M","R","T","M","?","R","M","$","R","BOSS"],"build_version":"2019-01-23","purchased_purges":3,"victory":true,"max_hp_per_floor":[75,75,75,75,75,75,75,75,75,75,75,75,75,75,75,75,75,75,75,80,80,80,80,80,80,80,80,80,80,80,80,80,80,80,80,80,80,80,80,80,80,80,80,80,80,80,80,80,80,80],"card_choices":[{"not_picked":["Coolheaded","Reinforced Body"],"picked":"Genetic Algorithm","floor":1},{"not_picked":["Sweeping Beam","Streamline"],"picked":"Hologram","floor":4},{"not_picked":["Hologram","Steam"],"picked":"Coolheaded","floor":7},{"not_picked":["Beam Cell","Compile Driver"],"picked":"Reinforced Body","floor":10},{"not_picked":["Gash","Lockon"],"picked":"Tempest","floor":13},{"not_picked":["Stack","Gash"],"picked":"Sweeping Beam","floor":14},{"not_picked":["Amplify","Machine Learning"],"picked":"Electrodynamics","floor":16},{"not_picked":["Hologram+1","Compile Driver"],"picked":"White Noise","floor":18},{"not_picked":["Ball Lightning","Stack"],"picked":"Lockon+1","floor":19},{"not_picked":["Recycle","Cold Snap"],"picked":"Double Energy","floor":20},{"not_picked":["Sweeping Beam","Coolheaded"],"picked":"BootSequence","floor":22},{"not_picked":["Rebound","Coolheaded"],"picked":"Thunder Strike","floor":23},{"not_picked":["Sunder","Beam Cell"],"picked":"Conserve Battery","floor":25},{"not_picked":["Coolheaded","Barrage"],"picked":"Storm","floor":27},{"not_picked":["Scrape","Stack"],"picked":"Rebound","floor":29},{"not_picked":["Beam Cell","Fusion"],"picked":"Go for the Eyes","floor":31},{"not_picked":["Machine Learning","Meteor Strike"],"picked":"Amplify","floor":33},{"not_picked":["Streamline+1","Hologram+1"],"picked":"Ball Lightning","floor":35},{"not_picked":["Steam","Compile Driver"],"picked":"Stack","floor":37},{"not_picked":["Conserve Battery","Hello World+1"],"picked":"Stack+1","floor":38},{"not_picked":["Glacier","Doom and Gloom+1"],"picked":"Amplify","floor":40},{"not_picked":["Genetic Algorithm","Gash"],"picked":"Leap","floor":41},{"not_picked":["Barrage","Undo+1"],"picked":"Heatsinks","floor":44},{"not_picked":["Streamline","Turbo"],"picked":"Fusion+1","floor":47}],"player_experience":275302,"relics_obtained":[{"floor":7,"key":"Pen Nib"},{"floor":9,"key":"PreservedInsect"},{"floor":10,"key":"Orichalcum"},{"floor":23,"key":"Symbiotic Virus"},{"floor":25,"key":"Anchor"},{"floor":26,"key":"Whetstone"},{"floor":27,"key":"StoneCalendar"},{"floor":37,"key":"Ice Cream"},{"floor":40,"key":"Nunchaku"},{"floor":43,"key":"Kunai"}],"event_choices":[{"damage_healed":0,"gold_gain":175,"player_choice":"AGREE","damage_taken":0,"max_hp_gain":0,"max_hp_loss":0,"event_name":"Liars Game","floor":2,"gold_loss":0,"cards_obtained":["Doubt"]},{"damage_healed":0,"gold_gain":0,"cards_transformed":["Strike_B"],"player_choice":"Change","damage_taken":0,"max_hp_gain":0,"max_hp_loss":0,"event_name":"Living Wall","floor":5,"gold_loss":0,"cards_obtained":["Doom and Gloom"]},{"damage_healed":0,"gold_gain":99,"player_choice":"Stole From Cult","damage_taken":0,"max_hp_gain":0,"max_hp_loss":0,"event_name":"Nest","floor":30,"gold_loss":0},{"damage_healed":0,"gold_gain":0,"player_choice":"Fight","damage_taken":0,"max_hp_gain":0,"max_hp_loss":0,"event_name":"MindBloom","floor":37,"gold_loss":0},{"cards_removed":["Defend_B"],"damage_healed":0,"gold_gain":0,"player_choice":"Removed Skill","damage_taken":0,"max_hp_gain":0,"max_hp_loss":0,"event_name":"Falling","floor":45,"gold_loss":0}],"is_beta":false,"boss_relics":[{"not_picked":["Philosopher\u0027s Stone","Lizard Tail"],"picked":"Nuclear Battery"},{"not_picked":["Runic Pyramid","Astrolabe"],"picked":"Fusion Hammer"}],"items_purged_floors":[3,12,39],"is_endless":false,"potions_floor_spawned":[10,13,16,20,23,25,27,33,35,38,40],"ascension_level":2}