{"gold_per_floor":[112,132,407,426,426,456,456,456,482,499,674,689,639,22,22,119,119,134,150,74,74,89,89],"floor_reached":23,"playtime":871,"items_purged":["Doubt"],"score":191,"play_id":"4d86ba85-33df-4bc2-9a5e-55b28f7dcf54","local_time":"20190504113411","is_ascension_mode":false,"campfire_choices":[{"data":"Static Discharge","floor":8,"key":"SMITH"},{"data":"Metamorphosis","floor":15,"key":"SMITH"}],"neow_cost":"NONE","seed_source_timestamp":1643172419800,"circlet_count":0,"master_deck":["Strike_B","Strike_B","Strike_B","Strike_B","Defend_B","Defend_B","Defend_B","Defend_B","Zap","Dualcast","Static Discharge+1","Rebound","Chill","Heatsinks","Ball Lightning","Conserve Battery","Metamorphosis+1","Electrodynamics","Heatsinks","Conserve Battery","White Noise","Darkness","Force Field","Beam Cell+1","Force Field","Loop","Double Energy+1"],"relics":["Cracked Core","NeowsBlessing","PreservedInsect","Boot","StoneCalendar","Orrery"],"potions_floor_usage":[16,16,23],"damage_taken":[{"damage":0,"enemies":"Small Slimes","floor":1,"turns":1},{"damage":0,"enemies":"Cultist","floor":2,"turns":1},{"damage":0,"enemies":"2 Louse","floor":4,"turns":1},{"damage":39,"enemies":"3 Sentries","floor":6,"turns":9},{"damage":5,"enemies":"Blue Slaver","floor":10,"turns":3},{"damage":3,"enemies":"2 Fungi Beasts","floor":12,"turns":3},{"damage":38,"enemies":"The Guardian","floor":16,"turns":7},{"damage":10,"enemies":"Chosen","floor":18,"turns":4},{"damage":9,"enemies":"Spheric Guardian","floor":19,"turns":4},{"damage":31,"enemies":"Colosseum Slavers","floor":21,"turns":5},{"damage":1,"enemies":"Snecko","floor":22,"turns":5},{"damage":30,"enemies":"Slavers","floor":23,"turns":2}],"seed_played":"-8629498381706006605","potions_obtained":[{"floor":1,"key":"Block Potion"},{"floor":2,"key":"Poison Potion"},{"floor":6,"key":"FearPotion"},{"floor":16,"key":"Energy Potion"}],"is_trial":false,"path_per_floor":["M","M","?","M","?","E","?","R","T","M","?","M","?","$","R","B",null,"M","M","$","?","M","E"],"character_chosen":"DEFECT","items_purchased":["StoneCalendar","Conserve Battery","Metamorphosis","Loop"],"campfire_rested":0,"item_purchase_floors":[14,14,14,20],"current_hp_per_floor":[75,75,75,75,75,36,61,61,61,56,56,53,53,53,53,15,75,65,56,56,25,24,0],"gold":89,"neow_bonus":"THREE_ENEMY_KILL","is_prod":false,"is_daily":false,"chose_seed":false,"campfire_upgraded":2,"win_rate":0.0,"timestamp":1556962451,"path_taken":["M","M","?","?","?","E","?","R","T","M","?","M","?","$","R","BOSS","M","M","$","?","M","E"],"build_version":"2019-04-23","purchased_purges":1,"victory":false,"max_hp_per_floor":[75,75,75,75,75,75,75,75,75,75,75,75,75,75,75,75,75,75,75,75,75,75,75],"card_choices":[{"not_picked":["Hello World","Streamline"],"picked":"Static Discharge","floor":1},{"not_picked":["Compile Driver","Sweeping Beam"],"picked":"Rebound","floor":2},{"not_picked":["Turbo","Redo"],"picked":"Chill","floor":4},{"not_picked":["Steam","Hologram","Turbo"],"picked":"SKIP","floor":6},{"not_picked":["Coolheaded","Turbo"],"picked":"Heatsinks","floor":10},{"not_picked":["Biased Cognition","Cold Snap"],"picked":"Ball Lightning","floor":12},{"not_picked":["Multi-Cast","Core Surge"],"picked":"Electrodynamics","floor":16},{"not_picked":["Hologram","Coolheaded"],"picked":"Heatsinks","floor":17},{"not_picked":["Beam Cell","Redo"],"picked":"Conserve Battery","floor":17},{"not_picked":["Hello World","Go for the Eyes"],"picked":"White Noise","floor":17},{"not_picked":["Streamline","Redo"],"picked":"Darkness","floor":17},{"not_picked":["Hologram","Gash"],"picked":"Force Field","floor":17},{"not_picked":["Steam","Rebound"],"picked":"Beam Cell+1","floor":18},{"not_picked":["Streamline+1","Sweeping Beam"],"picked":"Force Field","floor":19},{"not_picked":["Conserve Battery","Compile Driver"],"picked":"Double Energy+1","floor":22}],"player_experience":43536,"relics_obtained":[{"floor":6,"key":"PreservedInsect"},{"floor":9,"key":"Boot"}],"event_choices":[{"damage_healed":0,"gold_gain":275,"player_choice":"Desecrate","damage_taken":0,"max_hp_gain":0,"max_hp_loss":0,"event_name":"Golden Shrine","floor":3,"gold_loss":0,"cards_obtained":["Regret"]},{"damage_healed":0,"gold_gain":0,"cards_transformed":["Regret"],"player_choice":"Change","damage_taken":0,"max_hp_gain":0,"max_hp_loss":0,"event_name":"Living Wall","floor":5,"gold_loss":0,"cards_obtained":["Normality"]},{"damage_healed":25,"gold_gain":0,"player_choice":"Banana","damage_taken":0,"max_hp_gain":0,"max_hp_loss":0,"event_name":"Big Fish","floor":7,"gold_loss":0},{"damage_healed":0,"gold_gain":175,"player_choice":"AGREE","damage_taken":0,"max_hp_gain":0,"max_hp_loss":0,"event_name":"Liars Game","floor":11,"gold_loss":0,"cards_obtained":["Doubt"]},{"cards_removed":["Normality"],"damage_healed":0,"gold_gain":0,"player_choice":"Card Removal","damage_taken":0,"max_hp_gain":0,"max_hp_loss":0,"event_name":"The Cleric","floor":13,"gold_loss":50},{"damage_healed":0,"gold_gain":0,"player_choice":"Fight","damage_taken":0,"max_hp_gain":0,"max_hp_loss":0,"event_name":"Colosseum","floor":21,"gold_loss":0},{"damage_healed":0,"gold_gain":0,"player_choice":"Fled From Nobs","damage_taken":0,"max_hp_gain":0,"max_hp_loss":0,"event_name":"Colosseum","floor":21,"gold_loss":0}],"is_beta":true,"boss_relics":[{"not_picked":["Tiny House","Velvet Choker"],"picked":"Orrery"}],"items_purged_floors":[14],"is_endless":false,"potions_floor_spawned":[1,2,6,16,21],"killed_by":"Slavers","ascension_level":0}