{"gold_per_floor":[119,119,139,139,153,153,103,103,103,103,121,132,145,156,156,254,254,267,287,306,22,22,22,35,48,48,48,48,48,74,93,93,193,193,211,221,72,92,92,92,111,111,111,111,111,127,127,28,28,28],"floor_reached":51,"playtime":1123,"items_purged":["Defend_R","Feed"],"score":891,"play_id":"44c6f2bb-7cf4-46fe-8dde-155d04a3e408","local_time":"20190731003634","is_ascension_mode":true,"campfire_choices":[{"data":"Perfected Strike","floor":6,"key":"SMITH"},{"data":"Twin Strike","floor":10,"key":"SMITH"},{"floor":15,"key":"REST"},{"data":"Perfected Strike","floor":28,"key":"SMITH"},{"data":"Pommel Strike","floor":32,"key":"SMITH"},{"data":"Demon Form","floor":40,"key":"SMITH"},{"data":"Pommel Strike","floor":42,"key":"SMITH"},{"floor":49,"key":"REST"}],"neow_cost":"NONE","seed_source_timestamp":342227940037617,"circlet_count":0,"master_deck":["Strike_R","Strike_R","Strike_R","Strike_R","Strike_R","Bash","Perfected Strike+1","Twin Strike+1","Perfected Strike+1","Demon Form+1","Pommel Strike+1","Perfected Strike+1","Pommel Strike+1","Twin Strike+1","Perfected Strike+1"],"relics":["Orrery","CultistMask","Champion Belt","Snecko Eye","Sling","Orichalcum","Happy Flower","Unceasing Top","Runic Pyramid","Gremlin Horn"],"potions_floor_usage":[16,16,20,20,30,33,33,36,44,50,50,50],"damage_taken":[{"damage":7,"enemies":"2 Louse","floor":1,"turns":3},{"damage":6,"enemies":"Cultist","floor":3,"turns":3},{"damage":5,"enemies":"Small Slimes","floor":5,"turns":3},{"damage":14,"enemies":"Red Slaver","floor":11,"turns":2},{"damage":9,"enemies":"Blue Slaver","floor":12,"turns":2},{"damage":25,"enemies":"Gremlin Gang","floor":13,"turns":3},{"damage":6,"enemies":"Exordium Thugs","floor":14,"turns":3},{"damage":0,"enemies":"Slime Boss","floor":16,"turns":4},{"damage":17,"enemies":"2 Thieves","floor":18,"turns":3},{"damage":0,"enemies":"Spheric Guardian","floor":19,"turns":2},{"damage":13,"enemies":"Snecko","floor":20,"turns":3},{"damage":12,"enemies":"Cultist and Chosen","floor":24,"turns":3},{"damage":9,"enemies":"Centurion and Healer","floor":25,"turns":2},{"damage":0,"enemies":"Gremlin Leader","floor":30,"turns":2},{"damage":0,"enemies":"3 Cultists","floor":31,"turns":2},{"damage":28,"enemies":"Collector","floor":33,"turns":4},{"damage":0,"enemies":"Orb Walker","floor":35,"turns":1},{"damage":46,"enemies":"3 Darklings","floor":36,"turns":7},{"damage":0,"enemies":"Spire Growth","floor":38,"turns":2},{"damage":22,"enemies":"Writhing Mass","floor":41,"turns":4},{"damage":0,"enemies":"Jaw Worm Horde","floor":44,"turns":1},{"damage":12,"enemies":"Spire Growth","floor":46,"turns":2},{"damage":46,"enemies":"Time Eater","floor":50,"turns":6}],"seed_played":"-2607722652882172232","potions_obtained":[{"floor":3,"key":"Weak Potion"},{"floor":13,"key":"Strength Potion"},{"floor":14,"key":"Strength Potion"},{"floor":16,"key":"BloodPotion"},{"floor":20,"key":"Fire Potion"},{"floor":24,"key":"Block Potion"},{"floor":30,"key":"FearPotion"},{"floor":35,"key":"FearPotion"},{"floor":41,"key":"SmokeBomb"}],"is_trial":false,"path_per_floor":["M","?","M","?","M","R","?","?","T","R","M","M","M","M","R","B",null,"M","M","M","$","$","?","M","M","T","T","R","?","E","M","R","B",null,"M","M","$","M","?","R","M","R","T","M","?","M","?","$","R","B",null],"character_chosen":"IRONCLAD","items_purchased":["Sling","Energy Potion","Poison Potion","Fire Potion"],"campfire_rested":2,"item_purchase_floors":[21,37,48,48],"current_hp_per_floor":[73,73,67,67,62,62,62,62,62,62,48,39,14,8,32,32,80,63,63,67,67,67,67,58,49,49,49,49,49,49,52,52,24,86,86,40,40,40,75,75,53,53,53,53,53,41,41,41,63,17],"gold":28,"neow_bonus":"BOSS_RELIC","is_prod":false,"is_daily":false,"chose_seed":false,"campfire_upgraded":6,"win_rate":0,"timestamp":1564551394,"path_taken":["M","?","?","?","?","R","?","?","T","R","M","M","M","M","R","BOSS","M","M","M","?","$","?","?","M","T","?","R","?","E","M","R","BOSS","M","M","$","M","?","R","M","R","T","M","?","?","?","?","R","BOSS"],"build_version":"2019-07-17","purchased_purges":2,"victory":true,"max_hp_per_floor":[80,80,80,80,80,80,80,80,80,80,80,80,80,80,80,80,80,80,80,80,80,80,80,83,83,83,83,83,83,83,86,86,86,86,86,86,86,86,75,75,75,75,75,75,75,75,75,75,75,75],"card_choices":[{"not_picked":["Headbutt","Iron Wave"],"picked":"Perfected Strike","floor":0},{"not_picked":["Rage","Intimidate","Wild Strike"],"picked":"SKIP","floor":1},{"not_picked":["True Grit","Wild Strike","Hemokinesis"],"picked":"SKIP","floor":3},{"not_picked":["Brutality","Corruption"],"picked":"Twin Strike","floor":5},{"not_picked":["Fire Breathing","Thunderclap","Second Wind"],"picked":"SKIP","floor":11},{"not_picked":["Rampage","Body Slam","Anger"],"picked":"SKIP","floor":12},{"not_picked":["Uppercut","Clothesline"],"picked":"Pommel Strike","floor":13},{"not_picked":["Armaments","Ghostly Armor"],"picked":"Perfected Strike","floor":14},{"not_picked":["Bludgeon","Dark Embrace"],"picked":"Demon Form","floor":16},{"not_picked":["Armaments","Body Slam"],"picked":"Pommel Strike","floor":18},{"not_picked":["Flex","Corruption","Hemokinesis"],"picked":"SKIP","floor":19},{"not_picked":["True Grit","Heavy Blade+1"],"picked":"Feed","floor":20},{"not_picked":["Battle Trance","Body Slam","Power Through"],"picked":"SKIP","floor":24},{"not_picked":["Heavy Blade","Twin Strike+1"],"picked":"Perfected Strike","floor":25},{"not_picked":["Warcry","Iron Wave"],"picked":"Pommel Strike","floor":30},{"not_picked":["Pommel Strike","True Grit"],"picked":"Twin Strike+1","floor":31},{"not_picked":["Warcry+1","Sentinel+1","Iron Wave"],"picked":"SKIP","floor":35},{"not_picked":["Shockwave","Entrench+1","Intimidate+1"],"picked":"SKIP","floor":36},{"not_picked":["Pommel Strike","Seeing Red","Flame Barrier+1"],"picked":"SKIP","floor":38},{"not_picked":["Anger+1","Thunderclap+1","Cleave+1"],"picked":"SKIP","floor":41},{"not_picked":["Warcry+1","Clothesline+1"],"picked":"Perfected Strike+1","floor":46}],"player_experience":268070,"relics_obtained":[{"floor":9,"key":"Champion Belt"},{"floor":26,"key":"Orichalcum"},{"floor":27,"key":"Happy Flower"},{"floor":30,"key":"Unceasing Top"},{"floor":43,"key":"Gremlin Horn"}],"event_choices":[{"damage_healed":0,"gold_gain":0,"player_choice":"Trade","damage_taken":0,"relics_obtained":["CultistMask"],"max_hp_gain":0,"max_hp_loss":0,"event_name":"FaceTrader","floor":2,"gold_loss":0},{"cards_removed":["Defend_R"],"damage_healed":0,"gold_gain":0,"player_choice":"Card Removal","damage_taken":0,"max_hp_gain":0,"max_hp_loss":0,"event_name":"Wheel of Change","floor":4,"gold_loss":0},{"cards_removed":["Defend_R"],"damage_healed":0,"gold_gain":0,"player_choice":"Card Removal","damage_taken":0,"max_hp_gain":0,"max_hp_loss":0,"event_name":"The Cleric","floor":7,"gold_loss":50},{"cards_removed":["Defend_R"],"damage_healed":0,"gold_gain":0,"player_choice":"Purged","damage_taken":0,"max_hp_gain":0,"max_hp_loss":0,"event_name":"Purifier","floor":8,"gold_loss":0},{"damage_healed":0,"gold_gain":0,"player_choice":"Forge","damage_taken":0,"max_hp_gain":0,"max_hp_loss":0,"event_name":"Accursed Blacksmith","floor":23,"gold_loss":0,"cards_upgraded":["Perfected Strike"]},{"damage_healed":75,"gold_gain":0,"player_choice":"Heal","damage_taken":0,"max_hp_gain":0,"max_hp_loss":11,"event_name":"The Moai Head","floor":39,"gold_loss":0},{"cards_removed":["Pommel Strike"],"damage_healed":0,"gold_gain":0,"player_choice":"Removed Attack","damage_taken":0,"max_hp_gain":0,"max_hp_loss":0,"event_name":"Falling","floor":45,"gold_loss":0},{"damage_healed":0,"gold_gain":0,"player_choice":"0 cards matched","damage_taken":0,"max_hp_gain":0,"max_hp_loss":0,"event_name":"Match and Keep!","floor":47,"gold_loss":0,"cards_obtained":[]}],"is_beta":false,"boss_relics":[{"not_picked":["Runic Dome","Fusion Hammer"],"picked":"Snecko Eye"},{"not_picked":["Pandora\u0027s Box","Eternal Feather"],"picked":"Runic Pyramid"}],"items_purged_floors":[21,37],"is_endless":false,"potions_floor_spawned":[3,13,14,16,20,24,30,35,41,44],"ascension_level":3}