{"gold_per_floor":[114,114,114,114,127,155,42,42,42,42,70,90,165,175,175,277,277,291,291,291,303,48,48,78,78,78,2,2,2,2],"floor_reached":30,"playtime":1246,"items_purged":[],"score":279,"play_id":"30ecde30-f32b-4134-9d20-6de16a198104","local_time":"20190724223323","is_ascension_mode":true,"campfire_choices":[{"data":"Fission","floor":8,"key":"SMITH"},{"floor":15,"key":"REST"},{"data":"Hologram","floor":23,"key":"SMITH"},{"data":"Defragment","floor":25,"key":"SMITH"},{"data":"Consume","floor":29,"key":"SMITH"}],"neow_cost":"NONE","seed_source_timestamp":891341972922400,"circlet_count":0,"master_deck":["Strike_B","Defend_B","Defend_B+1","Defend_B","Defend_B","Zap+1","Dualcast+1","Glacier","Redo","Fission+1","Doom and Gloom","Reprogram","Cold Snap","Conserve Battery","Redo","Multi-Cast","Cold Snap","Reinforced Body","Capacitor","Redo","Defragment+1","Hologram+1","Barrage","Consume+1"],"relics":["Cracked Core","Matryoshka","Symbiotic Virus","Letter Opener","Juzu Bracelet","Pen Nib","Inserter","DataDisk","StoneCalendar","Omamori","Unceasing Top"],"potions_floor_usage":[24,28],"damage_taken":[{"damage":5,"enemies":"2 Louse","floor":1,"turns":3},{"damage":0,"enemies":"Jaw Worm","floor":5,"turns":3},{"damage":9,"enemies":"3 Sentries","floor":6,"turns":9},{"damage":8,"enemies":"Lagavulin","floor":11,"turns":5},{"damage":0,"enemies":"Small Slimes","floor":12,"turns":2},{"damage":0,"enemies":"Blue Slaver","floor":14,"turns":2},{"damage":31,"enemies":"The Guardian","floor":16,"turns":11},{"damage":0,"enemies":"Chosen","floor":18,"turns":3},{"damage":4,"enemies":"Spheric Guardian","floor":21,"turns":5},{"damage":36,"enemies":"Slavers","floor":24,"turns":5},{"damage":0,"enemies":"Snecko","floor":28,"turns":2},{"damage":36,"enemies":"Gremlin Leader","floor":30,"turns":2}],"seed_played":"-7258495128145767034","potions_obtained":[{"floor":5,"key":"Swift Potion"},{"floor":11,"key":"SmokeBomb"},{"floor":16,"key":"Poison Potion"}],"is_trial":false,"path_per_floor":["M","?","?","?","M","E","$","R","T","$","E","M","?","M","R","B",null,"M","?","?","M","$","R","E","R","T","$","M","R","E"],"character_chosen":"DEFECT","items_purchased":["Doom and Gloom","Reprogram","DataDisk","Defragment","Hologram","Consume"],"campfire_rested":1,"item_purchase_floors":[7,7,22,22,22,27],"current_hp_per_floor":[70,70,55,48,48,39,39,39,39,39,31,31,20,20,42,11,75,75,75,75,71,71,71,35,35,35,35,35,35,0],"gold":2,"neow_bonus":"TRANSFORM_CARD","is_prod":false,"is_daily":false,"chose_seed":false,"campfire_upgraded":4,"win_rate":0,"timestamp":1564000403,"path_taken":["M","?","?","?","M","E","$","R","T","?","E","M","?","M","R","BOSS","M","?","?","M","$","R","E","R","T","$","M","R","E"],"build_version":"2019-07-18","purchased_purges":0,"victory":false,"max_hp_per_floor":[75,75,75,75,75,75,75,75,75,75,75,75,75,75,75,75,75,75,75,75,75,75,75,75,75,75,75,75,75,75],"card_choices":[{"not_picked":["Streamline","Darkness","Cold Snap"],"picked":"SKIP","floor":1},{"not_picked":["Ball Lightning","Turbo"],"picked":"Redo","floor":5},{"not_picked":["Rebound","Sunder"],"picked":"Fission","floor":6},{"not_picked":["Heatsinks","Gash"],"picked":"Cold Snap","floor":11},{"not_picked":["Streamline","Cold Snap"],"picked":"Conserve Battery","floor":12},{"not_picked":["Barrage","Coolheaded"],"picked":"Redo","floor":14},{"not_picked":["Meteor Strike","Core Surge"],"picked":"Multi-Cast","floor":16},{"not_picked":["Storm","Scrape+1"],"picked":"Cold Snap","floor":18},{"not_picked":["Rebound","Gash"],"picked":"Redo","floor":21},{"not_picked":["Stack+1","Coolheaded"],"picked":"Barrage","floor":24}],"player_experience":117527,"relics_obtained":[{"floor":6,"key":"Symbiotic Virus"},{"floor":9,"key":"Letter Opener"},{"floor":9,"key":"Juzu Bracelet"},{"floor":11,"key":"Pen Nib"},{"floor":24,"key":"StoneCalendar"},{"floor":26,"key":"Omamori"},{"floor":26,"key":"Unceasing Top"}],"event_choices":[{"damage_healed":0,"gold_gain":0,"player_choice":"Grow","damage_taken":0,"max_hp_gain":0,"max_hp_loss":0,"event_name":"Living Wall","floor":2,"gold_loss":0,"cards_upgraded":["Zap"]},{"damage_healed":0,"gold_gain":0,"player_choice":"Entered Light","damage_taken":15,"max_hp_gain":0,"max_hp_loss":0,"event_name":"Shining Light","floor":3,"gold_loss":0,"cards_upgraded":["Defend_B","Dualcast"]},{"damage_healed":0,"gold_gain":0,"player_choice":"Success","damage_taken":7,"relics_obtained":["Matryoshka"],"max_hp_gain":0,"max_hp_loss":0,"event_name":"Scrap Ooze","floor":4,"gold_loss":0},{"damage_healed":0,"gold_gain":75,"player_choice":"Gather Gold","damage_taken":11,"max_hp_gain":0,"max_hp_loss":0,"event_name":"World of Goop","floor":13,"gold_loss":0},{"damage_healed":0,"gold_gain":0,"player_choice":"Ignored","damage_taken":0,"max_hp_gain":0,"max_hp_loss":0,"event_name":"Ghosts","floor":19,"gold_loss":0},{"damage_healed":0,"gold_gain":0,"cards_transformed":["Strike_B","Strike_B"],"player_choice":"Became Test Subject","damage_taken":0,"max_hp_gain":0,"max_hp_loss":0,"event_name":"Drug Dealer","floor":20,"gold_loss":0,"cards_obtained":["Reinforced Body","Capacitor"]}],"is_beta":true,"boss_relics":[{"not_picked":["Ectoplasm","Runic Pyramid"],"picked":"Inserter"}],"items_purged_floors":[],"is_endless":false,"potions_floor_spawned":[5,11,16,21,28],"killed_by":"Gremlin Leader","ascension_level":2}