{"gold_per_floor":[365,137,160,173,185,185,218,234,234,38,55,55,70,84,84,189,189,205,220,580,580],"floor_reached":21,"playtime":791,"items_purged":["Decay"],"score":183,"play_id":"4508c3cd-d5ef-4bb5-bfb9-7a7b25edd729","local_time":"20190504001045","is_ascension_mode":false,"campfire_choices":[{"data":"Zap","floor":6,"key":"SMITH"},{"data":"White Noise","floor":15,"key":"SMITH"}],"neow_cost":"CURSE","seed_source_timestamp":1385648297017300,"circlet_count":0,"master_deck":["Strike_B","Strike_B","Strike_B","Strike_B","Defend_B","Defend_B","Defend_B","Defend_B","Zap+1","Dualcast","Sweeping Beam+1","Gash","Go for the Eyes+1","Dramatic Entrance","Hologram","Beam Cell","Rebound","Leap","White Noise+1","Conserve Battery","Go for the Eyes","Machine Learning","Beam Cell+1","Go for the Eyes","Forethought","Blind"],"relics":["Cracked Core","Lantern","Whetstone","Anchor","Sling","Oddly Smooth Stone","Coffee Dripper"],"potions_floor_usage":[16,21],"damage_taken":[{"damage":1,"enemies":"Cultist","floor":1,"turns":3},{"damage":0,"enemies":"Small Slimes","floor":4,"turns":2},{"damage":1,"enemies":"Jaw Worm","floor":5,"turns":2},{"damage":30,"enemies":"Lagavulin","floor":7,"turns":8},{"damage":4,"enemies":"2 Fungi Beasts","floor":8,"turns":2},{"damage":0,"enemies":"Exordium Wildlife","floor":11,"turns":2},{"damage":0,"enemies":"3 Louse","floor":13,"turns":2},{"damage":0,"enemies":"Looter","floor":14,"turns":3},{"damage":28,"enemies":"Slime Boss","floor":16,"turns":12},{"damage":6,"enemies":"3 Byrds","floor":18,"turns":4},{"damage":0,"enemies":"Shell Parasite","floor":19,"turns":3},{"damage":35,"enemies":"3 Cultists","floor":21,"turns":4}],"seed_played":"-6457062957742182852","potions_obtained":[{"floor":7,"key":"GamblersBrew"},{"floor":8,"key":"AttackPotion"},{"floor":13,"key":"Regen Potion"},{"floor":16,"key":"FearPotion"}],"is_trial":false,"path_per_floor":["M","$","T","M","M","R","E","M","T","$","M","?","M","M","R","B",null,"M","M","?","M"],"character_chosen":"DEFECT","items_purchased":["Gash","Go for the Eyes","Dramatic Entrance","Sling"],"campfire_rested":0,"item_purchase_floors":[2,2,2,10],"current_hp_per_floor":[74,74,74,74,73,73,43,39,39,39,39,36,36,36,36,8,75,69,69,20,0],"gold":580,"neow_bonus":"TWO_FIFTY_GOLD","is_prod":false,"is_daily":false,"chose_seed":false,"campfire_upgraded":2,"win_rate":0.0,"timestamp":1556921445,"path_taken":["M","$","?","M","M","R","E","M","T","$","M","?","M","M","R","BOSS","M","M","?","M"],"build_version":"2019-04-23","purchased_purges":1,"victory":false,"max_hp_per_floor":[75,75,75,75,75,75,75,75,75,75,75,75,75,75,75,75,75,75,75,75,75],"card_choices":[{"not_picked":["Turbo","Steam"],"picked":"Sweeping Beam","floor":1},{"not_picked":["Compile Driver","Redo"],"picked":"Hologram","floor":4},{"not_picked":["Rebound","Stack"],"picked":"Beam Cell","floor":5},{"not_picked":["Darkness","Aggregate"],"picked":"Rebound","floor":7},{"not_picked":["Blizzard","Electrodynamics"],"picked":"Leap","floor":8},{"not_picked":["Rip and Tear","Static Discharge"],"picked":"White Noise","floor":11},{"not_picked":["Coolheaded","Fusion"],"picked":"Conserve Battery","floor":13},{"not_picked":["Chill","Genetic Algorithm"],"picked":"Go for the Eyes","floor":14},{"not_picked":["Biased Cognition","Meteor Strike"],"picked":"Machine Learning","floor":16},{"not_picked":["Compile Driver+1","Streamline"],"picked":"Beam Cell+1","floor":18},{"not_picked":["Stack","Capacitor"],"picked":"Go for the Eyes","floor":19}],"player_experience":39245,"relics_obtained":[{"floor":3,"key":"Lantern"},{"floor":7,"key":"Whetstone"},{"floor":9,"key":"Anchor"}],"event_choices":[{"damage_healed":0,"gold_gain":0,"player_choice":"Success","damage_taken":3,"relics_obtained":["Oddly Smooth Stone"],"max_hp_gain":0,"max_hp_loss":0,"event_name":"Scrap Ooze","floor":12,"gold_loss":0},{"damage_healed":0,"gold_gain":360,"player_choice":"CARD CARD GOLD GOLD GOLD GOLD ","damage_taken":49,"max_hp_gain":0,"max_hp_loss":0,"event_name":"Knowing Skull","floor":20,"potions_obtained":[],"gold_loss":0,"cards_obtained":["Forethought","Blind"]}],"is_beta":true,"boss_relics":[{"not_picked":["Sozu","Philosopher\u0027s Stone"],"picked":"Coffee Dripper"}],"items_purged_floors":[2],"is_endless":false,"potions_floor_spawned":[7,8,13,16,18],"killed_by":"3 Cultists","ascension_level":0}