{"gold_per_floor":[111,111,123,123,141,141,161,161,161,161,184,202,202,54,54,183,183,206,206,102,115,67,67,91,91,91,109,134,152,251,265,265,265],"floor_reached":33,"playtime":761,"items_purged":[],"score":337,"play_id":"a71ba44d-b394-4b6e-b92e-67f358dfc824","local_time":"20190804004137","is_ascension_mode":true,"campfire_choices":[{"data":"Bash","floor":6,"key":"SMITH"},{"floor":8,"key":"REST"},{"data":"Perfected Strike","floor":13,"key":"SMITH"},{"floor":15,"key":"REST"},{"floor":23,"key":"REST"},{"floor":32,"key":"REST"}],"neow_cost":"NONE","seed_source_timestamp":688520371950960,"circlet_count":0,"master_deck":["Strike_R","Strike_R","Strike_R","Strike_R","Strike_R","Defend_R","Defend_R","Defend_R","Bash+1","Perfected Strike+1","Perfected Strike+1","Pommel Strike+1","Perfected Strike"],"relics":["Black Blood","NeowsBlessing","Singing Bowl","Pantograph","Golden Idol","Art of War","Orichalcum","Pear"],"potions_floor_usage":[12,18,20,27,29,33],"damage_taken":[{"damage":0,"enemies":"Jaw Worm","floor":1,"turns":1},{"damage":0,"enemies":"Small Slimes","floor":3,"turns":1},{"damage":0,"enemies":"2 Louse","floor":5,"turns":1},{"damage":22,"enemies":"Looter","floor":7,"turns":3},{"damage":8,"enemies":"Blue Slaver","floor":12,"turns":4},{"damage":81,"enemies":"The Guardian","floor":16,"turns":13},{"damage":32,"enemies":"2 Thieves","floor":18,"turns":4},{"damage":36,"enemies":"Shell Parasite","floor":21,"turns":6},{"damage":12,"enemies":"Snecko","floor":24,"turns":3},{"damage":14,"enemies":"Centurion and Healer","floor":27,"turns":4},{"damage":18,"enemies":"Snake Plant","floor":28,"turns":2},{"damage":24,"enemies":"Chosen and Byrds","floor":29,"turns":5},{"damage":24,"enemies":"Cultist and Chosen","floor":31,"turns":5},{"damage":143,"enemies":"Collector","floor":33,"turns":6}],"seed_played":"-1871825478099494503","potions_obtained":[{"floor":1,"key":"AttackPotion"},{"floor":7,"key":"SpeedPotion"},{"floor":16,"key":"Poison Potion"},{"floor":21,"key":"Fire Potion"},{"floor":28,"key":"Swift Potion"}],"is_trial":false,"path_per_floor":["M","?","M","?","M","R","M","R","T","?","T","M","R","$","R","B",null,"M","?","$","M","$","R","M","$","T","M","M","M","?","M","R","B"],"character_chosen":"IRONCLAD","items_purchased":["Orichalcum","Fruit Juice","Strength Potion"],"campfire_rested":4,"item_purchase_floors":[14,20,22],"current_hp_per_floor":[80,68,76,81,89,89,75,91,91,69,69,67,67,67,91,18,93,73,73,78,52,52,82,80,80,90,86,80,68,68,56,90,0],"gold":265,"neow_bonus":"THREE_ENEMY_KILL","is_prod":false,"is_daily":false,"chose_seed":false,"campfire_upgraded":2,"win_rate":0,"timestamp":1564897297,"path_taken":["M","?","M","?","M","R","M","R","T","?","?","?","R","$","R","BOSS","M","?","$","M","$","R","M","?","T","?","?","M","?","M","R","BOSS"],"build_version":"2019-07-17","purchased_purges":0,"victory":false,"max_hp_per_floor":[80,80,82,87,89,89,91,91,91,91,91,91,91,91,91,93,93,95,95,100,100,100,100,100,100,110,110,112,114,114,116,116,116],"card_choices":[{"not_picked":["Sentinel","Fire Breathing","Seeing Red"],"picked":"SKIP","floor":1},{"not_picked":["True Grit","Iron Wave","Wild Strike"],"picked":"Singing Bowl","floor":3},{"not_picked":["Uppercut","Anger","Heavy Blade"],"picked":"Singing Bowl","floor":5},{"not_picked":["Iron Wave","Disarm","Sentinel"],"picked":"Singing Bowl","floor":7},{"not_picked":["Body Slam","Bloodletting"],"picked":"Perfected Strike","floor":12},{"not_picked":["Immolate","Fiend Fire","Impervious"],"picked":"Singing Bowl","floor":16},{"not_picked":["Iron Wave","Dropkick","Dual Wield"],"picked":"Singing Bowl","floor":18},{"not_picked":["Armaments+1","Rage"],"picked":"Perfected Strike+1","floor":21},{"not_picked":["Heavy Blade","Clash"],"picked":"Pommel Strike+1","floor":24},{"not_picked":["Feel No Pain","Sword Boomerang"],"picked":"Perfected Strike","floor":27},{"not_picked":["Warcry+1","Searing Blow","Shrug It Off"],"picked":"Singing Bowl","floor":28},{"not_picked":["Cleave","Headbutt","Twin Strike"],"picked":"Singing Bowl","floor":29},{"not_picked":["Infernal Blade+1","Rampage+1","Warcry"],"picked":"Singing Bowl","floor":31}],"player_experience":269392,"relics_obtained":[{"floor":9,"key":"Pantograph"},{"floor":11,"key":"Art of War"},{"floor":26,"key":"Pear"}],"event_choices":[{"damage_healed":0,"gold_gain":0,"player_choice":"Success","damage_taken":12,"relics_obtained":["Singing Bowl"],"max_hp_gain":0,"max_hp_loss":0,"event_name":"Scrap Ooze","floor":2,"gold_loss":0},{"damage_healed":0,"gold_gain":0,"player_choice":"Donut","damage_taken":0,"max_hp_gain":5,"max_hp_loss":0,"event_name":"Big Fish","floor":4,"gold_loss":0},{"damage_healed":0,"gold_gain":0,"player_choice":"Take Damage","damage_taken":22,"relics_obtained":["Golden Idol"],"max_hp_gain":0,"max_hp_loss":0,"event_name":"Golden Idol","floor":10,"gold_loss":0},{"cards_removed":["Defend_R"],"damage_healed":0,"gold_gain":0,"player_choice":"Offered Basic","damage_taken":0,"max_hp_gain":0,"max_hp_loss":0,"event_name":"Bonfire Elementals","floor":19,"gold_loss":0},{"damage_healed":0,"gold_gain":99,"player_choice":"Stole From Cult","damage_taken":0,"max_hp_gain":0,"max_hp_loss":0,"event_name":"Nest","floor":30,"gold_loss":0}],"is_beta":false,"boss_relics":[{"not_picked":["Coffee Dripper","Black Star"],"picked":"Black Blood"}],"items_purged_floors":[],"is_endless":false,"potions_floor_spawned":[1,7,16,21,24,28],"killed_by":"Collector","ascension_level":4}