{"gold_per_floor":[117,130,130,144,94,123,133,133,160,222,222],"floor_reached":11,"playtime":356,"items_purged":[],"score":95,"play_id":"6020fbee-1f89-46c4-87f2-a3540c684f8b","local_time":"20190831140357","is_ascension_mode":true,"campfire_choices":[{"data":"Redo","floor":8,"key":"SMITH"}],"neow_cost":"NONE","seed_source_timestamp":1301286596185700,"circlet_count":0,"master_deck":["Strike_B","Strike_B","Defend_B","Defend_B","Defend_B","Zap","Dualcast","FTL","Conserve Battery","Rebound","Gash","Redo+1","Streamline","Seek"],"relics":["Cracked Core","Ancient Tea Set","Potion Belt","Tiny Chest"],"potions_floor_usage":[10,10],"damage_taken":[{"damage":6,"enemies":"Cultist","floor":1,"turns":4},{"damage":0,"enemies":"Small Slimes","floor":2,"turns":3},{"damage":2,"enemies":"Jaw Worm","floor":4,"turns":3},{"damage":27,"enemies":"Gremlin Nob","floor":6,"turns":4},{"damage":9,"enemies":"3 Louse","floor":7,"turns":3},{"damage":16,"enemies":"Lagavulin","floor":10,"turns":5},{"damage":9,"enemies":"Blue Slaver","floor":11,"turns":2}],"seed_played":"5637635238631732385","potions_obtained":[{"floor":1,"key":"Ancient Potion"},{"floor":7,"key":"EssenceOfSteel"}],"is_trial":false,"path_per_floor":["M","M","?","M","?","E","M","R","T","E","M"],"character_chosen":"DEFECT","items_purchased":[],"campfire_rested":0,"item_purchase_floors":[],"current_hp_per_floor":[69,69,62,60,60,33,24,24,24,8,0],"gold":222,"neow_bonus":"TRANSFORM_CARD","is_prod":false,"is_daily":false,"chose_seed":false,"campfire_upgraded":1,"win_rate":0,"timestamp":1567253037,"path_taken":["M","?","?","M","?","E","M","R","T","E","M"],"build_version":"2019-08-26","purchased_purges":0,"victory":false,"max_hp_per_floor":[75,75,75,75,75,75,75,75,75,75,75],"card_choices":[{"not_picked":["Doom and Gloom","Cold Snap"],"picked":"Conserve Battery","floor":1},{"not_picked":["Stack","Sweeping Beam"],"picked":"Rebound","floor":2},{"not_picked":["Self Repair","Turbo"],"picked":"Gash","floor":4},{"not_picked":["Thunder Strike","Buffer"],"picked":"Redo","floor":6},{"not_picked":["Hologram","Stack"],"picked":"Streamline","floor":7},{"not_picked":["Barrage","Conserve Battery"],"picked":"Seek","floor":10}],"player_experience":141791,"relics_obtained":[{"floor":6,"key":"Ancient Tea Set"},{"floor":9,"key":"Potion Belt"},{"floor":10,"key":"Tiny Chest"}],"event_choices":[{"cards_removed":["Strike_B"],"damage_healed":0,"gold_gain":0,"player_choice":"Card Removal","damage_taken":7,"max_hp_gain":0,"max_hp_loss":0,"event_name":"Golden Wing","floor":3,"gold_loss":0},{"cards_removed":["Defend_B"],"damage_healed":0,"gold_gain":0,"player_choice":"Card Removal","damage_taken":0,"max_hp_gain":0,"max_hp_loss":0,"event_name":"The Cleric","floor":5,"gold_loss":50}],"is_beta":true,"boss_relics":[],"items_purged_floors":[],"is_endless":false,"potions_floor_spawned":[1,7],"killed_by":"Blue Slaver","ascension_level":3}