{"gold_per_floor":[113,113,136,216,53,53,146,146,169,208,254,254,284,342,342,342],"floor_reached":16,"playtime":463,"items_purged":[],"score":130,"play_id":"24b83316-94ff-4d41-b6fc-0db41f81572d","local_time":"20190831135750","is_ascension_mode":true,"campfire_choices":[{"data":"HandOfGreed","floor":6,"key":"SMITH"},{"floor":8,"key":"REST"},{"data":"Bash","floor":12,"key":"SMITH"},{"data":"Shrug It Off","floor":15,"key":"SMITH"}],"neow_cost":"NONE","seed_source_timestamp":1300811841498500,"circlet_count":0,"master_deck":["Strike_R","Strike_R","Strike_R","Strike_R","Strike_R","Defend_R","Defend_R","Defend_R","Defend_R","Bash+1","Carnage","Inflame","HandOfGreed+1","Ghostly Armor","Shrug It Off+1"],"relics":["Burning Blood","Art of War","Golden Idol","Nunchaku","Oddly Smooth Stone","Tiny Chest","Dodecahedron"],"potions_floor_usage":[16],"damage_taken":[{"damage":0,"enemies":"2 Louse","floor":1,"turns":3},{"damage":7,"enemies":"Jaw Worm","floor":3,"turns":3},{"damage":65,"enemies":"3 Sentries","floor":7,"turns":9},{"damage":0,"enemies":"Cultist","floor":10,"turns":4},{"damage":7,"enemies":"Looter","floor":11,"turns":5},{"damage":21,"enemies":"Gremlin Nob","floor":14,"turns":4},{"damage":27,"enemies":"Slime Boss","floor":16,"turns":3}],"seed_played":"7105757621639227682","potions_obtained":[{"floor":3,"key":"SteroidPotion"},{"floor":7,"key":"LiquidBronze"},{"floor":10,"key":"GamblersBrew"},{"floor":11,"key":"PowerPotion"}],"is_trial":false,"path_per_floor":["M","?","M","?","$","R","E","R","T","M","M","R","?","E","R","B"],"character_chosen":"IRONCLAD","items_purchased":["HandOfGreed"],"campfire_rested":1,"item_purchase_floors":[5],"current_hp_per_floor":[80,74,73,73,73,73,14,36,36,42,41,41,41,26,26,0],"gold":342,"neow_bonus":"RANDOM_COMMON_RELIC","is_prod":false,"is_daily":false,"chose_seed":false,"campfire_upgraded":3,"win_rate":0,"timestamp":1567252670,"path_taken":["M","?","M","?","$","R","E","R","T","M","M","R","?","E","R","BOSS"],"build_version":"2019-08-26","purchased_purges":0,"victory":false,"max_hp_per_floor":[80,74,74,74,74,74,74,74,74,74,74,74,74,74,74,74],"card_choices":[{"not_picked":["Twin Strike","Dual Wield"],"picked":"Carnage","floor":1},{"not_picked":["Hemokinesis","Sword Boomerang"],"picked":"Inflame","floor":3},{"not_picked":["Havoc","Fiend Fire","Flex"],"picked":"SKIP","floor":7},{"not_picked":["True Grit","Disarm"],"picked":"Ghostly Armor","floor":10},{"not_picked":["Clothesline","Carnage"],"picked":"Shrug It Off","floor":11},{"not_picked":["Flex","Body Slam","Fiend Fire"],"picked":"SKIP","floor":14}],"player_experience":141328,"relics_obtained":[{"floor":7,"key":"Nunchaku"},{"floor":9,"key":"Oddly Smooth Stone"},{"floor":14,"key":"Dodecahedron"}],"event_choices":[{"damage_healed":0,"gold_gain":0,"player_choice":"Lose Max HP","damage_taken":0,"relics_obtained":["Golden Idol"],"max_hp_gain":0,"max_hp_loss":6,"event_name":"Golden Idol","floor":2,"gold_loss":0},{"damage_healed":0,"gold_gain":80,"player_choice":"Gained Gold","damage_taken":0,"max_hp_gain":0,"max_hp_loss":0,"event_name":"Golden Wing","floor":4,"gold_loss":0},{"damage_healed":0,"gold_gain":0,"player_choice":"Gave Potion","damage_taken":0,"relics_obtained":["Tiny Chest"],"max_hp_gain":0,"max_hp_loss":0,"event_name":"WeMeetAgain","floor":13,"gold_loss":0}],"is_beta":true,"boss_relics":[],"items_purged_floors":[],"is_endless":false,"potions_floor_spawned":[3,7,10,11],"killed_by":"Slime Boss","ascension_level":4}