{"gold_per_floor":[114,189,189,209,223,254,254,289,289,289,289,299,319,337,337,434,434,452,27,27,52,52,52,52,71,149,149,149,179,179,189,189,290,290,306,406,419,444,444,444,455,455,455,455,470,470,470,484,484,484],"floor_reached":50,"playtime":2043,"items_purged":[],"score":491,"play_id":"d9482a4f-9bf6-4bf6-9600-96085f22e780","local_time":"20191020004621","is_ascension_mode":false,"campfire_choices":[{"data":"Zap","floor":7,"key":"SMITH"},{"data":"Ball Lightning","floor":10,"key":"SMITH"},{"data":"Rip and Tear","floor":15,"key":"SMITH"},{"data":"Capacitor","floor":23,"key":"SMITH"},{"data":"Biased Cognition","floor":27,"key":"SMITH"},{"floor":32,"key":"REST"},{"data":"Rainbow","floor":40,"key":"SMITH"},{"data":"Conserve Battery","floor":42,"key":"SMITH"},{"data":"Reinforced Body","floor":46,"key":"SMITH"},{"floor":49,"key":"REST"}],"neow_cost":"NONE","seed_source_timestamp":2081366202621834,"circlet_count":0,"master_deck":["Strike_B+1","Strike_B+1","Strike_B+1","Defend_B+1","Defend_B+1","Defend_B+1","Defend_B+1","Zap+1","Dualcast","Rip and Tear","Coolheaded","Ball Lightning+1","Cold Snap","Go for the Eyes","BootSequence","Gash","Rip and Tear+1","Biased Cognition+1","Conserve Battery","Capacitor+1","Beam Cell","Ball Lightning","Reinforced Body+1","Self Repair","Conserve Battery+1","Rainbow+1","Coolheaded","Scrape+1","Leap","Madness","Madness","Loop"],"relics":["Cracked Core","Bag of Marbles","Meat on the Bone","Juzu Bracelet","Odd Mushroom","Lizard Tail","Vajra","PreservedInsect","Red Mask","MutagenicStrength","Gremlin Horn","Potion Belt","Happy Flower","Busted Crown","Ginger","Regal Pillow","Bottled Lightning"],"potions_floor_usage":[8,16,16,21,33,33,41,50],"damage_taken":[{"damage":0,"enemies":"2 Louse","floor":1,"turns":2},{"damage":0,"enemies":"Cultist","floor":4,"turns":4},{"damage":0,"enemies":"Small Slimes","floor":5,"turns":3},{"damage":24,"enemies":"Lagavulin","floor":6,"turns":5},{"damage":7,"enemies":"3 Sentries","floor":8,"turns":5},{"damage":9,"enemies":"Red Slaver","floor":12,"turns":3},{"damage":6,"enemies":"The Mushroom Lair","floor":13,"turns":3},{"damage":1,"enemies":"Exordium Wildlife","floor":14,"turns":2},{"damage":40,"enemies":"The Guardian","floor":16,"turns":11},{"damage":1,"enemies":"3 Byrds","floor":18,"turns":4},{"damage":6,"enemies":"Masked Bandits","floor":21,"turns":3},{"damage":0,"enemies":"Chosen","floor":25,"turns":3},{"damage":10,"enemies":"Book of Stabbing","floor":29,"turns":4},{"damage":20,"enemies":"Snake Plant","floor":31,"turns":4},{"damage":28,"enemies":"Champ","floor":33,"turns":10},{"damage":24,"enemies":"3 Darklings","floor":35,"turns":4},{"damage":18,"enemies":"Mind Bloom Boss Battle","floor":36,"turns":8},{"damage":0,"enemies":"Orb Walker","floor":37,"turns":1},{"damage":7,"enemies":"Jaw Worm Horde","floor":41,"turns":3},{"damage":70,"enemies":"4 Shapes","floor":45,"turns":4},{"damage":0,"enemies":"Spire Growth","floor":48,"turns":3},{"damage":98,"enemies":"Donu and Deca","floor":50,"turns":10}],"seed_played":"7956915533270354276","potions_obtained":[{"floor":4,"key":"SpeedPotion"},{"floor":5,"key":"SkillPotion"},{"floor":6,"key":"Fire Potion"},{"floor":8,"key":"GamblersBrew"},{"floor":11,"key":"AttackPotion"},{"floor":11,"key":"Swift Potion"},{"floor":18,"key":"PowerPotion"},{"floor":25,"key":"AttackPotion"},{"floor":37,"key":"Explosive Potion"},{"floor":45,"key":"Dexterity Potion"}],"is_trial":false,"path_per_floor":["M","?","?","M","M","E","R","E","T","R","?","M","?","M","R","B",null,"M","$","?","?","?","R","?","M","T","R","?","E","T","M","R","B",null,"M","?","M","T","?","R","M","R","T","?","M","R","?","M","R","B"],"character_chosen":"DEFECT","items_purchased":["Vajra","PreservedInsect","Capacitor","Beam Cell"],"campfire_rested":2,"item_purchase_floors":[19,19,19,19],"current_hp_per_floor":[82,71,71,71,71,47,47,40,40,40,40,43,49,48,48,20,82,81,81,81,75,75,75,75,75,75,75,75,65,65,45,69,60,82,65,54,54,54,54,54,47,47,47,47,49,49,39,51,82,0],"gold":484,"neow_bonus":"TEN_PERCENT_HP_BONUS","is_prod":false,"is_daily":false,"chose_seed":false,"campfire_upgraded":8,"win_rate":0.0,"timestamp":1571546781,"path_taken":["M","?","?","M","?","E","R","E","T","R","?","M","?","M","R","BOSS","M","$","?","?","?","R","?","M","T","R","?","E","?","M","R","BOSS","M","?","M","?","?","R","M","R","T","?","M","R","?","M","R","BOSS"],"build_version":"2019-07-17","purchased_purges":0,"victory":false,"max_hp_per_floor":[82,82,82,82,82,82,82,82,82,82,82,82,82,82,82,82,82,82,82,82,82,82,82,82,82,82,82,82,82,82,82,82,82,82,82,82,82,82,82,82,82,82,82,82,82,82,82,82,82,82],"card_choices":[{"not_picked":["Leap","Barrage"],"picked":"Rip and Tear","floor":1},{"not_picked":["Defragment","Genetic Algorithm"],"picked":"Coolheaded","floor":4},{"not_picked":["Reprogram","Leap"],"picked":"Ball Lightning","floor":5},{"not_picked":["Coolheaded","Amplify"],"picked":"Cold Snap","floor":6},{"not_picked":["Gash","Stack"],"picked":"Go for the Eyes","floor":8},{"not_picked":["Force Field","Beam Cell"],"picked":"BootSequence","floor":12},{"not_picked":["Go for the Eyes","Ball Lightning"],"picked":"Gash","floor":13},{"not_picked":["Doom and Gloom","Redo"],"picked":"Rip and Tear","floor":14},{"not_picked":["Reboot","Creative AI"],"picked":"Biased Cognition","floor":16},{"not_picked":["Blizzard","Darkness"],"picked":"Conserve Battery","floor":18},{"not_picked":["Hologram","Melter"],"picked":"Ball Lightning","floor":21},{"not_picked":["Leap","Cold Snap"],"picked":"Reinforced Body","floor":25},{"not_picked":["Fission","Go for the Eyes+1"],"picked":"Self Repair","floor":29},{"not_picked":["Force Field","Go for the Eyes"],"picked":"Conserve Battery","floor":31},{"not_picked":["Creative AI","All For One"],"picked":"Rainbow","floor":33},{"not_picked":[],"picked":"Coolheaded","floor":35},{"not_picked":[],"picked":"Scrape+1","floor":36},{"not_picked":["Reprogram+1"],"picked":"SKIP","floor":37},{"not_picked":["Barrage"],"picked":"SKIP","floor":41},{"not_picked":[],"picked":"Leap","floor":45},{"not_picked":[],"picked":"Loop","floor":48}],"player_experience":29078,"relics_obtained":[{"floor":6,"key":"Bag of Marbles"},{"floor":8,"key":"Meat on the Bone"},{"floor":9,"key":"Juzu Bracelet"},{"floor":13,"key":"Odd Mushroom"},{"floor":21,"key":"Red Mask"},{"floor":26,"key":"Gremlin Horn"},{"floor":29,"key":"Potion Belt"},{"floor":30,"key":"Happy Flower"},{"floor":36,"key":"Ginger"},{"floor":38,"key":"Regal Pillow"},{"floor":43,"key":"Bottled Lightning"}],"event_choices":[{"damage_healed":0,"gold_gain":75,"player_choice":"Gather Gold","damage_taken":11,"max_hp_gain":0,"max_hp_loss":0,"event_name":"World of Goop","floor":2,"gold_loss":0},{"damage_healed":0,"gold_gain":0,"cards_transformed":["Strike_B"],"player_choice":"Transformed","damage_taken":0,"max_hp_gain":0,"max_hp_loss":0,"event_name":"Transmorgrifier","floor":3,"gold_loss":0,"cards_obtained":["Scrape"]},{"damage_healed":0,"gold_gain":0,"player_choice":"Got Potions","damage_taken":0,"max_hp_gain":0,"max_hp_loss":0,"event_name":"Lab","floor":11,"gold_loss":0},{"damage_healed":0,"gold_gain":0,"player_choice":"Fought Mushrooms","damage_taken":0,"max_hp_gain":0,"max_hp_loss":0,"event_name":"Mushrooms","floor":13,"gold_loss":0},{"damage_healed":0,"gold_gain":0,"player_choice":"Fought Bandits","damage_taken":0,"max_hp_gain":0,"max_hp_loss":0,"event_name":"Masked Bandits","floor":21,"gold_loss":0},{"damage_healed":0,"gold_gain":0,"player_choice":"Inject Mutagens","damage_taken":0,"relics_obtained":["MutagenicStrength"],"max_hp_gain":0,"max_hp_loss":0,"event_name":"Drug Dealer","floor":22,"gold_loss":0},{"damage_healed":0,"gold_gain":0,"player_choice":"Simplicity","damage_taken":0,"max_hp_gain":0,"max_hp_loss":0,"event_name":"Back to Basics","floor":24,"gold_loss":0,"cards_upgraded":["Strike_B","Strike_B","Strike_B","Defend_B","Defend_B","Defend_B","Defend_B"]},{"damage_healed":0,"gold_gain":0,"player_choice":"Ignored","damage_taken":0,"max_hp_gain":0,"max_hp_loss":0,"event_name":"Ghosts","floor":28,"gold_loss":0},{"damage_healed":0,"gold_gain":0,"player_choice":"Fight","damage_taken":0,"max_hp_gain":0,"max_hp_loss":0,"event_name":"MindBloom","floor":36,"gold_loss":0},{"damage_healed":0,"gold_gain":0,"player_choice":"Ignored","damage_taken":0,"max_hp_gain":0,"max_hp_loss":0,"event_name":"Mysterious Sphere","floor":39,"gold_loss":0},{"cards_removed":["Scrape"],"damage_healed":0,"gold_gain":0,"player_choice":"Removed Attack","damage_taken":0,"max_hp_gain":0,"max_hp_loss":0,"event_name":"Falling","floor":44,"gold_loss":0},{"damage_healed":0,"gold_gain":0,"player_choice":"Embrace Madness","damage_taken":10,"max_hp_gain":0,"max_hp_loss":0,"event_name":"Winding Halls","floor":47,"gold_loss":0,"cards_obtained":["Madness","Madness"]}],"is_beta":false,"boss_relics":[{"not_picked":["FrozenCore","Astrolabe"],"picked":"Lizard Tail"},{"not_picked":["White Beast Statue","Coffee Dripper"],"picked":"Busted Crown"}],"items_purged_floors":[],"is_endless":false,"potions_floor_spawned":[4,5,6,8,18,25,37,45],"killed_by":"Donu and Deca","ascension_level":0}