{"gold_per_floor":[113,127,141,154,329,329,364,375,430,430,430,430,380,409,409,512,512,512,512,213,213,18,18,18,0,0,0,0],"floor_reached":28,"playtime":1413,"items_purged":["Regret"],"score":295,"play_id":"2990a5b6-5f9e-4714-baa7-ef9e2d547ba4","local_time":"20190428201115","is_ascension_mode":true,"campfire_choices":[{"floor":10.0,"key":"REST"},{"floor":12,"key":"REST"},{"floor":15,"key":"REST"},{"data":"Discovery","floor":24,"key":"SMITH"}],"neow_cost":"NONE","seed_source_timestamp":938628786995700,"circlet_count":0,"master_deck":["Defend_G+1","Defend_G+1","Defend_G+1","Defend_G+1","Defend_G+1","Strike_G+1","Strike_G+1","Strike_G+1","Strike_G+1","Survivor","Neutralize","Adrenaline","Deadly Poison","Dagger Throw","Cloak And Dagger","Poisoned Stab","A Thousand Cuts","Underhanded Strike","Cloak And Dagger","After Image","Backflip","Caltrops","Discovery+1","PiercingWail","Terror+1","Infinite Blades","Concentrate+1"],"special_seed":0,"relics":["Ring of the Snake","Smiling Mask","Bottled Flame","Orichalcum","Centennial Puzzle","Ectoplasm","Shuriken","Oddly Smooth Stone","Mummified Hand"],"potions_floor_usage":[],"damage_taken":[{"damage":3.0,"enemies":"Jaw Worm","floor":1.0,"turns":4.0},{"damage":8.0,"enemies":"Small Slimes","floor":2.0,"turns":4.0},{"damage":4.0,"enemies":"2 Louse","floor":3.0,"turns":3.0},{"damage":9.0,"enemies":"Large Slime","floor":4.0,"turns":8.0},{"damage":19.0,"enemies":"Gremlin Nob","floor":7.0,"turns":4.0},{"damage":0.0,"enemies":"Looter","floor":8.0,"turns":3.0},{"damage":9,"enemies":"Lagavulin","floor":14,"turns":7},{"damage":31,"enemies":"Hexaghost","floor":16,"turns":10},{"damage":15,"enemies":"Chosen","floor":18,"turns":5},{"damage":28,"enemies":"Slavers","floor":23,"turns":4},{"damage":3,"enemies":"2 Thieves","floor":25,"turns":4},{"damage":8,"enemies":"Centurion and Healer","floor":27,"turns":6},{"damage":21,"enemies":"Cultist and Chosen","floor":28,"turns":6}],"seed_played":"1217982311857930730","potions_obtained":[{"floor":1.0,"key":"SpeedPotion"},{"floor":2.0,"key":"SteroidPotion"},{"floor":4.0,"key":"Energy Potion"},{"floor":23,"key":"Explosive Potion"},{"floor":25,"key":"GamblersBrew"}],"is_trial":false,"path_per_floor":["M","M","M","M","?","?","E","M","T","R","?","R","?","E","R","B",null,"M","?","$","?","$","E","R","M","T","M","M"],"character_chosen":"THE_SILENT","items_purchased":["Shuriken","Caltrops","Discovery","PiercingWail"],"campfire_rested":3,"item_purchase_floors":[20,20,22,22],"current_hp_per_floor":[67,59,55,46,46,21,2,2,2,23,23,44,44,35,56,25,70,55,55,55,55,55,27,27,24,24,16,0],"gold":0,"neow_bonus":"ONE_RANDOM_RARE_CARD","is_prod":false,"is_daily":false,"chose_seed":false,"campfire_upgraded":1,"win_rate":0,"timestamp":1556475075,"path_taken":["M","M","M","M","?","?","E","M","T","R","?","R","?","E","R","BOSS","M","?","$","?","$","E","R","?","T","M","M"],"build_version":"2019-01-23","purchased_purges":1,"victory":false,"max_hp_per_floor":[70,70,70,70,70,70,70,70,70,70,70,70,70,70,70,70,70,70,70,70,70,70,70,70,70,70,70,70],"card_choices":[{"not_picked":["Expertise","Backstab"],"picked":"Deadly Poison","floor":1.0},{"not_picked":["Deflect","Calculated Gamble"],"picked":"Dagger Throw","floor":2.0},{"not_picked":["Well Laid Plans","Flechettes"],"picked":"Cloak And Dagger","floor":3.0},{"not_picked":["Prepared","Dagger Spray"],"picked":"Poisoned Stab","floor":4.0},{"not_picked":["Prepared","Outmaneuver"],"picked":"A Thousand Cuts","floor":7.0},{"not_picked":["Concentrate","Flying Knee"],"picked":"Underhanded Strike","floor":8.0},{"not_picked":["Prepared","Sucker Punch"],"picked":"Cloak And Dagger","floor":14},{"not_picked":["Night Terror","Burst"],"picked":"After Image","floor":16},{"not_picked":["Outmaneuver","Sucker Punch"],"picked":"Backflip","floor":18},{"not_picked":["Flying Knee","Calculated Gamble"],"picked":"Terror+1","floor":23},{"not_picked":["Slice+1","Outmaneuver"],"picked":"Infinite Blades","floor":25},{"not_picked":["Quick Slash","Eviscerate"],"picked":"Concentrate+1","floor":27}],"player_experience":307222,"relics_obtained":[{"floor":7.0,"key":"Bottled Flame"},{"floor":9.0,"key":"Orichalcum"},{"floor":14,"key":"Centennial Puzzle"},{"floor":23,"key":"Oddly Smooth Stone"},{"floor":26,"key":"Mummified Hand"}],"event_choices":[{"damage_healed":0.0,"max_hp_gain":0.0,"max_hp_loss":0.0,"gold_gain":175.0,"event_name":"Liars Game","player_choice":"AGREE","floor":5.0,"gold_loss":0.0,"damage_taken":0.0,"cards_obtained":["Doubt"]},{"damage_healed":0.0,"max_hp_gain":0.0,"max_hp_loss":0.0,"gold_gain":0.0,"event_name":"Scrap Ooze","player_choice":"Success","floor":6.0,"gold_loss":0.0,"damage_taken":25.0,"relics_obtained":["Smiling Mask"]},{"cards_removed":["Doubt"],"damage_healed":0,"gold_gain":0,"player_choice":"Forget","damage_taken":0,"max_hp_gain":0,"max_hp_loss":0,"event_name":"Living Wall","floor":11,"gold_loss":0},{"cards_removed":["Strike_G"],"damage_healed":0,"gold_gain":0,"player_choice":"Card Removal","damage_taken":0,"max_hp_gain":0,"max_hp_loss":0,"event_name":"The Cleric","floor":13,"gold_loss":50},{"damage_healed":0,"gold_gain":0,"player_choice":"Simplicity","damage_taken":0,"max_hp_gain":0,"max_hp_loss":0,"event_name":"Back to Basics","floor":19,"gold_loss":0,"cards_upgraded":["Defend_G","Defend_G","Defend_G","Defend_G","Defend_G","Strike_G","Strike_G","Strike_G","Strike_G"]},{"damage_healed":0,"gold_gain":275,"player_choice":"Desecrate","damage_taken":0,"max_hp_gain":0,"max_hp_loss":0,"event_name":"Golden Shrine","floor":21,"gold_loss":0,"cards_obtained":["Regret"]}],"is_beta":false,"boss_relics":[{"not_picked":["Pandora\u0027s Box","Orrery"],"picked":"Ectoplasm"}],"items_purged_floors":[22],"is_endless":false,"potions_floor_spawned":[1,2,4,23,25],"killed_by":"Cultist and Chosen","ascension_level":4}