{"gold_per_floor":[117,127,302,316,316,343,343,14,14,32,42,56,70,101,101,202,202,214,69,81,5,20,55,73,73],"floor_reached":25,"playtime":1490,"items_purged":["Doubt"],"score":273,"play_id":"51eec94a-8309-4215-a150-be277007cde6","local_time":"20190731195855","is_ascension_mode":true,"campfire_choices":[{"data":"Rampage","floor":7,"key":"SMITH"},{"data":"Disarm","floor":15,"key":"SMITH"}],"neow_cost":"NONE","seed_source_timestamp":1486628626072100,"circlet_count":0,"master_deck":["Strike_R","Strike_R","Strike_R","Defend_R+1","Defend_R+1","Defend_R","Defend_R","Bash","Disarm+1","Ghostly Armor","Sword Boomerang","Cleave","Trip","Bash","Rampage+1","Exhume","Twin Strike","Inflame","Fiend Fire","Sentinel","Dark Embrace","Battle Trance+1","Metallicize","Power Through","Metallicize","Flame Barrier"],"relics":["Burning Blood","StoneCalendar","Shuriken","Paper Frog","War Paint","Empty Cage","Blood Vial","Pantograph"],"potions_floor_usage":[6,18,20,25,25],"damage_taken":[{"damage":5,"enemies":"Jaw Worm","floor":1,"turns":6},{"damage":0,"enemies":"Small Slimes","floor":2,"turns":5},{"damage":1,"enemies":"Cultist","floor":4,"turns":4},{"damage":20,"enemies":"Gremlin Nob","floor":6,"turns":4},{"damage":4,"enemies":"Red Slaver","floor":10,"turns":3},{"damage":14,"enemies":"Looter","floor":11,"turns":4},{"damage":10,"enemies":"Exordium Thugs","floor":12,"turns":4},{"damage":7,"enemies":"Exordium Wildlife","floor":13,"turns":3},{"damage":23,"enemies":"Lagavulin","floor":14,"turns":6},{"damage":3,"enemies":"Hexaghost","floor":16,"turns":9},{"damage":16,"enemies":"Spheric Guardian","floor":18,"turns":4},{"damage":12,"enemies":"3 Byrds","floor":20,"turns":7},{"damage":26,"enemies":"Snake Plant","floor":22,"turns":7},{"damage":6,"enemies":"Book of Stabbing","floor":23,"turns":7},{"damage":12,"enemies":"Snecko","floor":24,"turns":7},{"damage":54,"enemies":"Slavers","floor":25,"turns":4}],"seed_played":"2280211608706350997","potions_obtained":[{"floor":2,"key":"SneckoOil"},{"floor":11,"key":"Block Potion"},{"floor":12,"key":"Energy Potion"},{"floor":16,"key":"Dexterity Potion"},{"floor":20,"key":"Energy Potion"}],"is_trial":false,"path_per_floor":["M","M","?","M","?","E","R","$","T","M","M","M","M","E","R","B",null,"M","$","M","$","M","E","M","E"],"character_chosen":"IRONCLAD","items_purchased":["Shuriken","Blood Vial","Metallicize"],"campfire_rested":0,"item_purchase_floors":[8,19,21],"current_hp_per_floor":[80,80,80,80,80,66,66,66,66,68,60,56,55,38,38,41,80,70,70,66,66,48,50,46,0],"gold":73,"neow_bonus":"THREE_CARDS","is_prod":false,"is_daily":false,"chose_seed":false,"campfire_upgraded":2,"win_rate":0,"timestamp":1564595935,"path_taken":["M","M","?","M","?","E","R","$","T","M","?","M","M","E","R","BOSS","M","$","M","$","M","E","M","E"],"build_version":"2019-07-18","purchased_purges":1,"victory":false,"max_hp_per_floor":[80,80,80,80,80,80,80,80,80,80,80,80,80,80,80,80,80,80,80,80,80,80,80,80,80],"card_choices":[{"not_picked":["Havoc","Heavy Blade"],"picked":"Disarm","floor":0},{"not_picked":["Wild Strike","Clothesline"],"picked":"Ghostly Armor","floor":1},{"not_picked":["Heavy Blade","True Grit"],"picked":"Sword Boomerang","floor":2},{"not_picked":["Iron Wave","Perfected Strike"],"picked":"Cleave","floor":4},{"not_picked":["Armaments","Heavy Blade"],"picked":"Rampage","floor":6},{"not_picked":["Sword Boomerang","True Grit"],"picked":"Exhume","floor":10},{"not_picked":["Clash","Entrench"],"picked":"Twin Strike","floor":11},{"not_picked":["Armaments","Warcry"],"picked":"Inflame","floor":12},{"not_picked":["Evolve","Rupture"],"picked":"Fiend Fire","floor":13},{"not_picked":["Seeing Red","Twin Strike"],"picked":"Sentinel","floor":14},{"not_picked":["Fiend Fire","Brutality"],"picked":"Dark Embrace","floor":16},{"not_picked":["Power Through","Corruption","Body Slam"],"picked":"SKIP","floor":18},{"not_picked":["Spot Weakness","Warcry"],"picked":"Battle Trance+1","floor":20},{"not_picked":["Body Slam","Bloodletting+1"],"picked":"Power Through","floor":22},{"not_picked":["Spot Weakness","Pommel Strike+1"],"picked":"Metallicize","floor":23},{"not_picked":["Second Wind","Pommel Strike"],"picked":"Flame Barrier","floor":24}],"player_experience":127244,"relics_obtained":[{"floor":6,"key":"StoneCalendar"},{"floor":9,"key":"Paper Frog"},{"floor":14,"key":"War Paint"},{"floor":23,"key":"Pantograph"}],"event_choices":[{"damage_healed":0,"gold_gain":175,"player_choice":"AGREE","damage_taken":0,"max_hp_gain":0,"max_hp_loss":0,"event_name":"Liars Game","floor":3,"gold_loss":0,"cards_obtained":["Doubt"]},{"damage_healed":0,"gold_gain":0,"player_choice":"2 cards matched","damage_taken":0,"max_hp_gain":0,"max_hp_loss":0,"event_name":"Match and Keep!","floor":5,"gold_loss":0,"cards_obtained":["Trip","Bash"]}],"is_beta":true,"boss_relics":[{"not_picked":["Snecko Eye","Runic Dome"],"picked":"Empty Cage"}],"items_purged_floors":[8],"is_endless":false,"potions_floor_spawned":[2,11,12,16,20],"killed_by":"Slavers","ascension_level":3}