{"gold_per_floor":[12,27,27,102,102,102,129,53,80,80],"floor_reached":10,"playtime":270,"items_purged":[],"score":74,"play_id":"2ec756d7-0399-40f7-84f8-3a0ec79d5279","local_time":"20190502204429","is_ascension_mode":true,"campfire_choices":[{"floor":6,"key":"REST"}],"neow_cost":"NO_GOLD","seed_source_timestamp":1287393286490400,"circlet_count":0,"master_deck":["Strike_B","Strike_B","Strike_B","Strike_B+1","Defend_B","Defend_B+1","Defend_B","Defend_B","Zap","Dualcast","Rainbow","White Noise","Compile Driver","Storm","Double Energy"],"relics":["Cracked Core","Dream Catcher","Gremlin Horn","Ancient Tea Set"],"potions_floor_usage":[7,10],"damage_taken":[{"damage":4,"enemies":"Cultist","floor":1,"turns":4},{"damage":11,"enemies":"Jaw Worm","floor":2,"turns":4},{"damage":25,"enemies":"3 Sentries","floor":7,"turns":6},{"damage":29,"enemies":"Gremlin Nob","floor":10,"turns":3}],"seed_played":"-3657258385708713235","potions_obtained":[{"floor":1,"key":"Strength Potion"},{"floor":2,"key":"SkillPotion"},{"floor":7,"key":"Fire Potion"}],"is_trial":false,"path_per_floor":["M","M","?","?","?","R","E","$","T","E"],"character_chosen":"DEFECT","items_purchased":["Double Energy"],"campfire_rested":1,"item_purchase_floors":[8],"current_hp_per_floor":[71,60,45,34,27,49,24,24,24,0],"gold":80,"neow_bonus":"THREE_RARE_CARDS","is_prod":false,"is_daily":false,"chose_seed":false,"campfire_upgraded":0,"win_rate":0,"timestamp":1556822669,"path_taken":["M","M","?","?","?","R","E","$","T","E"],"build_version":"2019-01-23","purchased_purges":0,"victory":false,"max_hp_per_floor":[75,75,75,75,75,75,75,75,75,75],"card_choices":[{"not_picked":["Amplify","Core Surge"],"picked":"Rainbow","floor":0},{"not_picked":["Gash","Rip and Tear"],"picked":"White Noise","floor":1},{"not_picked":["Scrape","Streamline","Reinforced Body"],"picked":"SKIP","floor":2},{"not_picked":["Beam Cell","Stack"],"picked":"Compile Driver","floor":6},{"not_picked":["Lockon","Hello World"],"picked":"Storm","floor":7}],"player_experience":314793,"relics_obtained":[{"floor":7,"key":"Gremlin Horn"},{"floor":9,"key":"Ancient Tea Set"}],"event_choices":[{"damage_healed":0,"gold_gain":0,"player_choice":"Entered Light","damage_taken":15,"max_hp_gain":0,"max_hp_loss":0,"event_name":"Shining Light","floor":3,"gold_loss":0,"cards_upgraded":["Strike_B","Defend_B"]},{"damage_healed":0,"gold_gain":75,"player_choice":"Gather Gold","damage_taken":11,"max_hp_gain":0,"max_hp_loss":0,"event_name":"World of Goop","floor":4,"gold_loss":0},{"damage_healed":0,"gold_gain":0,"player_choice":"Success","damage_taken":7,"relics_obtained":["Dream Catcher"],"max_hp_gain":0,"max_hp_loss":0,"event_name":"Scrap Ooze","floor":5,"gold_loss":0}],"is_beta":false,"boss_relics":[],"items_purged_floors":[],"is_endless":false,"potions_floor_spawned":[1,2,7],"killed_by":"Gremlin Nob","ascension_level":3}