{"gold_per_floor":[363,11,23,37,48,78,94,94,94,127,127,160,174,230,230,333,333,352,352,352,352,380,413,413,424,497,497,524,551,566,251,251,347,347,364,374,388,218,318,352,352,106,131,142,364,399,399,431,431,431],"floor_reached":50,"playtime":2476,"items_purged":["Strike_B"],"score":747,"play_id":"e7cfc035-ec46-4db2-8ed2-cd197a32fd1e","local_time":"20190620221420","is_ascension_mode":true,"campfire_choices":[{"floor":8,"key":"REST"},{"floor":11,"key":"REST"},{"floor":15,"key":"REST"},{"data":"Doom and Gloom","floor":24,"key":"SMITH"},{"data":"Ghostly","floor":27,"key":"SMITH"},{"data":"Echo Form","floor":32,"key":"SMITH"},{"floor":41,"key":"RECALL"},{"floor":47,"key":"REST"},{"floor":49,"key":"REST"}],"neow_cost":"PERCENT_DAMAGE","seed_source_timestamp":2691159747330000,"circlet_count":0,"master_deck":["Strike_B","Strike_B","Strike_B","Defend_B","Defend_B","Defend_B+1","Defend_B","Zap","Dualcast","Rebound","BootSequence","White Noise","Cold Snap","Sunder","Redo","Rebound","Sweeping Beam","Cold Snap","Undo","Creative AI","Consume","Necronomicurse","Ghostly+1","Ghostly","Ghostly","Ghostly","Ghostly","Self Repair","Doom and Gloom+1","Leap","Echo Form+1","Amplify","Beam Cell+1","Defragment+1","Beam Cell+1","Go for the Eyes","Ball Lightning+1","Cold Snap+1","Apotheosis+1","Capacitor","Hologram+1","Recycle+1","Beam Cell+1","Sweeping Beam+1","Go for the Eyes+1"],"relics":["Cracked Core","Torii","Strawberry","Turnip","Emotion Chip","Ice Cream","Nuclear Battery","Necronomicon","Red Mask","Ginger","Darkstone Periapt","Incense Burner","Dream Catcher","Bottled Flame","Fusion Hammer","PreservedInsect","WingedGreaves","Gambling Chip","War Paint","Lantern"],"potions_floor_usage":[6,10,16,28,50,50],"damage_taken":[{"damage":3,"enemies":"Jaw Worm","floor":1,"turns":4},{"damage":1,"enemies":"2 Louse","floor":3,"turns":3},{"damage":0,"enemies":"Small Slimes","floor":4,"turns":3},{"damage":10,"enemies":"Looter","floor":5,"turns":3},{"damage":17,"enemies":"3 Sentries","floor":6,"turns":7},{"damage":11,"enemies":"Exordium Thugs","floor":7,"turns":3},{"damage":21,"enemies":"Lagavulin","floor":10,"turns":6},{"damage":17,"enemies":"3 Sentries","floor":12,"turns":7},{"damage":1,"enemies":"3 Louse","floor":13,"turns":3},{"damage":21,"enemies":"Slime Boss","floor":16,"turns":12},{"damage":0,"enemies":"Chosen","floor":18,"turns":4},{"damage":0,"enemies":"Masked Bandits","floor":22,"turns":6},{"damage":18,"enemies":"Slavers","floor":23,"turns":5},{"damage":1,"enemies":"Shell Parasite","floor":25,"turns":3},{"damage":1,"enemies":"Gremlin Leader","floor":28,"turns":13},{"damage":14,"enemies":"Snecko","floor":30,"turns":8},{"damage":20,"enemies":"Champ","floor":33,"turns":10},{"damage":1,"enemies":"Orb Walker","floor":35,"turns":3},{"damage":2,"enemies":"3 Shapes","floor":36,"turns":2},{"damage":4,"enemies":"Transient","floor":37,"turns":5},{"damage":0,"enemies":"Mind Bloom Boss Battle","floor":39,"turns":7},{"damage":1,"enemies":"Nemesis","floor":40,"turns":5},{"damage":0,"enemies":"Sphere and 2 Shapes","floor":44,"turns":7},{"damage":2,"enemies":"Giant Head","floor":46,"turns":6},{"damage":14,"enemies":"Reptomancer","floor":48,"turns":4},{"damage":44,"enemies":"Time Eater","floor":50,"turns":4}],"seed_played":"-4707825150077564250","potions_obtained":[{"floor":3,"key":"PowerPotion"},{"floor":4,"key":"SpeedPotion"},{"floor":5,"key":"PowerPotion"},{"floor":10,"key":"SpeedPotion"},{"floor":12,"key":"Fire Potion"},{"floor":22,"key":"SkillPotion"},{"floor":33,"key":"Explosive Potion"},{"floor":40,"key":"LiquidBronze"}],"is_trial":false,"path_per_floor":["M","$","M","M","M","E","M","R","T","E","R","E","M","?","R","B",null,"M","?","$","?","?","E","R","M","T","R","E","T","M","$","R","B",null,"M","M","M","$","?","E","R","$","T","M","?","E","R","E","R","B"],"character_chosen":"DEFECT","items_purchased":["Torii","BootSequence","Bottled Flame","PreservedInsect","Go for the Eyes","Apotheosis","Capacitor"],"campfire_rested":5,"item_purchase_floors":[2,2,31,38,38,42,42],"current_hp_per_floor":[51,51,50,50,40,30,19,43,43,22,46,29,28,28,52,31,82,82,66,66,41,41,30,30,36,36,36,41,41,34,34,34,21,41,40,38,41,41,41,40,40,40,40,41,41,39,41,34,41,0],"gold":431,"neow_bonus":"TWO_FIFTY_GOLD","is_prod":false,"is_daily":false,"chose_seed":false,"campfire_upgraded":3,"win_rate":0,"timestamp":1561061660,"path_taken":["M","$","M","M","M","E","M","R","T","E","R","E","M","?","R","BOSS","M","?","$","?","?","E","R","M","T","R","E","?","M","$","R","BOSS","M","M","M","$","?","E","R","$","T","M","?","E","R","E","R","BOSS"],"build_version":"2019-06-19","purchased_purges":1,"victory":false,"max_hp_per_floor":[75,75,75,75,75,82,82,82,82,82,82,82,82,82,82,82,82,82,82,82,41,41,41,41,41,41,41,41,41,41,41,41,41,41,41,41,41,41,41,41,41,41,41,41,41,41,41,41,41,41],"card_choices":[{"not_picked":["Loop","Leap"],"picked":"Rebound","floor":1},{"not_picked":["Rebound","Chill"],"picked":"White Noise","floor":3},{"not_picked":["Stack","Streamline"],"picked":"Cold Snap","floor":4},{"not_picked":["FTL","Cold Snap"],"picked":"Sunder","floor":5},{"not_picked":["Heatsinks","Sweeping Beam"],"picked":"Redo","floor":6},{"not_picked":["Cold Snap","Streamline"],"picked":"Rebound","floor":7},{"not_picked":["Sunder","All For One"],"picked":"Sweeping Beam","floor":10},{"not_picked":["Reprogram","Heatsinks"],"picked":"Cold Snap","floor":12},{"not_picked":["Turbo","Stack"],"picked":"Undo","floor":13},{"not_picked":["All For One","Hyperbeam"],"picked":"Creative AI","floor":16},{"not_picked":["Gash","Steam"],"picked":"Consume","floor":18},{"not_picked":["Leap","Cold Snap"],"picked":"Self Repair","floor":22},{"not_picked":["Steam","Creative AI"],"picked":"Doom and Gloom","floor":23},{"not_picked":["Stack","Beam Cell"],"picked":"Leap","floor":25},{"not_picked":["Redo","Hello World"],"picked":"Echo Form","floor":28},{"not_picked":["Go for the Eyes","Rebound","Sweeping Beam"],"picked":"SKIP","floor":30},{"not_picked":["Meteor Strike","Rainbow"],"picked":"Amplify","floor":33},{"not_picked":["Turbo+1","Steam"],"picked":"Beam Cell+1","floor":35},{"not_picked":["Barrage","Streamline+1"],"picked":"Defragment+1","floor":36},{"not_picked":["Coolheaded","Go for the Eyes"],"picked":"Beam Cell+1","floor":37},{"not_picked":["Darkness","Gash"],"picked":"Ball Lightning+1","floor":39},{"not_picked":["Undo","Hello World+1"],"picked":"Cold Snap+1","floor":40},{"not_picked":["Echo Form","Conserve Battery+1"],"picked":"Hologram+1","floor":44},{"not_picked":["Self Repair+1","Scrape+1"],"picked":"Recycle+1","floor":46},{"not_picked":["Auto Shields","Genetic Algorithm"],"picked":"Beam Cell+1","floor":47},{"not_picked":["Cold Snap+1","Rebound"],"picked":"Sweeping Beam+1","floor":48},{"not_picked":["Compile Driver+1","Recycle"],"picked":"Go for the Eyes+1","floor":49}],"player_experience":111491,"relics_obtained":[{"floor":6,"key":"Strawberry"},{"floor":9,"key":"Turnip"},{"floor":10,"key":"Emotion Chip"},{"floor":12,"key":"Ice Cream"},{"floor":19,"key":"Necronomicon"},{"floor":22,"key":"Red Mask"},{"floor":23,"key":"Ginger"},{"floor":26,"key":"Darkstone Periapt"},{"floor":28,"key":"Incense Burner"},{"floor":29,"key":"Dream Catcher"},{"floor":39,"key":"WingedGreaves"},{"floor":40,"key":"Gambling Chip"},{"floor":46,"key":"War Paint"},{"floor":48,"key":"Lantern"}],"event_choices":[{"damage_healed":0,"gold_gain":56,"player_choice":"Gained Gold","damage_taken":0,"max_hp_gain":0,"max_hp_loss":0,"event_name":"Golden Wing","floor":14,"gold_loss":0},{"damage_healed":0,"gold_gain":0,"player_choice":"Obtained Book","damage_taken":16,"max_hp_gain":0,"max_hp_loss":0,"event_name":"Cursed Tome","floor":19,"gold_loss":0},{"damage_healed":0,"gold_gain":0,"player_choice":"Became a Ghost","damage_taken":0,"max_hp_gain":0,"max_hp_loss":41,"event_name":"Ghosts","floor":21,"gold_loss":0,"cards_obtained":["Ghostly","Ghostly","Ghostly","Ghostly","Ghostly"]},{"damage_healed":0,"gold_gain":0,"player_choice":"Fought Bandits","damage_taken":0,"max_hp_gain":0,"max_hp_loss":0,"event_name":"Masked Bandits","floor":22,"gold_loss":0},{"damage_healed":0,"gold_gain":0,"player_choice":"Fight","damage_taken":0,"max_hp_gain":0,"max_hp_loss":0,"event_name":"MindBloom","floor":39,"gold_loss":0},{"damage_healed":0,"gold_gain":222,"player_choice":"Wore Mask","damage_taken":0,"max_hp_gain":0,"max_hp_loss":0,"event_name":"Tomb of Lord Red Mask","floor":45,"gold_loss":0}],"is_beta":true,"boss_relics":[{"not_picked":["Cursed Key","FrozenCore"],"picked":"Nuclear Battery"},{"not_picked":["Velvet Choker","Snecko Eye"],"picked":"Fusion Hammer"}],"items_purged_floors":[31],"is_endless":false,"potions_floor_spawned":[3,4,5,10,12,22,23,25,33,39,40,44],"killed_by":"Time Eater","ascension_level":2}