{"gold_per_floor":[14,14,30,30,105,105,105,105,178,242,9,27,57,76,76,76],"floor_reached":16,"playtime":652,"items_purged":["Strike_R"],"score":185,"play_id":"80ea2a7b-925e-4285-84bf-f6fb57e484f8","local_time":"20190825112750","is_ascension_mode":true,"campfire_choices":[{"data":"True Grit","floor":6,"key":"SMITH"},{"data":"Rampage","floor":8,"key":"SMITH"},{"floor":15,"key":"REST"}],"neow_cost":"NO_GOLD","seed_source_timestamp":2728858815900,"circlet_count":0,"master_deck":["Strike_R","Strike_R","Defend_R","Defend_R","Defend_R","Defend_R","Rampage+1","True Grit+1","Exhume","Evolve","Entrench","Body Slam","Ghostly Armor","Feel No Pain"],"special_seed":0,"relics":["Burning Blood","Bottled Lightning","Pen Nib","Darkstone Periapt"],"potions_floor_usage":[10,16],"damage_taken":[{"damage":18,"enemies":"Cultist","floor":1,"turns":6},{"damage":4,"enemies":"Jaw Worm","floor":3,"turns":5},{"damage":42,"enemies":"3 Sentries","floor":10,"turns":12},{"damage":1,"enemies":"2 Louse","floor":12,"turns":4},{"damage":42,"enemies":"Gremlin Nob","floor":13,"turns":6},{"damage":11,"enemies":"Blue Slaver","floor":14,"turns":5},{"damage":36,"enemies":"Hexaghost","floor":16,"turns":12}],"seed_played":"-828389545269553183","potions_obtained":[{"floor":3,"key":"BloodPotion"},{"floor":13,"key":"Swift Potion"}],"is_trial":false,"path_per_floor":["M","?","M","$","?","R","?","R","T","?","$","M","E","M","R","B"],"character_chosen":"IRONCLAD","items_purchased":["Evolve","Entrench","Body Slam"],"campfire_rested":1,"item_purchase_floors":[11,11,11],"current_hp_per_floor":[68,68,70,70,59,59,59,59,59,43,43,48,12,7,31,0],"gold":76,"neow_bonus":"REMOVE_TWO","is_prod":false,"is_daily":false,"chose_seed":false,"campfire_upgraded":2,"win_rate":0,"timestamp":1566746870,"path_taken":["M","?","M","$","?","R","?","R","T","?","$","?","E","M","R","BOSS"],"build_version":"2019-07-17","purchased_purges":1,"victory":false,"max_hp_per_floor":[80,80,80,80,80,80,80,80,80,80,80,80,80,80,80,80],"card_choices":[{"not_picked":["Havoc","Iron Wave"],"picked":"Rampage","floor":1},{"not_picked":["Sword Boomerang","Shrug It Off"],"picked":"True Grit","floor":3},{"not_picked":["Havoc","Shrug It Off"],"picked":"Exhume","floor":10},{"not_picked":["Iron Wave","Whirlwind"],"picked":"Ghostly Armor","floor":12},{"not_picked":["Pommel Strike","Perfected Strike","Thunderclap"],"picked":"SKIP","floor":13},{"not_picked":["Sword Boomerang","Clash"],"picked":"Feel No Pain","floor":14}],"player_experience":643006,"relics_obtained":[{"floor":9,"key":"Bottled Lightning"},{"floor":10,"key":"Pen Nib"},{"floor":13,"key":"Darkstone Periapt"}],"event_choices":[{"cards_removed":["Strike_R"],"damage_healed":0,"gold_gain":0,"player_choice":"Forget","damage_taken":0,"max_hp_gain":0,"max_hp_loss":0,"event_name":"Living Wall","floor":2,"gold_loss":0},{"damage_healed":0,"gold_gain":75,"player_choice":"Gather Gold","damage_taken":11,"max_hp_gain":0,"max_hp_loss":0,"event_name":"World of Goop","floor":5,"gold_loss":0},{"damage_healed":0,"gold_gain":0,"player_choice":"Ignored","damage_taken":0,"max_hp_gain":0,"max_hp_loss":0,"event_name":"Liars Game","floor":7,"gold_loss":0},{"damage_healed":0,"gold_gain":0,"player_choice":"Searched \u00271\u0027 times","damage_taken":0,"max_hp_gain":0,"max_hp_loss":0,"event_name":"Dead Adventurer","floor":10,"gold_loss":0}],"is_beta":false,"boss_relics":[],"items_purged_floors":[11],"is_endless":false,"potions_floor_spawned":[3,13],"killed_by":"Hexaghost","ascension_level":5}