{"gold_per_floor":[115,135,135,67,67,67,97,116,116,133,133],"floor_reached":11,"playtime":547,"items_purged":[],"score":88,"play_id":"38b05c4f-acd0-403e-a44b-f3feac3f1436","local_time":"20190502213531","is_ascension_mode":true,"campfire_choices":[{"data":"Madness","floor":6,"key":"SMITH"}],"neow_cost":"NONE","seed_source_timestamp":1290177714832600,"circlet_count":0,"master_deck":["Defend_G","Defend_G","Defend_G","Defend_G","Defend_G","Strike_G+1","Strike_G","Strike_G","Strike_G","Strike_G","Survivor+1","Neutralize","Madness+1","Choke","Dagger Throw","Catalyst","Neutralize","Malaise","Leg Sweep+1","Envenom","PiercingWail+1"],"relics":["Ring of the Snake","Toxic Egg 2","Bag of Preparation"],"potions_floor_usage":[7,11],"damage_taken":[{"damage":15,"enemies":"Jaw Worm","floor":1,"turns":4},{"damage":7,"enemies":"2 Louse","floor":2,"turns":4},{"damage":15,"enemies":"Lagavulin","floor":7,"turns":9},{"damage":0,"enemies":"Cultist","floor":8,"turns":5},{"damage":9,"enemies":"Lots of Slimes","floor":10,"turns":6},{"damage":27,"enemies":"Gremlin Nob","floor":11,"turns":3}],"seed_played":"-9195689660942267182","potions_obtained":[{"floor":2,"key":"Dexterity Potion"},{"floor":10,"key":"AttackPotion"}],"is_trial":false,"path_per_floor":["M","M","?","$","?","R","E","M","T","M","E"],"character_chosen":"THE_SILENT","items_purchased":["Catalyst"],"campfire_rested":0,"item_purchase_floors":[4],"current_hp_per_floor":[55,48,34,34,34,34,19,19,19,10,0],"gold":133,"neow_bonus":"RANDOM_COLORLESS","is_prod":false,"is_daily":false,"chose_seed":false,"campfire_upgraded":1,"win_rate":0,"timestamp":1556825731,"path_taken":["M","M","?","$","?","R","E","M","T","?","E"],"build_version":"2019-01-23","purchased_purges":0,"victory":false,"max_hp_per_floor":[70,70,70,70,70,70,70,70,70,70,70],"card_choices":[{"not_picked":["Deadly Poison","Deflect"],"picked":"Choke","floor":1},{"not_picked":["Dagger Spray","Prepared"],"picked":"Dagger Throw","floor":2},{"not_picked":["Dagger Throw","Terror"],"picked":"Leg Sweep","floor":7},{"not_picked":["Quick Slash","Expertise+1"],"picked":"Envenom","floor":8},{"not_picked":["Leg Sweep+1","Dash"],"picked":"PiercingWail+1","floor":10}],"player_experience":317463,"relics_obtained":[{"floor":7,"key":"Toxic Egg 2"},{"floor":9,"key":"Bag of Preparation"}],"event_choices":[{"damage_healed":0,"gold_gain":0,"player_choice":"Entered Light","damage_taken":14,"max_hp_gain":0,"max_hp_loss":0,"event_name":"Shining Light","floor":3,"gold_loss":0,"cards_upgraded":["Strike_G","Survivor"]},{"damage_healed":0,"gold_gain":0,"player_choice":"2 cards matched","damage_taken":0,"max_hp_gain":0,"max_hp_loss":0,"event_name":"Match and Keep!","floor":5,"gold_loss":0,"cards_obtained":["Neutralize","Malaise"]}],"is_beta":false,"boss_relics":[],"items_purged_floors":[],"is_endless":false,"potions_floor_spawned":[2,10],"killed_by":"Gremlin Nob","ascension_level":4}