{"gold_per_floor":[109,120,134,149,168,168,203,283,309,309,327,40,51,71,71,171,171,183,183,183,135,150,150,170,199,199,217,217],"floor_reached":28,"playtime":1371,"items_purged":[],"score":281,"play_id":"db7d59ee-f863-4bb0-a110-ff0cea18a50b","local_time":"20190419231430","is_ascension_mode":true,"campfire_choices":[{"data":"Zap","floor":6,"key":"SMITH"},{"floor":15,"key":"REST"},{"data":"Dualcast","floor":23,"key":"SMITH"}],"neow_cost":"NONE","seed_source_timestamp":172091803124200,"circlet_count":0,"master_deck":["Strike_B","Strike_B","Strike_B","Strike_B","Defend_B","Defend_B","Defend_B","Defend_B","Zap+1","Dualcast+1","Sweeping Beam","All For One","Go for the Eyes","Steam","Beam Cell","Self Repair","Ball Lightning","Dark Shackles","Leap","Go for the Eyes","Sweeping Beam","Auto Shields","Reprogram+1","FTL","Necronomicurse","Hologram","Skim+1","Go for the Eyes+1","All For One","Leap+1"],"relics":["Cracked Core","NeowsBlessing","Vajra","Bag of Marbles","Kunai","Sozu","Necronomicon","PreservedInsect","Molten Egg 2"],"potions_floor_usage":[7,11,11],"damage_taken":[{"damage":0,"enemies":"Jaw Worm","floor":1,"turns":1},{"damage":0,"enemies":"2 Louse","floor":2,"turns":1},{"damage":0,"enemies":"Cultist","floor":3,"turns":1},{"damage":17,"enemies":"Large Slime","floor":4,"turns":6},{"damage":0,"enemies":"3 Louse","floor":5,"turns":3},{"damage":57,"enemies":"Lagavulin","floor":7,"turns":7},{"damage":0,"enemies":"Looter","floor":11,"turns":2},{"damage":0,"enemies":"Red Slaver","floor":13,"turns":3},{"damage":0,"enemies":"Blue Slaver","floor":14,"turns":2},{"damage":8,"enemies":"Slime Boss","floor":16,"turns":8},{"damage":13,"enemies":"3 Byrds","floor":18,"turns":4},{"damage":19,"enemies":"2 Thieves","floor":22,"turns":3},{"damage":9,"enemies":"Centurion and Healer","floor":24,"turns":5},{"damage":14,"enemies":"Book of Stabbing","floor":25,"turns":4},{"damage":0,"enemies":"Sentry and Sphere","floor":27,"turns":3},{"damage":19,"enemies":"Slavers","floor":28,"turns":1}],"seed_played":"4921997075173282689","potions_obtained":[{"floor":3,"key":"Regen Potion"},{"floor":4,"key":"Dexterity Potion"},{"floor":5,"key":"SneckoOil"},{"floor":16,"key":"Ancient Potion"}],"is_trial":false,"path_per_floor":["M","M","M","M","M","R","E","?","T","?","M","$","M","M","R","B",null,"M","?","?","$","M","R","M","E","T","M","E"],"character_chosen":"DEFECT","items_purchased":["Kunai","Go for the Eyes","Hologram"],"campfire_rested":1,"item_purchase_floors":[12,12,21],"current_hp_per_floor":[75,75,75,58,58,58,1,1,1,1,8,8,15,15,37,29,75,62,62,46,46,34,34,32,18,18,18,0],"gold":217,"neow_bonus":"THREE_ENEMY_KILL","is_prod":false,"is_daily":false,"chose_seed":false,"campfire_upgraded":2,"win_rate":0,"timestamp":1555708470,"path_taken":["M","M","M","M","M","R","E","?","T","?","M","$","M","?","R","BOSS","M","?","?","$","M","R","M","E","T","M","E"],"build_version":"2019-01-23","purchased_purges":0,"victory":false,"max_hp_per_floor":[75,75,75,75,75,75,75,75,75,75,75,75,75,75,75,75,75,75,75,75,75,75,75,75,75,75,75,75],"card_choices":[{"not_picked":["Stack","Compile Driver"],"picked":"Sweeping Beam","floor":1},{"not_picked":["Tempest","Compile Driver"],"picked":"All For One","floor":2},{"not_picked":["Steam","Consume"],"picked":"Go for the Eyes","floor":3},{"not_picked":["Steam Power","Barrage"],"picked":"Steam","floor":4},{"not_picked":["Scrape","All For One"],"picked":"Beam Cell","floor":5},{"not_picked":["Stack","Storm"],"picked":"Self Repair","floor":7},{"not_picked":["Barrage","Coolheaded"],"picked":"Leap","floor":11},{"not_picked":["Compile Driver","Heatsinks"],"picked":"Sweeping Beam","floor":13},{"not_picked":["Scrape","Stack"],"picked":"Auto Shields","floor":14},{"not_picked":["BootSequence+1","Streamline"],"picked":"Reprogram+1","floor":18},{"not_picked":["Conserve Battery","Redo"],"picked":"Skim+1","floor":22},{"not_picked":["Turbo","Rebound"],"picked":"Go for the Eyes+1","floor":24},{"not_picked":["Conserve Battery","Cold Snap"],"picked":"All For One","floor":25},{"not_picked":["Darkness+1","Redo"],"picked":"Leap+1","floor":27}],"player_experience":288566,"relics_obtained":[{"floor":7,"key":"Vajra"},{"floor":9,"key":"Bag of Marbles"},{"floor":20,"key":"Necronomicon"},{"floor":25,"key":"PreservedInsect"},{"floor":26,"key":"Molten Egg 2"}],"event_choices":[{"damage_healed":0,"gold_gain":80,"player_choice":"Gained Gold","damage_taken":0,"max_hp_gain":0,"max_hp_loss":0,"event_name":"Golden Wing","floor":8,"gold_loss":0},{"damage_healed":0,"gold_gain":0,"player_choice":"2 cards matched","damage_taken":0,"max_hp_gain":0,"max_hp_loss":0,"event_name":"Match and Keep!","floor":10,"gold_loss":0,"cards_obtained":["Ball Lightning","Dark Shackles"]},{"damage_healed":0,"gold_gain":0,"player_choice":"Read","damage_taken":0,"max_hp_gain":0,"max_hp_loss":0,"event_name":"The Library","floor":19,"gold_loss":0,"cards_obtained":["FTL"]},{"damage_healed":0,"gold_gain":0,"player_choice":"Obtained Book","damage_taken":16,"max_hp_gain":0,"max_hp_loss":0,"event_name":"Cursed Tome","floor":20,"gold_loss":0}],"is_beta":false,"boss_relics":[{"not_picked":["Eternal Feather","Nuclear Battery"],"picked":"Sozu"}],"items_purged_floors":[],"is_endless":false,"potions_floor_spawned":[3,4,5,16,24,25,27],"killed_by":"Slavers","ascension_level":3}