{"gold_per_floor":[360,320,334,334,334,366,366,272,321,321,334,334,364,394,394,495,495,507,405,320,320,340,340],"floor_reached":23,"playtime":848,"items_purged":[],"score":234,"play_id":"2fa59b42-e3af-41fa-9d6b-ff745b5e80d6","local_time":"20190428203546","is_ascension_mode":true,"campfire_choices":[{"floor":7,"key":"REST"},{"floor":10,"key":"REST"},{"data":"Blade Dance","floor":12,"key":"SMITH"},{"data":"A Thousand Cuts","floor":15,"key":"SMITH"}],"neow_cost":"TEN_PERCENT_HP_LOSS","seed_source_timestamp":940687981794700,"circlet_count":0,"master_deck":["Survivor","Neutralize","Accuracy","Accuracy","Blade Dance+1","Bane","Caltrops","Accuracy","Dagger Spray","Deflect","A Thousand Cuts+1","Night Terror","Dash","Night Terror","All Out Attack","Die Die Die","Bouncing Flask","Noxious Fumes","Wraith Form v2","Calculated Gamble","Venomology","Deadly Poison","Infinite Blades","Dash","Deadly Poison"],"relics":["Ring of the Snake","Du-Vu Doll","Pen Nib","Gremlin Horn","Pandora\u0027s Box","Bronze Scales"],"potions_floor_usage":[16],"damage_taken":[{"damage":0,"enemies":"Jaw Worm","floor":1,"turns":6},{"damage":0,"enemies":"Small Slimes","floor":3,"turns":3},{"damage":54,"enemies":"3 Sentries","floor":6,"turns":13},{"damage":1,"enemies":"2 Louse","floor":11,"turns":2},{"damage":13,"enemies":"Lagavulin","floor":13,"turns":5},{"damage":26,"enemies":"Hexaghost","floor":16,"turns":8},{"damage":22,"enemies":"Spheric Guardian","floor":18,"turns":4},{"damage":16,"enemies":"2 Thieves","floor":22,"turns":3},{"damage":30,"enemies":"Book of Stabbing","floor":23,"turns":3}],"seed_played":"5142152806049734100","potions_obtained":[{"floor":3,"key":"Weak Potion"},{"floor":16,"key":"Dexterity Potion"},{"floor":18,"key":"Weak Potion"}],"is_trial":false,"path_per_floor":["M","$","M","?","?","E","R","$","T","R","M","R","E","?","R","B",null,"M","$","?","?","M","E"],"character_chosen":"THE_SILENT","items_purchased":["Accuracy","Accuracy","Dagger Spray","Infinite Blades","Dash"],"campfire_rested":2,"item_purchase_floors":[2,8,8,19,19],"current_hp_per_floor":[63,63,63,63,68,14,34,34,34,54,53,53,40,40,40,14,68,46,46,46,46,30,0],"gold":340,"neow_bonus":"TWO_FIFTY_GOLD","is_prod":false,"is_daily":false,"chose_seed":false,"campfire_upgraded":2,"win_rate":0,"timestamp":1556476546,"path_taken":["M","$","M","?","?","E","R","?","T","R","M","R","E","?","R","BOSS","M","$","?","?","M","E"],"build_version":"2019-01-23","purchased_purges":0,"victory":false,"max_hp_per_floor":[63,63,63,63,68,68,68,68,68,68,68,68,68,68,68,68,68,68,68,68,68,68,68],"card_choices":[{"not_picked":["Underhanded Strike","Leg Sweep"],"picked":"Accuracy","floor":1},{"not_picked":["Dodge and Roll","Cloak And Dagger"],"picked":"Blade Dance","floor":3},{"not_picked":["Reflex","Bullet Time"],"picked":"Caltrops","floor":6},{"not_picked":["Acrobatics","Dash"],"picked":"Deflect","floor":11},{"not_picked":["Deadly Poison","Bouncing Flask"],"picked":"A Thousand Cuts","floor":13},{"not_picked":["Die Die Die","Doppelganger"],"picked":"Night Terror","floor":16},{"not_picked":["Outmaneuver","Underhanded Strike"],"picked":"Deadly Poison","floor":18},{"not_picked":["Calculated Gamble","Finisher"],"picked":"Deadly Poison","floor":22}],"player_experience":309210,"relics_obtained":[{"floor":6,"key":"Du-Vu Doll"},{"floor":9,"key":"Pen Nib"},{"floor":13,"key":"Gremlin Horn"}],"event_choices":[{"damage_healed":0,"gold_gain":0,"cards_transformed":["Strike_G"],"player_choice":"Change","damage_taken":0,"max_hp_gain":0,"max_hp_loss":0,"event_name":"Living Wall","floor":4,"gold_loss":0,"cards_obtained":["Bane"]},{"damage_healed":0,"gold_gain":0,"player_choice":"Donut","damage_taken":0,"max_hp_gain":5,"max_hp_loss":0,"event_name":"Big Fish","floor":5,"gold_loss":0},{"damage_healed":0,"gold_gain":30,"player_choice":"Searched \u00272\u0027 times","damage_taken":0,"max_hp_gain":0,"max_hp_loss":0,"event_name":"Dead Adventurer","floor":14,"gold_loss":0},{"damage_healed":0,"gold_gain":0,"player_choice":"Obtained Relic","damage_taken":0,"relics_obtained":["Bronze Scales"],"max_hp_gain":0,"max_hp_loss":0,"event_name":"Addict","floor":20,"gold_loss":85},{"damage_healed":0,"gold_gain":0,"player_choice":"Ignored","damage_taken":0,"max_hp_gain":0,"max_hp_loss":0,"event_name":"Beggar","floor":21,"gold_loss":0}],"is_beta":false,"boss_relics":[{"not_picked":["Lizard Tail","Eternal Feather"],"picked":"Pandora\u0027s Box"}],"items_purged_floors":[],"is_endless":false,"potions_floor_spawned":[3,16,18,22],"killed_by":"Book of Stabbing","ascension_level":4}