{"gold_per_floor":[118,10,10,10,20,53,53,87,114,114,146,156,170,204,204,300,300,311,330,230,244,24,24,24],"floor_reached":24,"playtime":870,"items_purged":["Strike_R","Havoc","Inflame"],"score":336,"play_id":"0dc5d3e5-cea9-4c0c-91a6-7ce0ebd8fa58","local_time":"20190824024303","is_ascension_mode":true,"campfire_choices":[{"data":"Cleave","floor":7,"key":"SMITH"},{"floor":15,"key":"REST"},{"floor":23,"key":"REST"}],"neow_cost":"NONE","seed_source_timestamp":287948223198900,"circlet_count":0,"master_deck":["Strike_R+1","Strike_R","Strike_R","Strike_R+1","Defend_R","Defend_R","Defend_R","Defend_R","Bash","Cleave+1","Infernal Blade","Demon Form","Ghostly Armor+1","Armaments+1","Infernal Blade","Shrug It Off"],"relics":["Burning Blood","NeowsBlessing","Oddly Smooth Stone","Strawberry","Boot","Self Forming Clay","Paper Frog","Runic Pyramid"],"potions_floor_usage":[11,14,16,19,19],"damage_taken":[{"damage":0,"enemies":"2 Louse","floor":1,"turns":1},{"damage":0,"enemies":"Small Slimes","floor":5,"turns":1},{"damage":0,"enemies":"Lagavulin","floor":6,"turns":1},{"damage":24,"enemies":"Gremlin Nob","floor":8,"turns":4},{"damage":34,"enemies":"Lagavulin","floor":11,"turns":5},{"damage":0,"enemies":"Cultist","floor":12,"turns":2},{"damage":19,"enemies":"Looter","floor":13,"turns":3},{"damage":20,"enemies":"Gremlin Nob","floor":14,"turns":3},{"damage":48,"enemies":"The Guardian","floor":16,"turns":10},{"damage":35,"enemies":"Spheric Guardian","floor":18,"turns":5},{"damage":15,"enemies":"3 Byrds","floor":19,"turns":6},{"damage":23,"enemies":"Centurion and Healer","floor":21,"turns":4},{"damage":61,"enemies":"Book of Stabbing","floor":24,"turns":7}],"seed_played":"564244169687962814","potions_obtained":[{"floor":1,"key":"SkillPotion"},{"floor":5,"key":"PowerPotion"},{"floor":13,"key":"LiquidBronze"},{"floor":16,"key":"Block Potion"},{"floor":18,"key":"Regen Potion"}],"is_trial":false,"path_per_floor":["M","$","?","$","M","E","R","E","T","?","E","M","M","E","R","B",null,"M","M","$","M","$","R","E"],"character_chosen":"IRONCLAD","items_purchased":["Inflame","Infernal Blade","Shrug It Off"],"campfire_rested":2,"item_purchase_floors":[2,22,22],"current_hp_per_floor":[78,78,62,62,68,74,74,63,63,87,59,65,52,38,64,22,71,42,48,48,31,31,57,0],"gold":24,"neow_bonus":"THREE_ENEMY_KILL","is_prod":false,"is_daily":false,"chose_seed":false,"campfire_upgraded":1,"win_rate":0,"timestamp":1566632583,"path_taken":["M","$","?","$","M","E","R","E","T","?","E","M","M","E","R","BOSS","M","M","$","M","$","R","E"],"build_version":"2019-07-17","purchased_purges":3,"victory":false,"max_hp_per_floor":[80,80,80,80,80,80,80,87,87,87,87,87,87,87,87,87,87,87,87,87,87,87,87,87],"card_choices":[{"not_picked":["Spot Weakness","Anger"],"picked":"Cleave","floor":1},{"not_picked":["Sever Soul","Thunderclap","Ghostly Armor"],"picked":"SKIP","floor":5},{"not_picked":["Armaments","Seeing Red","Second Wind"],"picked":"SKIP","floor":6},{"not_picked":["Body Slam","Uppercut","Burning Pact"],"picked":"SKIP","floor":8},{"not_picked":["Combust","Berserk","Intimidate"],"picked":"SKIP","floor":11},{"not_picked":["Iron Wave","Dropkick"],"picked":"Infernal Blade","floor":12},{"not_picked":["Warcry","Cleave"],"picked":"Havoc","floor":13},{"not_picked":["Barricade","Sword Boomerang"],"picked":"Demon Form","floor":14},{"not_picked":["Intimidate","Warcry"],"picked":"Ghostly Armor+1","floor":18},{"not_picked":["Dual Wield+1","Clothesline+1"],"picked":"Armaments+1","floor":19},{"not_picked":["Fire Breathing+1","Second Wind","Inflame"],"picked":"SKIP","floor":21}],"player_experience":301289,"relics_obtained":[{"floor":6,"key":"Oddly Smooth Stone"},{"floor":8,"key":"Strawberry"},{"floor":9,"key":"Boot"},{"floor":11,"key":"Self Forming Clay"},{"floor":14,"key":"Paper Frog"}],"event_choices":[{"damage_healed":0,"gold_gain":0,"player_choice":"Entered Light","damage_taken":16,"max_hp_gain":0,"max_hp_loss":0,"event_name":"Shining Light","floor":3,"gold_loss":0,"cards_upgraded":["Strike_R","Strike_R"]},{"damage_healed":29,"gold_gain":0,"player_choice":"Banana","damage_taken":0,"max_hp_gain":0,"max_hp_loss":0,"event_name":"Big Fish","floor":10,"gold_loss":0}],"is_beta":false,"boss_relics":[{"not_picked":["Eternal Feather","Astrolabe"],"picked":"Runic Pyramid"}],"items_purged_floors":[2,20,22],"is_endless":false,"potions_floor_spawned":[1,5,13,16,18],"killed_by":"Book of Stabbing","ascension_level":7}