{"gold_per_floor":[118,118,135,66,16,16,36,36,60,118,4,4,29,45,45,45],"floor_reached":16,"playtime":521,"items_purged":[],"score":135,"play_id":"5626e6cc-8df1-4861-9110-8e597bb2f430","local_time":"20190825103712","is_ascension_mode":true,"campfire_choices":[{"data":"Entrench","floor":6.0,"key":"SMITH"},{"data":"Feel No Pain","floor":8,"key":"SMITH"},{"floor":15,"key":"REST"}],"neow_cost":"NONE","seed_source_timestamp":2184657721400,"circlet_count":0,"master_deck":["Strike_R","Strike_R","Strike_R","Strike_R","Strike_R","Defend_R","Defend_R","Defend_R","Defend_R","Inflame","Entrench+1","Rage","Feel No Pain+1","Infernal Blade","True Grit","Inflame","Offering","Rupture","Armaments"],"special_seed":0,"relics":["Burning Blood","Dream Catcher","Pen Nib","Tiny Chest","Darkstone Periapt","Bag of Marbles"],"potions_floor_usage":[10,10,10,13,16],"damage_taken":[{"damage":12.0,"enemies":"Jaw Worm","floor":1.0,"turns":2.0},{"damage":6.0,"enemies":"Cultist","floor":3.0,"turns":3.0},{"damage":0,"enemies":"2 Louse","floor":7,"turns":3},{"damage":61,"enemies":"Lagavulin","floor":10,"turns":7},{"damage":16,"enemies":"3 Sentries","floor":13,"turns":11},{"damage":10,"enemies":"Blue Slaver","floor":14,"turns":4},{"damage":39,"enemies":"The Guardian","floor":16,"turns":9}],"seed_played":"7040303649077391180","potions_obtained":[{"floor":2.0,"key":"SteroidPotion"},{"floor":2.0,"key":"GamblersBrew"},{"floor":2.0,"key":"SteroidPotion"},{"floor":3.0,"key":"Energy Potion"},{"floor":7,"key":"PowerPotion"},{"floor":10,"key":"Explosive Potion"},{"floor":14,"key":"SkillPotion"}],"is_trial":false,"path_per_floor":["M","?","M","$","?","R","M","R","T","E","$","T","E","M","R","B"],"character_chosen":"IRONCLAD","items_purchased":["Rage","True Grit","Inflame"],"campfire_rested":1,"item_purchase_floors":[4,11,11],"current_hp_per_floor":[74,74,74,74,74,74,80,80,80,25,25,25,15,11,35,0],"gold":45,"neow_bonus":"RANDOM_COMMON_RELIC","is_prod":false,"is_daily":false,"chose_seed":false,"campfire_upgraded":2,"win_rate":0,"timestamp":1566743832,"path_taken":["M","?","?","?","?","R","M","R","T","E","$","?","E","M","R","BOSS"],"build_version":"2019-07-17","purchased_purges":0,"victory":false,"max_hp_per_floor":[80,80,80,80,80,80,80,80,80,80,80,80,80,80,80,80],"card_choices":[{"not_picked":["Wild Strike","True Grit"],"picked":"Inflame","floor":1.0},{"not_picked":["Battle Trance","Hemokinesis"],"picked":"Entrench","floor":3.0},{"not_picked":["Heavy Blade","Thunderclap"],"picked":"Feel No Pain","floor":7},{"not_picked":["Second Wind","Armaments"],"picked":"Infernal Blade","floor":10},{"not_picked":["Body Slam","Clash"],"picked":"Offering","floor":13},{"not_picked":["Warcry","Twin Strike"],"picked":"Rupture","floor":14},{"not_picked":["Body Slam","Pommel Strike"],"picked":"Armaments","floor":15}],"player_experience":642485,"relics_obtained":[{"floor":9,"key":"Pen Nib"},{"floor":10,"key":"Tiny Chest"},{"floor":12,"key":"Darkstone Periapt"},{"floor":13,"key":"Bag of Marbles"}],"event_choices":[{"damage_healed":0.0,"max_hp_gain":0.0,"max_hp_loss":0.0,"gold_gain":0.0,"event_name":"Lab","player_choice":"Got Potions","floor":2.0,"gold_loss":0.0,"damage_taken":0.0},{"cards_removed":["Bash"],"damage_healed":0.0,"max_hp_gain":0.0,"max_hp_loss":0.0,"gold_gain":0.0,"event_name":"The Cleric","player_choice":"Card Removal","floor":5.0,"gold_loss":50.0,"damage_taken":0.0}],"is_beta":false,"boss_relics":[],"items_purged_floors":[],"is_endless":false,"potions_floor_spawned":[3,7,10,14],"killed_by":"The Guardian","ascension_level":5}