{"gold_per_floor":[119,119,39,52,67,67,87,87,87,87,101,114,141,158,158,259,259,277,377,396,396,426,426],"floor_reached":23,"playtime":1037,"items_purged":[],"score":309,"play_id":"62fa934a-d882-44ce-b5dd-4d8dd0075db9","local_time":"20191021105719","is_ascension_mode":true,"campfire_choices":[{"data":"True Grit","floor":6.0,"key":"SMITH"},{"floor":8.0,"key":"REST"},{"data":"Rampage","floor":15.0,"key":"SMITH"}],"neow_cost":"TEN_PERCENT_HP_LOSS","seed_source_timestamp":234573033580500,"circlet_count":0,"master_deck":["AscendersBane","Strike_R","Strike_R","Strike_R","Strike_R","Strike_R","Defend_R","Defend_R","Defend_R","Defend_R+1","Bash","Fiend Fire","Pommel Strike","Rampage+1","Madness","Exhume+1","Metallicize","True Grit+1","Fire Breathing","Body Slam","Entrench+1","Corruption","Immolate","Havoc+1","Barricade","Rampage","Infernal Blade+1","Flame Barrier+1"],"special_seed":0,"relics":["Black Blood","Toxic Egg 2","Meat on the Bone","War Paint","Red Mask"],"potions_floor_usage":[],"damage_taken":[{"damage":3.0,"enemies":"2 Louse","floor":1.0,"turns":2.0},{"damage":5.0,"enemies":"Cultist","floor":4.0,"turns":4.0},{"damage":4.0,"enemies":"Small Slimes","floor":5.0,"turns":4.0},{"damage":26.0,"enemies":"2 Fungi Beasts","floor":7.0,"turns":5.0},{"damage":12.0,"enemies":"Red Slaver","floor":11.0,"turns":4.0},{"damage":30.0,"enemies":"Large Slime","floor":12.0,"turns":9.0},{"damage":26.0,"enemies":"Gremlin Nob","floor":13.0,"turns":4.0},{"damage":10.0,"enemies":"Exordium Wildlife","floor":14.0,"turns":5.0},{"damage":31.0,"enemies":"Slime Boss","floor":16.0,"turns":10.0},{"damage":41.0,"enemies":"Spheric Guardian","floor":18.0,"turns":8.0},{"damage":34.0,"enemies":"Chosen","floor":20.0,"turns":8.0},{"damage":53.0,"enemies":"Masked Bandits","floor":22.0,"turns":6.0},{"damage":35,"enemies":"Book of Stabbing","floor":23,"turns":4}],"seed_played":"4941011074730499147","potions_obtained":[{"floor":5.0,"key":"SteroidPotion"},{"floor":11.0,"key":"LiquidBronze"},{"floor":12.0,"key":"SpeedPotion"},{"floor":13.0,"key":"AttackPotion"},{"floor":18.0,"key":"Dexterity Potion"}],"is_trial":false,"path_per_floor":["M","?","$","M","M","R","M","R","T","?","M","M","E","M","R","B",null,"M","?","M","?","?","E"],"character_chosen":"IRONCLAD","items_purchased":["Metallicize"],"campfire_rested":1,"item_purchase_floors":[3],"current_hp_per_floor":[72,72,72,72,72,72,52,72,72,72,66,54,46,54,54,41,64,45,45,33,57,26,0],"gold":426,"neow_bonus":"THREE_RARE_CARDS","is_prod":false,"is_daily":false,"chose_seed":false,"campfire_upgraded":2,"win_rate":0,"timestamp":1571669839,"path_taken":["M","?","?","M","?","R","M","R","T","?","M","M","E","M","R","BOSS","M","?","?","?","?","E"],"build_version":"2019-07-17","purchased_purges":0,"victory":false,"max_hp_per_floor":[72,72,72,72,72,72,72,72,72,72,72,72,72,72,72,72,72,72,72,72,72,72,72],"card_choices":[{"not_picked":["Reaper","Exhume"],"picked":"Fiend Fire","floor":0.0},{"not_picked":["Havoc","Heavy Blade"],"picked":"Pommel Strike","floor":1.0},{"not_picked":["Seeing Red","Shrug It Off"],"picked":"True Grit","floor":4.0},{"not_picked":["Clothesline","Perfected Strike"],"picked":"Fire Breathing","floor":5.0},{"not_picked":["Whirlwind","Rupture"],"picked":"Body Slam","floor":7.0},{"not_picked":["Thunderclap","True Grit+1"],"picked":"Entrench+1","floor":11.0},{"not_picked":["Rupture","Intimidate+1"],"picked":"Corruption","floor":12.0},{"not_picked":["Seeing Red+1","Searing Blow"],"picked":"Immolate","floor":13.0},{"not_picked":["Cleave","Twin Strike"],"picked":"Havoc+1","floor":14.0},{"not_picked":["Double Tap+1","Reaper"],"picked":"Barricade","floor":16.0},{"not_picked":["Blood for Blood","Flame Barrier+1"],"picked":"Rampage","floor":18.0},{"not_picked":["Cleave","Twin Strike"],"picked":"Infernal Blade+1","floor":20.0},{"not_picked":["Perfected Strike","Thunderclap"],"picked":"Flame Barrier+1","floor":22.0}],"player_experience":742820,"relics_obtained":[{"floor":9.0,"key":"Toxic Egg 2"},{"floor":13.0,"key":"War Paint"},{"floor":22.0,"key":"Red Mask"}],"event_choices":[{"damage_healed":0.0,"max_hp_gain":0.0,"max_hp_loss":0.0,"gold_gain":0.0,"event_name":"Match and Keep!","player_choice":"3 cards matched","floor":2.0,"gold_loss":0.0,"damage_taken":0.0,"cards_obtained":["Rampage","Madness","Exhume"]},{"damage_healed":0.0,"max_hp_gain":0.0,"max_hp_loss":0.0,"gold_gain":0.0,"event_name":"Dead Adventurer","player_choice":"Searched \u00272\u0027 times","floor":10.0,"gold_loss":0.0,"damage_taken":0.0,"relics_obtained":["Meat on the Bone"]},{"damage_healed":0.0,"max_hp_gain":0.0,"max_hp_loss":0.0,"gold_gain":100.0,"event_name":"Golden Shrine","player_choice":"Pray","floor":19.0,"gold_loss":0.0,"damage_taken":0.0},{"damage_healed":24.0,"max_hp_gain":0.0,"max_hp_loss":0.0,"gold_gain":0.0,"event_name":"The Library","player_choice":"Heal","floor":21.0,"gold_loss":0.0,"damage_taken":0.0},{"damage_healed":0.0,"max_hp_gain":0.0,"max_hp_loss":0.0,"gold_gain":0.0,"event_name":"Masked Bandits","player_choice":"Fought Bandits","floor":22.0,"gold_loss":0.0,"damage_taken":0.0}],"is_beta":false,"boss_relics":[{"not_picked":["Cursed Key","Lizard Tail"],"picked":"Black Blood"}],"items_purged_floors":[],"is_endless":false,"potions_floor_spawned":[5,11,12,13,18],"killed_by":"Book of Stabbing","ascension_level":12}