{"gold_per_floor":[116,41,41,55,55,65,65,40,40,57,88,98,118,118,118,214,214,234,42,54,54,54,54,66,66,147,246,246,146,146,0,0,0],"floor_reached":33,"playtime":768,"items_purged":["Strike_R","Strike_R"],"score":304,"play_id":"1ed1a934-aa1a-40c0-9084-b3f8afee9e74","local_time":"20190812015743","is_ascension_mode":true,"campfire_choices":[{"data":"Body Slam","floor":7,"key":"SMITH"},{"floor":15,"key":"REST"},{"floor":23,"key":"REST"},{"floor":25,"key":"REST"},{"data":"Cloak And Dagger","floor":28,"key":"SMITH"},{"floor":32,"key":"REST"}],"neow_cost":"TEN_PERCENT_HP_LOSS","seed_source_timestamp":83168849144990,"circlet_count":0,"master_deck":["Strike_R","Strike_R","Strike_R","Defend_R","Defend_R","Defend_R","Defend_R","Bash+1","Body Slam+1","Clash","Body Slam+1","Cloak And Dagger+1"],"relics":["Burning Blood","Incense Burner","FaceOfCleric","Turnip","Darkstone Periapt","Orrery","PrismaticShard","Nloth\u0027s Gift","Question Card","Omamori"],"potions_floor_usage":[11,16,24,33,33],"damage_taken":[{"damage":6,"enemies":"Cultist","floor":1,"turns":4},{"damage":5,"enemies":"2 Louse","floor":4,"turns":4},{"damage":8,"enemies":"Small Slimes","floor":6,"turns":3},{"damage":15,"enemies":"Gremlin Gang","floor":10,"turns":5},{"damage":17,"enemies":"Gremlin Nob","floor":11,"turns":4},{"damage":8,"enemies":"Blue Slaver","floor":12,"turns":3},{"damage":4,"enemies":"3 Louse","floor":13,"turns":4},{"damage":63,"enemies":"The Guardian","floor":16,"turns":13},{"damage":30,"enemies":"2 Thieves","floor":18,"turns":5},{"damage":19,"enemies":"Spheric Guardian","floor":20,"turns":6},{"damage":14,"enemies":"Snake Plant","floor":24,"turns":4},{"damage":94,"enemies":"Collector","floor":33,"turns":6}],"seed_played":"1075492398628721858","potions_obtained":[{"floor":1,"key":"GamblersBrew"},{"floor":6,"key":"Ancient Potion"},{"floor":12,"key":"Dexterity Potion"},{"floor":18,"key":"GamblersBrew"},{"floor":20,"key":"PowerPotion"}],"is_trial":false,"path_per_floor":["M","$","?","M","?","M","R","$","T","M","E","M","M","?","R","B",null,"M","$","M","$","?","R","M","R","T","?","R","$","?","$","R","B"],"character_chosen":"IRONCLAD","items_purchased":["Clash","PrismaticShard","Omamori"],"campfire_rested":4,"item_purchase_floors":[8,19,31],"current_hp_per_floor":[72,72,72,73,70,69,69,69,69,61,51,50,53,53,76,20,64,41,41,29,29,29,53,46,70,70,70,70,70,54,54,80,0],"gold":0,"neow_bonus":"ONE_RARE_RELIC","is_prod":false,"is_daily":false,"chose_seed":false,"campfire_upgraded":2,"win_rate":0,"timestamp":1565593063,"path_taken":["M","?","?","?","?","M","R","$","T","M","E","M","M","?","R","BOSS","M","$","?","?","?","R","?","R","T","?","R","$","?","?","R","BOSS"],"build_version":"2019-07-17","purchased_purges":2,"victory":false,"max_hp_per_floor":[72,72,72,73,73,74,74,74,74,75,76,77,78,78,78,79,79,80,80,81,81,81,81,82,82,82,82,82,82,87,87,87,87],"card_choices":[{"not_picked":["Spot Weakness","Thunderclap"],"picked":"Body Slam","floor":1},{"not_picked":["Entrench","Spot Weakness","Thunderclap"],"picked":"SKIP","floor":4},{"not_picked":["Metallicize","Perfected Strike","Flex"],"picked":"SKIP","floor":6},{"not_picked":["Flex","Seeing Red","Twin Strike"],"picked":"SKIP","floor":10},{"not_picked":["Rampage","Uppercut","Flex"],"picked":"SKIP","floor":11},{"not_picked":["Iron Wave","Cleave","Wild Strike"],"picked":"SKIP","floor":12},{"not_picked":["Ghostly Armor","Uppercut","Shrug It Off"],"picked":"SKIP","floor":13},{"not_picked":["Headbutt","Armaments"],"picked":"Body Slam+1","floor":18},{"not_picked":["Eviscerate","Underhanded Strike+1"],"picked":"Cloak And Dagger","floor":20},{"not_picked":["Feel No Pain","Spot Weakness","Doppelganger"],"picked":"SKIP","floor":24}],"player_experience":283844,"relics_obtained":[{"floor":9,"key":"Darkstone Periapt"},{"floor":11,"key":"Dead Branch"},{"floor":26,"key":"Question Card"}],"event_choices":[{"damage_healed":0,"gold_gain":0,"player_choice":"Trade","damage_taken":0,"relics_obtained":["FaceOfCleric"],"max_hp_gain":0,"max_hp_loss":0,"event_name":"FaceTrader","floor":3,"gold_loss":0},{"damage_healed":0,"gold_gain":0,"player_choice":"Success","damage_taken":3,"relics_obtained":["Turnip"],"max_hp_gain":0,"max_hp_loss":0,"event_name":"Scrap Ooze","floor":5,"gold_loss":0},{"damage_healed":0,"gold_gain":0,"player_choice":"Forge","damage_taken":0,"max_hp_gain":0,"max_hp_loss":0,"event_name":"Accursed Blacksmith","floor":14,"gold_loss":0,"cards_upgraded":["Bash"]},{"damage_healed":0,"gold_gain":0,"player_choice":"Traded Relic","damage_taken":0,"relics_obtained":["Nloth\u0027s Gift"],"max_hp_gain":0,"max_hp_loss":0,"event_name":"N\u0027loth","floor":22,"relics_lost":["Dead Branch"],"gold_loss":0},{"damage_healed":0,"gold_gain":99,"player_choice":"Stole From Cult","damage_taken":0,"max_hp_gain":0,"max_hp_loss":0,"event_name":"Nest","floor":27,"gold_loss":0},{"damage_healed":0,"gold_gain":0,"player_choice":"Shed Blood","damage_taken":21,"max_hp_gain":5,"max_hp_loss":0,"event_name":"Forgotten Altar","floor":30,"gold_loss":0}],"is_beta":false,"boss_relics":[{"not_picked":["Black Star","Mark of Pain"],"picked":"Orrery"}],"items_purged_floors":[2,29],"is_endless":false,"potions_floor_spawned":[1,6,12,18,20],"killed_by":"Collector","ascension_level":5}