{"gold_per_floor":[111,36,36,48,63,63,74,74,74,84,84,104,26,26,26,121,121,133,146,146,166,97,97,115,115,115,115,115,127,127,143,143,143],"floor_reached":33,"playtime":1910,"items_purged":["Strike_R"],"score":239,"play_id":"f7990763-1b2b-4112-a640-4968091827b3","local_time":"20191019142913","is_ascension_mode":false,"campfire_choices":[{"data":"Fiend Fire","floor":6.0,"key":"SMITH"},{"data":"True Grit","floor":8.0,"key":"SMITH"},{"data":"Flex","floor":11.0,"key":"SMITH"},{"data":"Searing Blow","floor":15.0,"key":"SMITH"},{"data":"Searing Blow+1","floor":23.0,"key":"SMITH"},{"data":"Searing Blow+2","floor":25.0,"key":"SMITH"},{"data":"Searing Blow+3","floor":28.0,"key":"SMITH"},{"data":"Searing Blow+4","floor":30.0,"key":"SMITH"},{"data":"Searing Blow+5","floor":32.0,"key":"SMITH"}],"neow_cost":"NONE","seed_source_timestamp":0,"circlet_count":0,"master_deck":["Strike_R","Strike_R","Strike_R","Defend_R","Defend_R","Defend_R","Defend_R","Bash","Fiend Fire","Dropkick","Fiend Fire+1","Clothesline","Thunderclap","True Grit+1","Flex+1","Searing Blow+6","Offering+1","Burning Pact","Flame Barrier+1","Twin Strike","Power Through","Battle Trance","Writhe","Searing Blow+3","Armaments"],"special_seed":0,"relics":["Burning Blood","Red Skull","Cursed Key","Molten Egg 2"],"potions_floor_usage":[33,33,33],"damage_taken":[{"damage":0.0,"enemies":"Small Slimes","floor":1.0,"turns":5.0},{"damage":6.0,"enemies":"Cultist","floor":4.0,"turns":3.0},{"damage":3.0,"enemies":"2 Louse","floor":5.0,"turns":3.0},{"damage":5.0,"enemies":"Lots of Slimes","floor":7.0,"turns":3.0},{"damage":7.0,"enemies":"Large Slime","floor":10.0,"turns":3.0},{"damage":10.0,"enemies":"Exordium Thugs","floor":12.0,"turns":3.0},{"damage":58.0,"enemies":"The Guardian","floor":16.0,"turns":18.0},{"damage":11.0,"enemies":"Chosen","floor":18.0,"turns":3.0},{"damage":20.0,"enemies":"Shell Parasite","floor":19.0,"turns":6.0},{"damage":14.0,"enemies":"Sentry and Sphere","floor":21.0,"turns":6.0},{"damage":18.0,"enemies":"Centurion and Healer","floor":24.0,"turns":3.0},{"damage":6.0,"enemies":"Snecko","floor":29.0,"turns":4.0},{"damage":7.0,"enemies":"Chosen and Byrds","floor":31.0,"turns":2.0},{"damage":40,"enemies":"Automaton","floor":33,"turns":6}],"seed_played":"-1803830873055201299","potions_obtained":[{"floor":7.0,"key":"Fire Potion"},{"floor":12.0,"key":"SpeedPotion"},{"floor":14.0,"key":"Energy Potion"},{"floor":14.0,"key":"Weak Potion"},{"floor":16.0,"key":"Energy Potion"}],"is_trial":false,"path_per_floor":["M","$","?","M","M","R","M","R","T","M","R","M","$","?","R","B",null,"M","M","?","M","$","R","M","R","T","?","R","M","R","M","R","B"],"character_chosen":"IRONCLAD","items_purchased":["Searing Blow","Power Through"],"campfire_rested":0,"item_purchase_floors":[13,22],"current_hp_per_floor":[80,80,80,80,80,80,80,80,80,79,79,75,75,75,75,23,80,75,61,61,53,53,53,41,41,41,41,41,41,41,40,40,0],"gold":143,"neow_bonus":"ONE_RANDOM_RARE_CARD","is_prod":false,"is_daily":false,"chose_seed":false,"campfire_upgraded":9,"win_rate":0.0,"timestamp":1571509753,"path_taken":["M","$","?","M","M","R","M","R","T","M","R","?","?","?","R","BOSS","M","?","?","M","?","R","M","R","T","?","R","?","R","M","R","BOSS"],"build_version":"2019-07-17","purchased_purges":1,"victory":false,"max_hp_per_floor":[80,80,80,80,80,80,80,80,80,80,80,80,80,80,80,80,80,80,80,80,80,80,80,80,80,80,80,80,80,80,80,80,80],"card_choices":[{"not_picked":["Anger","Intimidate"],"picked":"Dropkick","floor":1.0},{"not_picked":["Combust","Warcry"],"picked":"Clothesline","floor":4.0},{"not_picked":["Twin Strike","Rampage"],"picked":"Thunderclap","floor":5.0},{"not_picked":["Twin Strike","Berserk"],"picked":"True Grit","floor":7.0},{"not_picked":["Perfected Strike","Sever Soul"],"picked":"Flex","floor":10.0},{"not_picked":["True Grit","Bloodletting","Flex"],"picked":"SKIP","floor":12.0},{"not_picked":["Juggernaut","Double Tap"],"picked":"Offering","floor":16.0},{"not_picked":["Sword Boomerang","Feel No Pain"],"picked":"Burning Pact","floor":18.0},{"not_picked":["Pommel Strike","Perfected Strike+1"],"picked":"Flame Barrier+1","floor":19.0},{"not_picked":["Rupture","Flame Barrier"],"picked":"Twin Strike","floor":21.0},{"not_picked":["Perfected Strike+1","Feel No Pain"],"picked":"Battle Trance","floor":24.0},{"not_picked":["Hemokinesis+1","Intimidate","Flex"],"picked":"SKIP","floor":29.0},{"not_picked":["Clothesline+1","Reckless Charge+1"],"picked":"Armaments","floor":31.0}],"player_experience":5251,"relics_obtained":[{"floor":9.0,"key":"Red Skull"},{"floor":26.0,"key":"Molten Egg 2"}],"event_choices":[{"damage_healed":0.0,"max_hp_gain":0.0,"max_hp_loss":0.0,"gold_gain":0.0,"cards_transformed":["Strike_R"],"event_name":"Transmorgrifier","player_choice":"Transformed","floor":3.0,"gold_loss":0.0,"damage_taken":0.0,"cards_obtained":["Fiend Fire"]},{"damage_healed":0.0,"max_hp_gain":0.0,"max_hp_loss":0.0,"gold_gain":0.0,"event_name":"Lab","player_choice":"Got Potions","floor":14.0,"gold_loss":0.0,"damage_taken":0.0},{"damage_healed":0.0,"max_hp_gain":0.0,"max_hp_loss":0.0,"gold_gain":0.0,"event_name":"Accursed Blacksmith","player_choice":"Forge","floor":20.0,"gold_loss":0.0,"damage_taken":0.0,"cards_upgraded":["Offering"]},{"damage_healed":0.0,"max_hp_gain":0.0,"max_hp_loss":0.0,"gold_gain":0.0,"event_name":"Duplicator","player_choice":"Copied","floor":27.0,"gold_loss":0.0,"damage_taken":0.0,"cards_obtained":["Searing Blow"]}],"is_beta":false,"boss_relics":[{"not_picked":["Orrery","Runic Pyramid"],"picked":"Cursed Key"}],"items_purged_floors":[2],"is_endless":false,"potions_floor_spawned":[7,12,16,21,31],"killed_by":"Automaton","ascension_level":0}