{"gold_per_floor":[111,124,74,149,164,164,191,191],"floor_reached":8,"playtime":200,"items_purged":[],"score":76,"play_id":"a6ab9cbf-0a75-4980-a7e7-2c7ba69fd4a4","local_time":"20190825200951","is_ascension_mode":true,"campfire_choices":[{"data":"Bash","floor":6,"key":"SMITH"}],"neow_cost":"NONE","seed_source_timestamp":437842416406000,"circlet_count":0,"master_deck":["Strike_R","Strike_R","Strike_R","Strike_R","Defend_R","Defend_R","Defend_R","Defend_R","Bash+1","Sentinel","Shrug It Off","Dropkick"],"relics":["Burning Blood","NeowsBlessing","Sundial"],"potions_floor_usage":[7],"damage_taken":[{"damage":0,"enemies":"Jaw Worm","floor":1,"turns":1},{"damage":0,"enemies":"Small Slimes","floor":2,"turns":1},{"damage":0,"enemies":"2 Louse","floor":5,"turns":1},{"damage":42,"enemies":"3 Sentries","floor":7,"turns":11},{"damage":17,"enemies":"Exordium Wildlife","floor":8,"turns":4}],"seed_played":"2799329102273126430","potions_obtained":[{"floor":1,"key":"SkillPotion"},{"floor":2,"key":"SpeedPotion"},{"floor":7,"key":"Block Potion"}],"is_trial":false,"path_per_floor":["M","M","?","?","M","R","E","M"],"character_chosen":"IRONCLAD","items_purchased":[],"campfire_rested":0,"item_purchase_floors":[],"current_hp_per_floor":[78,80,80,69,75,75,39,22],"gold":191,"neow_bonus":"THREE_ENEMY_KILL","is_prod":false,"is_daily":false,"chose_seed":false,"campfire_upgraded":1,"win_rate":0,"timestamp":1566781791,"path_taken":["M","M","?","?","M","R","E","M"],"build_version":"2019-07-17","purchased_purges":0,"victory":false,"max_hp_per_floor":[80,80,80,80,80,80,80,80],"card_choices":[{"not_picked":["Twin Strike","Burning Pact"],"picked":"Sentinel","floor":1},{"not_picked":["Wild Strike","Heavy Blade"],"picked":"Shrug It Off","floor":2},{"not_picked":["Wild Strike","Dual Wield","Iron Wave"],"picked":"SKIP","floor":5},{"not_picked":["Whirlwind","Combust"],"picked":"Dropkick","floor":7}],"player_experience":305976,"relics_obtained":[{"floor":7,"key":"Sundial"}],"event_choices":[{"cards_removed":["Strike_R"],"damage_healed":0,"gold_gain":0,"player_choice":"Card Removal","damage_taken":0,"max_hp_gain":0,"max_hp_loss":0,"event_name":"The Cleric","floor":3,"gold_loss":50},{"damage_healed":0,"gold_gain":75,"player_choice":"Gather Gold","damage_taken":11,"max_hp_gain":0,"max_hp_loss":0,"event_name":"World of Goop","floor":4,"gold_loss":0}],"is_beta":false,"boss_relics":[],"items_purged_floors":[],"is_endless":false,"potions_floor_spawned":[1,2,7],"killed_by":"Exordium Wildlife","ascension_level":7}