{"gold_per_floor":[110,110,133,133,156,156,197,197,221,221,221,96,96,110,110,230,230,253,66,86,86],"floor_reached":21,"playtime":501,"items_purged":["Injury"],"score":248,"play_id":"76efb93a-9c0a-409d-bdd4-7f3fadd060b4","local_time":"20191018003323","is_ascension_mode":true,"campfire_choices":[{"data":"Bash","floor":6,"key":"SMITH"},{"data":"Carnage","floor":8,"key":"SMITH"},{"data":"Armaments","floor":15,"key":"SMITH"}],"neow_cost":"NONE","seed_source_timestamp":474636333999900,"circlet_count":0,"master_deck":["Strike_R","Strike_R","Strike_R+1","Strike_R","Strike_R","Defend_R","Defend_R","Defend_R+1","Defend_R","Bash+1","Carnage+1","Parasite","Armaments+1","Rampage"],"relics":["Black Blood","NeowsBlessing","Golden Idol","Blood Vial","Question Card","Lantern","Bottled Flame","Red Skull"],"potions_floor_usage":[7,14,20],"damage_taken":[{"damage":0,"enemies":"2 Louse","floor":1,"turns":1},{"damage":0,"enemies":"Small Slimes","floor":3,"turns":1},{"damage":0,"enemies":"Cultist","floor":5,"turns":1},{"damage":45,"enemies":"3 Sentries","floor":7,"turns":8},{"damage":6,"enemies":"Looter","floor":14,"turns":3},{"damage":44,"enemies":"The Guardian","floor":16,"turns":12},{"damage":33,"enemies":"Shell Parasite","floor":18,"turns":4},{"damage":11,"enemies":"Spheric Guardian","floor":20,"turns":3},{"damage":60,"enemies":"Cultist and Chosen","floor":21,"turns":5}],"seed_played":"-7579196921334806140","potions_obtained":[{"floor":3,"key":"SkillPotion"},{"floor":5,"key":"AttackPotion"},{"floor":14,"key":"Fruit Juice"},{"floor":16,"key":"Swift Potion"}],"is_trial":false,"path_per_floor":["M","?","M","?","M","R","E","R","T","?","?","$","T","M","R","B",null,"M","$","M","M"],"character_chosen":"IRONCLAD","items_purchased":["Armaments","Rampage","Red Skull"],"campfire_rested":0,"item_purchase_floors":[12,19,19],"current_hp_per_floor":[78,78,80,80,80,80,41,41,41,25,45,45,45,52,52,16,68,47,47,48,0],"gold":86,"neow_bonus":"THREE_ENEMY_KILL","is_prod":false,"is_daily":false,"chose_seed":false,"campfire_upgraded":3,"win_rate":0,"timestamp":1571376803,"path_taken":["M","?","M","?","?","R","E","R","T","?","?","$","?","M","R","BOSS","M","$","M","M"],"build_version":"2019-07-17","purchased_purges":1,"victory":false,"max_hp_per_floor":[80,80,80,80,80,80,80,80,80,80,80,80,80,85,85,85,85,85,85,85,85],"card_choices":[{"not_picked":["Perfected Strike","Headbutt","Bloodletting"],"picked":"SKIP","floor":1},{"not_picked":["Bloodletting","Sword Boomerang","Rage"],"picked":"SKIP","floor":3},{"not_picked":["Iron Wave","Rage"],"picked":"Carnage","floor":5},{"not_picked":["Combust","Perfected Strike","Rage"],"picked":"SKIP","floor":7},{"not_picked":["Exhume","Clash","Body Slam","Infernal Blade"],"picked":"SKIP","floor":14},{"not_picked":["Warcry","Pommel Strike","Anger","Power Through"],"picked":"SKIP","floor":18},{"not_picked":["Armaments","Hemokinesis","Second Wind","Anger+1"],"picked":"SKIP","floor":20}],"player_experience":317000,"relics_obtained":[{"floor":7,"key":"Question Card"},{"floor":9,"key":"Lantern"},{"floor":13,"key":"Bottled Flame"}],"event_choices":[{"damage_healed":0,"gold_gain":0,"player_choice":"Take Wound","damage_taken":0,"relics_obtained":["Golden Idol"],"max_hp_gain":0,"max_hp_loss":0,"event_name":"Golden Idol","floor":2,"gold_loss":0,"cards_obtained":["Injury"]},{"damage_healed":0,"gold_gain":0,"player_choice":"Gave Potion","damage_taken":0,"relics_obtained":["Blood Vial"],"max_hp_gain":0,"max_hp_loss":0,"event_name":"WeMeetAgain","floor":4,"gold_loss":0},{"damage_healed":0,"gold_gain":0,"player_choice":"Entered Light","damage_taken":16,"max_hp_gain":0,"max_hp_loss":0,"event_name":"Shining Light","floor":10,"gold_loss":0,"cards_upgraded":["Defend_R","Strike_R"]},{"damage_healed":20,"gold_gain":0,"player_choice":"Healed and dodged fight","damage_taken":0,"max_hp_gain":0,"max_hp_loss":0,"event_name":"Mushrooms","floor":11,"gold_loss":0,"cards_obtained":["Parasite"]}],"is_beta":false,"boss_relics":[{"not_picked":["Runic Dome","Eternal Feather"],"picked":"Black Blood"}],"items_purged_floors":[12],"is_endless":false,"potions_floor_spawned":[3,5,14,16],"killed_by":"Cultist and Chosen","ascension_level":8}