{"gold_per_floor":[113,113,128,128,142,142,317,317,317,346,346,20,20,31,31,31],"floor_reached":16,"playtime":268,"items_purged":["Doubt"],"score":132,"play_id":"6677b9ee-e16c-4853-95f4-7ed91709e6d6","local_time":"20190813224736","is_ascension_mode":true,"campfire_choices":[{"data":"Inflame","floor":6,"key":"SMITH"},{"data":"Strike_R","floor":8,"key":"SMITH"},{"floor":15,"key":"REST"}],"neow_cost":"NONE","seed_source_timestamp":245068579614318,"circlet_count":0,"master_deck":["Strike_R+1","Strike_R","Strike_R","Strike_R","Strike_R","Defend_R","Defend_R","Defend_R","Defend_R","Bash+1","Inflame+1"],"relics":["Burning Blood","NeowsBlessing","Regal Pillow","Gremlin Horn","Bag of Preparation","Happy Flower","Pear","Matryoshka"],"potions_floor_usage":[10,14],"damage_taken":[{"damage":0,"enemies":"Small Slimes","floor":1,"turns":1},{"damage":0,"enemies":"2 Louse","floor":3,"turns":1},{"damage":0,"enemies":"Jaw Worm","floor":5,"turns":1},{"damage":40,"enemies":"Lagavulin","floor":10,"turns":5},{"damage":18,"enemies":"Large Slime","floor":14,"turns":4},{"damage":74,"enemies":"Hexaghost","floor":16,"turns":8}],"seed_played":"-7801188805969184994","potions_obtained":[{"floor":1,"key":"Swift Potion"},{"floor":10,"key":"Explosive Potion"}],"is_trial":false,"path_per_floor":["M","?","M","?","M","R","?","R","T","E","T","$","?","M","R","B"],"character_chosen":"IRONCLAD","items_purchased":["Pear"],"campfire_rested":1,"item_purchase_floors":[12],"current_hp_per_floor":[78,53,59,59,65,65,65,65,65,31,31,41,41,29,71,0],"gold":31,"neow_bonus":"THREE_ENEMY_KILL","is_prod":false,"is_daily":false,"chose_seed":false,"campfire_upgraded":2,"win_rate":0,"timestamp":1565754456,"path_taken":["M","?","M","?","M","R","?","R","T","E","?","$","?","M","R","BOSS"],"build_version":"2019-07-17","purchased_purges":1,"victory":false,"max_hp_per_floor":[80,80,80,80,80,80,80,80,80,80,80,90,90,90,90,90],"card_choices":[{"not_picked":["Burning Pact","Perfected Strike","Thunderclap"],"picked":"SKIP","floor":1},{"not_picked":["Anger","Intimidate","Flex"],"picked":"SKIP","floor":3},{"not_picked":["Ghostly Armor","Wild Strike"],"picked":"Inflame","floor":5},{"not_picked":["Whirlwind","Feel No Pain","Searing Blow"],"picked":"SKIP","floor":10},{"not_picked":["Flame Barrier","Warcry","True Grit"],"picked":"SKIP","floor":14}],"player_experience":295522,"relics_obtained":[{"floor":9,"key":"Gremlin Horn"},{"floor":10,"key":"Bag of Preparation"},{"floor":11,"key":"Happy Flower"}],"event_choices":[{"damage_healed":0,"gold_gain":0,"player_choice":"Success","damage_taken":25,"relics_obtained":["Regal Pillow"],"max_hp_gain":0,"max_hp_loss":0,"event_name":"Scrap Ooze","floor":2,"gold_loss":0},{"damage_healed":0,"gold_gain":0,"player_choice":"Grow","damage_taken":0,"max_hp_gain":0,"max_hp_loss":0,"event_name":"Living Wall","floor":4,"gold_loss":0,"cards_upgraded":["Bash"]},{"damage_healed":0,"gold_gain":175,"player_choice":"AGREE","damage_taken":0,"max_hp_gain":0,"max_hp_loss":0,"event_name":"Liars Game","floor":7,"gold_loss":0,"cards_obtained":["Doubt"]},{"damage_healed":0,"gold_gain":0,"player_choice":"Searched \u00271\u0027 times","damage_taken":0,"relics_obtained":["Matryoshka"],"max_hp_gain":0,"max_hp_loss":0,"event_name":"Dead Adventurer","floor":13,"gold_loss":0}],"is_beta":false,"boss_relics":[],"items_purged_floors":[12],"is_endless":false,"potions_floor_spawned":[1,10],"killed_by":"Hexaghost","ascension_level":7}