{"gold_per_floor":[216,13,88,28,42,42,71,71,71,71,100,116,116,147,147,249,249,266,266,266,278,278,278,310,310,310,310,32,32,32,47,47,143,143,155,165,176,176,192,223,12,12],"floor_reached":42,"playtime":2152,"items_purged":[],"score":583,"play_id":"0e562042-b3c2-42f2-a3c2-03c8ea30e6ca","local_time":"20190615011717","is_ascension_mode":true,"campfire_choices":[{"data":"Strike_R","floor":6.0,"key":"PURGE"},{"data":"Strike_R","floor":8.0,"key":"PURGE"},{"data":"Defend_R","floor":13.0,"key":"PURGE"},{"data":"Whirlwind","floor":15.0,"key":"SMITH"},{"data":"Shame","floor":23.0,"key":"PURGE"},{"data":"Defend_R","floor":25.0,"key":"PURGE"},{"data":"Strike_R","floor":27.0,"key":"PURGE"},{"data":"Defend_R","floor":30.0,"key":"PURGE"},{"data":"Rampage","floor":32.0,"key":"SMITH"}],"neow_cost":"NONE","seed_source_timestamp":2184025945569499,"circlet_count":0,"master_deck":["Iron Wave","Whirlwind+1","Shrug It Off","Headbutt","Shrug It Off","Reaper","Shrug It Off","Twin Strike","Disarm","Impervious","Intimidate","Inflame","Shrug It Off","Armaments+1","Double Tap","Rampage+1","Feed","Shockwave+1","Headbutt","Hemokinesis","Intimidate","Dual Wield","Battle Trance"],"special_seed":0,"relics":["Burning Blood","Chemical X","Peace Pipe","PreservedInsect","Centennial Puzzle","Orichalcum","Shuriken","Orrery","Smiling Mask","Omamori","Singing Bowl","Sling","Black Star","Juzu Bracelet","Pocketwatch"],"potions_floor_usage":[42,42],"damage_taken":[{"damage":8.0,"enemies":"Small Slimes","floor":1.0,"turns":4.0},{"damage":2.0,"enemies":"Jaw Worm","floor":5.0,"turns":6.0},{"damage":25.0,"enemies":"3 Sentries","floor":7.0,"turns":4.0},{"damage":16.0,"enemies":"Gremlin Nob","floor":11.0,"turns":3.0},{"damage":0.0,"enemies":"Cultist","floor":12.0,"turns":3.0},{"damage":9.0,"enemies":"Lagavulin","floor":14.0,"turns":5.0},{"damage":26.0,"enemies":"Hexaghost","floor":16.0,"turns":8.0},{"damage":25.0,"enemies":"Spheric Guardian","floor":18.0,"turns":6.0},{"damage":0.0,"enemies":"3 Byrds","floor":21.0,"turns":3.0},{"damage":0.0,"enemies":"Gremlin Leader","floor":24.0,"turns":4.0},{"damage":0.0,"enemies":"Snecko","floor":31.0,"turns":4.0},{"damage":68.0,"enemies":"Champ","floor":33.0,"turns":10.0},{"damage":31.0,"enemies":"Orb Walker","floor":35.0,"turns":6.0},{"damage":16.0,"enemies":"3 Shapes","floor":36.0,"turns":4.0},{"damage":30.0,"enemies":"Writhing Mass","floor":37.0,"turns":6.0},{"damage":33.0,"enemies":"Maw","floor":39.0,"turns":9.0},{"damage":58.0,"enemies":"Nemesis","floor":40.0,"turns":7.0}],"seed_played":"-5807864980094719751","potions_obtained":[{"floor":5.0,"key":"SpeedPotion"},{"floor":12.0,"key":"AttackPotion"},{"floor":18.0,"key":"Block Potion"},{"floor":24.0,"key":"EssenceOfSteel"},{"floor":29.0,"key":"PowerPotion"},{"floor":29.0,"key":"Explosive Potion"},{"floor":36.0,"key":"BloodPotion"},{"floor":37.0,"key":"Regen Potion"},{"floor":39.0,"key":"AttackPotion"},{"floor":40.0,"key":"Weak Potion"}],"is_trial":false,"path_per_floor":["M","$","?","?","M","R","E","R","T","?","E","M","R","E","R","B",null,"M","$","?","M","?","R","E","R","T","R","$","?","R","M","R","B",null,"M","M","M","?","M","E","$","M"],"character_chosen":"IRONCLAD","items_purchased":["Chemical X","Sling","Rampage","Dual Wield","Battle Trance","SkillPotion"],"campfire_rested":0,"item_purchase_floors":[2,28,28,41,41,41],"current_hp_per_floor":[78,78,67,67,71,71,52,52,52,45,35,41,41,38,38,18,80,61,61,61,73,73,73,80,80,80,80,80,80,80,82,82,29,82,64,71,47,47,43,15,15,0],"gold":12,"neow_bonus":"HUNDRED_GOLD","is_prod":false,"is_daily":false,"chose_seed":false,"campfire_upgraded":2,"win_rate":0,"timestamp":1560554237,"path_taken":["M","$","?","?","?","R","E","R","T","?","E","M","R","E","R","BOSS","M","$","?","M","?","R","E","R","T","R","$","?","R","M","R","BOSS","M","M","?","?","?","E","$","M"],"build_version":"2019-06-13","purchased_purges":0,"victory":false,"max_hp_per_floor":[80,80,80,80,80,80,80,80,80,80,80,80,80,80,80,80,80,80,80,80,80,80,80,80,80,80,80,80,80,80,82,82,82,82,82,84,84,84,86,86,86,86],"card_choices":[{"not_picked":["Uppercut","Clash"],"picked":"Iron Wave","floor":1.0},{"not_picked":["Heavy Blade","Sever Soul"],"picked":"Whirlwind","floor":5.0},{"not_picked":["Thunderclap","Anger"],"picked":"Shrug It Off","floor":7.0},{"not_picked":["Perfected Strike","Heavy Blade"],"picked":"Headbutt","floor":11.0},{"not_picked":["Twin Strike","Heavy Blade"],"picked":"Shrug It Off","floor":12.0},{"not_picked":["Clothesline","Warcry","Power Through"],"picked":"SKIP","floor":14.0},{"not_picked":["Immolate","Barricade"],"picked":"Reaper","floor":16.0},{"not_picked":["Wild Strike","Bloodletting"],"picked":"Shrug It Off","floor":17.0},{"not_picked":["Shrug It Off","Wild Strike"],"picked":"Twin Strike","floor":17.0},{"not_picked":["Body Slam","Perfected Strike"],"picked":"Disarm","floor":17.0},{"not_picked":["Heavy Blade","Clash"],"picked":"Impervious","floor":17.0},{"not_picked":["True Grit","Shrug It Off"],"picked":"Intimidate","floor":18.0},{"not_picked":["Wild Strike","Body Slam"],"picked":"Armaments+1","floor":21.0},{"not_picked":["Dual Wield","Sword Boomerang"],"picked":"Double Tap","floor":24.0},{"not_picked":["Searing Blow","Wild Strike","Heavy Blade+1"],"picked":"Singing Bowl","floor":31.0},{"not_picked":["Brutality","Immolate"],"picked":"Feed","floor":33.0},{"not_picked":["Havoc+1","Flame Barrier"],"picked":"Shockwave+1","floor":35.0},{"not_picked":["Body Slam+1","Clash+1","Shrug It Off"],"picked":"Singing Bowl","floor":36.0},{"not_picked":["Corruption+1","Entrench+1"],"picked":"Headbutt","floor":37.0},{"not_picked":["Twin Strike","Rage","Iron Wave"],"picked":"Singing Bowl","floor":39.0},{"not_picked":["Hemokinesis+1","Blood for Blood+1"],"picked":"Intimidate","floor":40.0}],"player_experience":94700,"relics_obtained":[{"floor":7.0,"key":"PreservedInsect"},{"floor":9.0,"key":"Centennial Puzzle"},{"floor":11.0,"key":"Orichalcum"},{"floor":14.0,"key":"Shuriken"},{"floor":24.0,"key":"Omamori"},{"floor":26.0,"key":"Singing Bowl"},{"floor":40.0,"key":"Juzu Bracelet"},{"floor":40.0,"key":"Pocketwatch"}],"event_choices":[{"damage_healed":0.0,"max_hp_gain":0.0,"max_hp_loss":0.0,"gold_gain":75.0,"event_name":"World of Goop","player_choice":"Gather Gold","floor":3.0,"gold_loss":0.0,"damage_taken":11.0},{"damage_healed":0.0,"max_hp_gain":0.0,"max_hp_loss":0.0,"gold_gain":0.0,"event_name":"WeMeetAgain","player_choice":"Paid Gold","floor":4.0,"gold_loss":60.0,"damage_taken":0.0,"relics_obtained":["Peace Pipe"]},{"cards_removed":["Defend_R"],"damage_healed":0.0,"max_hp_gain":0.0,"max_hp_loss":0.0,"gold_gain":0.0,"event_name":"Golden Wing","player_choice":"Card Removal","floor":10.0,"gold_loss":0.0,"damage_taken":7.0},{"damage_healed":0.0,"max_hp_gain":0.0,"max_hp_loss":0.0,"gold_gain":0.0,"cards_transformed":["Strike_R","Strike_R"],"event_name":"Drug Dealer","player_choice":"Became Test Subject","floor":20.0,"gold_loss":0.0,"damage_taken":0.0,"cards_obtained":["Inflame","Shrug It Off"]},{"damage_healed":0.0,"max_hp_gain":0.0,"max_hp_loss":0.0,"gold_gain":0.0,"event_name":"Addict","player_choice":"Stole Relic","floor":22.0,"gold_loss":0.0,"damage_taken":0.0,"relics_obtained":["Smiling Mask"],"cards_obtained":["Shame"]},{"damage_healed":0.0,"max_hp_gain":0.0,"max_hp_loss":0.0,"gold_gain":0.0,"event_name":"Lab","player_choice":"Got Potions","floor":29.0,"gold_loss":0.0,"damage_taken":0.0},{"damage_healed":0.0,"max_hp_gain":0.0,"max_hp_loss":0.0,"gold_gain":0.0,"cards_transformed":["Bash"],"event_name":"Transmorgrifier","player_choice":"Transformed","floor":38.0,"gold_loss":0.0,"damage_taken":0.0,"cards_obtained":["Hemokinesis"]}],"is_beta":true,"boss_relics":[{"not_picked":["Tiny House","Empty Cage"],"picked":"Orrery"},{"not_picked":["White Beast Statue","Busted Crown"],"picked":"Black Star"}],"items_purged_floors":[],"is_endless":false,"potions_floor_spawned":[5,12,18,24,36,37,39,40],"killed_by":"4 Shapes","ascension_level":3}