{"gold_per_floor":[117,292,292,30,30,71,146,146,173,188,188,113,137,137,137,257,257,257,257,277,301,44,44],"floor_reached":23,"playtime":400,"items_purged":["Doubt"],"score":286,"play_id":"1a77544f-3488-4e62-9f63-4a50d1357b25","local_time":"20190825020356","is_ascension_mode":true,"campfire_choices":[{"floor":8,"key":"REST"},{"data":"Spot Weakness","floor":11,"key":"SMITH"},{"floor":15,"key":"REST"}],"neow_cost":"NONE","seed_source_timestamp":372479717901600,"circlet_count":0,"master_deck":["Strike_R","Strike_R","Strike_R","Strike_R","Strike_R","Defend_R+1","Defend_R","Defend_R","Defend_R","Bash+1","Spot Weakness+1","Offering","Cleave+1"],"relics":["Burning Blood","NeowsBlessing","Golden Idol","Shuriken","Oddly Smooth Stone","Happy Flower","Ancient Tea Set","Runic Pyramid","NlothsMask","Sling"],"potions_floor_usage":[16,18,23,23],"damage_taken":[{"damage":0,"enemies":"Small Slimes","floor":1,"turns":1},{"damage":0,"enemies":"3 Sentries","floor":6,"turns":1},{"damage":0,"enemies":"Jaw Worm","floor":10,"turns":1},{"damage":0,"enemies":"2 Louse","floor":13,"turns":2},{"damage":60,"enemies":"Hexaghost","floor":16,"turns":7},{"damage":0,"enemies":"2 Thieves","floor":18,"turns":1},{"damage":6,"enemies":"Chosen","floor":20,"turns":4},{"damage":58,"enemies":"3 Cultists","floor":21,"turns":5},{"damage":24,"enemies":"Gremlin Leader","floor":23,"turns":3}],"seed_played":"6715068774821541120","potions_obtained":[{"floor":1,"key":"AttackPotion"},{"floor":10,"key":"SmokeBomb"},{"floor":16,"key":"GamblersBrew"}],"is_trial":false,"path_per_floor":["M","?","?","$","?","E","?","R","T","M","R","$","M","?","R","B",null,"M","?","M","M","$","E"],"character_chosen":"IRONCLAD","items_purchased":["Shuriken","Sling","PowerPotion"],"campfire_rested":2,"item_purchase_floors":[4,22,22],"current_hp_per_floor":[78,78,58,58,42,48,37,61,61,67,67,67,73,40,64,10,63,69,69,69,17,17,0],"gold":44,"neow_bonus":"THREE_ENEMY_KILL","is_prod":false,"is_daily":false,"chose_seed":false,"campfire_upgraded":1,"win_rate":0,"timestamp":1566716636,"path_taken":["M","?","?","$","?","E","?","R","T","M","R","$","M","?","R","BOSS","M","?","?","M","$","E"],"build_version":"2019-07-17","purchased_purges":1,"victory":false,"max_hp_per_floor":[80,80,80,80,80,80,80,80,80,80,80,80,80,80,80,80,80,80,80,80,80,80,80],"card_choices":[{"not_picked":["Hemokinesis","Warcry","Rupture"],"picked":"SKIP","floor":1},{"not_picked":["Warcry","Iron Wave"],"picked":"Spot Weakness","floor":6},{"not_picked":["Rupture","True Grit","Sword Boomerang"],"picked":"SKIP","floor":10},{"not_picked":["Havoc","Shrug It Off","Clothesline"],"picked":"SKIP","floor":13},{"not_picked":["Dark Embrace","Immolate"],"picked":"Offering","floor":16},{"not_picked":["Sword Boomerang+1","Havoc"],"picked":"Cleave+1","floor":20},{"not_picked":["Carnage","Sword Boomerang+1","Havoc+1"],"picked":"SKIP","floor":21}],"player_experience":304804,"relics_obtained":[{"floor":6,"key":"Oddly Smooth Stone"},{"floor":9,"key":"Happy Flower"}],"event_choices":[{"damage_healed":0,"gold_gain":175,"player_choice":"AGREE","damage_taken":0,"max_hp_gain":0,"max_hp_loss":0,"event_name":"Liars Game","floor":2,"gold_loss":0,"cards_obtained":["Doubt"]},{"damage_healed":0,"gold_gain":0,"player_choice":"Take Damage","damage_taken":20,"relics_obtained":["Golden Idol"],"max_hp_gain":0,"max_hp_loss":0,"event_name":"Golden Idol","floor":3,"gold_loss":0},{"damage_healed":0,"gold_gain":0,"player_choice":"Entered Light","damage_taken":16,"max_hp_gain":0,"max_hp_loss":0,"event_name":"Shining Light","floor":5,"gold_loss":0,"cards_upgraded":["Defend_R","Bash"]},{"damage_healed":0,"gold_gain":75,"player_choice":"Gather Gold","damage_taken":11,"max_hp_gain":0,"max_hp_loss":0,"event_name":"World of Goop","floor":7,"gold_loss":0},{"damage_healed":0,"gold_gain":0,"player_choice":"Success","damage_taken":33,"relics_obtained":["Ancient Tea Set"],"max_hp_gain":0,"max_hp_loss":0,"event_name":"Scrap Ooze","floor":14,"gold_loss":0},{"damage_healed":0,"gold_gain":0,"player_choice":"Trade","damage_taken":0,"relics_obtained":["NlothsMask"],"max_hp_gain":0,"max_hp_loss":0,"event_name":"FaceTrader","floor":19,"gold_loss":0}],"is_beta":false,"boss_relics":[{"not_picked":["Astrolabe","Busted Crown"],"picked":"Runic Pyramid"}],"items_purged_floors":[12],"is_endless":false,"potions_floor_spawned":[1,10,16,18],"killed_by":"Gremlin Leader","ascension_level":7}