{"gold_per_floor":[111,61,76,91,91,122,122,122,122,122,153,153,208,7,7,110,110,120,120,0,0,0,0,17,42,42,42,110,110,140,140],"floor_reached":31,"playtime":1163,"items_purged":[],"score":331,"play_id":"e049d3c6-5ca5-4f2a-929a-b1451ba45770","local_time":"20190825114852","is_ascension_mode":true,"campfire_choices":[{"floor":8.0,"key":"REST"},{"floor":10.0,"key":"REST"},{"floor":12.0,"key":"REST"},{"floor":15.0,"key":"REST"},{"floor":23.0,"key":"REST"},{"data":"Body Slam","floor":29.0,"key":"SMITH"}],"neow_cost":"NONE","seed_source_timestamp":5766876682700,"circlet_count":0,"master_deck":["Strike_R","Strike_R","Strike_R","Strike_R","Defend_R","Defend_R","Defend_R","Defend_R","Bash","Body Slam+1","Shrug It Off","Fire Breathing","Seeing Red","Power Through","Offering","Juggernaut","Seeing Red+1","Rage","Evolve","Regret","Writhe","Doubt","Flame Barrier"],"special_seed":0,"relics":["Black Star","Orichalcum","Ornamental Fan","Centennial Puzzle","Shuriken","Mummified Hand","Potion Belt","Regal Pillow","Tiny Chest","Frozen Eye","Cursed Key","Red Skull","Pen Nib","Kunai","Self Forming Clay","Anchor","Nunchaku"],"potions_floor_usage":[],"damage_taken":[{"damage":0.0,"enemies":"Small Slimes","floor":1.0,"turns":4.0},{"damage":9.0,"enemies":"Jaw Worm","floor":3.0,"turns":7.0},{"damage":2.0,"enemies":"2 Louse","floor":4.0,"turns":3.0},{"damage":47.0,"enemies":"Lagavulin","floor":6.0,"turns":9.0},{"damage":27.0,"enemies":"3 Sentries","floor":11.0,"turns":8.0},{"damage":35.0,"enemies":"Lagavulin","floor":13.0,"turns":9.0},{"damage":51.0,"enemies":"The Guardian","floor":16.0,"turns":13.0},{"damage":24.0,"enemies":"2 Thieves","floor":18.0,"turns":3.0},{"damage":6.0,"enemies":"3 Byrds","floor":24.0,"turns":3.0},{"damage":52.0,"enemies":"Book of Stabbing","floor":30.0,"turns":6.0},{"damage":7,"enemies":"Shelled Parasite and Fungi","floor":31,"turns":4}],"seed_played":"2243987668662763730","potions_obtained":[{"floor":1.0,"key":"SteroidPotion"},{"floor":11.0,"key":"Weak Potion"},{"floor":13.0,"key":"Fire Potion"},{"floor":18.0,"key":"GamblersBrew"}],"is_trial":false,"path_per_floor":["M","?","M","M","?","E","?","R","T","R","E","R","E","$","R","B",null,"M","?","$","?","?","R","M","T","T","?","T","R","E","M"],"character_chosen":"IRONCLAD","items_purchased":["Frozen Eye","Rage","SpeedPotion"],"campfire_rested":5,"item_purchase_floors":[14,20,20],"current_hp_per_floor":[80,80,71,69,51,4,4,28,28,52,25,49,14,14,53,2,61,37,22,22,22,22,62,56,56,56,56,56,56,4,0],"gold":140,"neow_bonus":"BOSS_RELIC","is_prod":false,"is_daily":false,"chose_seed":false,"campfire_upgraded":1,"win_rate":0,"timestamp":1566748132,"path_taken":["M","?","M","M","?","E","?","R","T","R","E","R","E","?","R","BOSS","M","?","$","?","?","R","?","?","T","?","?","R","E","?"],"build_version":"2019-07-17","purchased_purges":0,"victory":false,"max_hp_per_floor":[80,80,80,80,80,80,80,80,80,80,80,80,80,80,80,80,80,80,85,85,85,85,85,85,85,85,85,85,85,85,85],"card_choices":[{"not_picked":["Sever Soul","Havoc"],"picked":"Body Slam","floor":1.0},{"not_picked":["Thunderclap","Pommel Strike"],"picked":"Shrug It Off","floor":3.0},{"not_picked":["Clothesline","Clash"],"picked":"Fire Breathing","floor":4.0},{"not_picked":["Combust","Bloodletting"],"picked":"Seeing Red","floor":6.0},{"not_picked":["Perfected Strike","Headbutt"],"picked":"Power Through","floor":11.0},{"not_picked":["Clothesline","Headbutt"],"picked":"Offering","floor":13.0},{"not_picked":["Exhume","Brutality"],"picked":"Juggernaut","floor":16.0},{"not_picked":["Corruption+1","Flex"],"picked":"Seeing Red+1","floor":18.0},{"not_picked":["Shockwave+1","Body Slam"],"picked":"Evolve","floor":24.0},{"not_picked":["Disarm","Battle Trance"],"picked":"Flame Barrier","floor":30.0}],"player_experience":643658,"relics_obtained":[{"floor":6.0,"key":"Ornamental Fan"},{"floor":6.0,"key":"Centennial Puzzle"},{"floor":9.0,"key":"Shuriken"},{"floor":11.0,"key":"Mummified Hand"},{"floor":11.0,"key":"Potion Belt"},{"floor":13.0,"key":"Regal Pillow"},{"floor":13.0,"key":"Tiny Chest"},{"floor":25.0,"key":"Pen Nib"},{"floor":26.0,"key":"Kunai"},{"floor":28.0,"key":"Self Forming Clay"},{"floor":30.0,"key":"Anchor"},{"floor":30.0,"key":"Nunchaku"}],"event_choices":[{"cards_removed":["Strike_R"],"damage_healed":0.0,"max_hp_gain":0.0,"max_hp_loss":0.0,"gold_gain":0.0,"event_name":"The Cleric","player_choice":"Card Removal","floor":2.0,"gold_loss":50.0,"damage_taken":0.0},{"damage_healed":0.0,"max_hp_gain":0.0,"max_hp_loss":0.0,"gold_gain":0.0,"event_name":"Scrap Ooze","player_choice":"Success","floor":5.0,"gold_loss":0.0,"damage_taken":18.0,"relics_obtained":["Orichalcum"]},{"damage_healed":0.0,"max_hp_gain":0.0,"max_hp_loss":0.0,"gold_gain":0.0,"event_name":"Dead Adventurer","player_choice":"Searched \u00270\u0027 times","floor":7.0,"gold_loss":0.0,"damage_taken":0.0},{"damage_healed":0.0,"max_hp_gain":5.0,"max_hp_loss":0.0,"gold_gain":0.0,"event_name":"Forgotten Altar","player_choice":"Shed Blood","floor":19.0,"gold_loss":0.0,"damage_taken":20.0},{"damage_healed":0.0,"max_hp_gain":0.0,"max_hp_loss":0.0,"gold_gain":0.0,"event_name":"WeMeetAgain","player_choice":"Gave Potion","floor":22.0,"gold_loss":0.0,"damage_taken":0.0,"relics_obtained":["Red Skull"]},{"damage_healed":0.0,"max_hp_gain":0.0,"max_hp_loss":0.0,"gold_gain":0.0,"event_name":"Ghosts","player_choice":"Ignored","floor":27.0,"gold_loss":0.0,"damage_taken":0.0}],"is_beta":false,"boss_relics":[{"not_picked":["Runic Cube","Ectoplasm"],"picked":"Cursed Key"}],"items_purged_floors":[],"is_endless":false,"potions_floor_spawned":[1,11,13,18],"killed_by":"Shelled Parasite and Fungi","ascension_level":5}