{"gold_per_floor":[119,129,129,146,159,159,184,44,91,102,129,129,129,129,129,230,230,248,163,262,262,278,311,311,330,355,355,365,365],"floor_reached":29,"playtime":2674,"items_purged":[],"score":266,"play_id":"e7079160-4193-4674-b6f3-b225d58fa652","local_time":"20191020231449","is_ascension_mode":true,"campfire_choices":[{"data":"Cleave","floor":6,"key":"SMITH"},{"data":"Havoc","floor":13,"key":"SMITH"},{"data":"Feel No Pain","floor":15,"key":"SMITH"},{"data":"Whirlwind","floor":24,"key":"SMITH"},{"floor":27,"key":"REST"}],"neow_cost":"NONE","seed_source_timestamp":2161636359517719,"circlet_count":0,"master_deck":["Strike_R","Strike_R","Strike_R","Strike_R","Strike_R","Defend_R","Defend_R","Defend_R","Defend_R","Bash+1","Anger","Cleave+1","Headbutt","Clothesline","Impervious","Feel No Pain+1","Havoc+1","Iron Wave","Power Through","Juggernaut","Wild Strike","Wild Strike","Power Through","Spot Weakness","Spot Weakness","Dropkick","Whirlwind+1","True Grit","Thunderclap+1"],"relics":["Burning Blood","Self Forming Clay","NlothsMask","Potion Belt","Ancient Tea Set","Orrery","Boot","Bronze Scales","Oddly Smooth Stone"],"potions_floor_usage":[16,23,29],"damage_taken":[{"damage":1,"enemies":"2 Louse","floor":1,"turns":3},{"damage":6,"enemies":"Cultist","floor":2,"turns":3},{"damage":1,"enemies":"Jaw Worm","floor":4,"turns":3},{"damage":2,"enemies":"2 Fungi Beasts","floor":5,"turns":3},{"damage":25,"enemies":"Lagavulin","floor":7,"turns":6},{"damage":2,"enemies":"Looter","floor":10,"turns":3},{"damage":22,"enemies":"3 Sentries","floor":11,"turns":8},{"damage":47,"enemies":"The Guardian","floor":16,"turns":16},{"damage":25,"enemies":"Chosen","floor":18,"turns":5},{"damage":30,"enemies":"3 Byrds","floor":22,"turns":8},{"damage":42,"enemies":"Slavers","floor":23,"turns":6},{"damage":14,"enemies":"Centurion and Healer","floor":25,"turns":3},{"damage":9,"enemies":"Snake Plant","floor":28,"turns":5},{"damage":40,"enemies":"Gremlin Leader","floor":29,"turns":4}],"seed_played":"3346376086126523651","potions_obtained":[{"floor":2,"key":"FearPotion"},{"floor":4,"key":"FearPotion"},{"floor":5,"key":"Dexterity Potion"},{"floor":11,"key":"FearPotion"},{"floor":22,"key":"SpeedPotion"}],"is_trial":false,"path_per_floor":["M","M","?","M","M","R","E","$","T","M","E","?","R","T","R","B",null,"M","?","?","?","M","E","R","M","T","R","M","E"],"character_chosen":"IRONCLAD","items_purchased":["Feel No Pain","Havoc","Iron Wave"],"campfire_rested":1,"item_purchase_floors":[8,8,8],"current_hp_per_floor":[80,80,80,80,80,80,61,61,61,65,49,54,54,54,54,13,85,66,66,66,85,61,25,25,17,17,42,39,0],"gold":365,"neow_bonus":"UPGRADE_CARD","is_prod":false,"is_daily":false,"chose_seed":false,"campfire_upgraded":4,"win_rate":0,"timestamp":1571627689,"path_taken":["M","M","?","M","M","R","E","$","T","?","E","?","R","?","R","BOSS","M","?","?","?","M","E","R","?","T","R","M","E"],"build_version":"2019-07-17","purchased_purges":0,"victory":false,"max_hp_per_floor":[80,80,80,80,80,80,80,80,80,80,80,85,85,85,85,85,85,85,85,85,85,85,85,85,85,85,85,85,85],"card_choices":[{"not_picked":["Clash","Bloodletting"],"picked":"Anger","floor":1},{"not_picked":["Pommel Strike","Armaments"],"picked":"Cleave","floor":2},{"not_picked":["Seeing Red","Body Slam"],"picked":"Headbutt","floor":4},{"not_picked":["Perfected Strike","Juggernaut"],"picked":"Clothesline","floor":5},{"not_picked":["Thunderclap","Clothesline"],"picked":"Impervious","floor":7},{"not_picked":["Clothesline","Thunderclap","Anger"],"picked":"SKIP","floor":10},{"not_picked":["Flex","Seeing Red"],"picked":"Power Through","floor":11},{"not_picked":["Demon Form","Exhume"],"picked":"Juggernaut","floor":16},{"not_picked":["Anger","Body Slam"],"picked":"Wild Strike","floor":17},{"not_picked":["Dark Embrace","Armaments"],"picked":"Wild Strike","floor":17},{"not_picked":["Clash","Havoc"],"picked":"Power Through","floor":17},{"not_picked":["Thunderclap","Clothesline"],"picked":"Carnage","floor":17},{"not_picked":["Intimidate","Shockwave"],"picked":"Spot Weakness","floor":17},{"not_picked":["Corruption","Flame Barrier"],"picked":"Spot Weakness","floor":18},{"not_picked":["Wild Strike","Havoc"],"picked":"Dropkick","floor":22},{"not_picked":["Uppercut+1","Hemokinesis"],"picked":"Whirlwind","floor":23},{"not_picked":["Shockwave","Flex"],"picked":"True Grit","floor":25},{"not_picked":["Pommel Strike+1","Perfected Strike"],"picked":"Thunderclap+1","floor":28}],"player_experience":48934,"relics_obtained":[{"floor":7,"key":"Self Forming Clay"},{"floor":11,"key":"Potion Belt"},{"floor":14,"key":"Ancient Tea Set"},{"floor":23,"key":"Bronze Scales"},{"floor":26,"key":"Oddly Smooth Stone"}],"event_choices":[{"damage_healed":0,"gold_gain":0,"player_choice":"Trade","damage_taken":0,"relics_obtained":["NlothsMask"],"max_hp_gain":0,"max_hp_loss":0,"event_name":"FaceTrader","floor":3,"gold_loss":0},{"damage_healed":0,"gold_gain":0,"player_choice":"Donut","damage_taken":0,"max_hp_gain":5,"max_hp_loss":0,"event_name":"Big Fish","floor":12,"gold_loss":0},{"damage_healed":0,"gold_gain":0,"player_choice":"Obtained Relic","damage_taken":0,"relics_obtained":["Boot"],"max_hp_gain":0,"max_hp_loss":0,"event_name":"Addict","floor":19,"gold_loss":85},{"damage_healed":0,"gold_gain":99,"player_choice":"Stole From Cult","damage_taken":0,"max_hp_gain":0,"max_hp_loss":0,"event_name":"Nest","floor":20,"gold_loss":0},{"cards_removed":["Carnage"],"damage_healed":19,"gold_gain":0,"player_choice":"Offered Uncommon","damage_taken":0,"max_hp_gain":0,"max_hp_loss":0,"event_name":"Bonfire Elementals","floor":21,"gold_loss":0}],"is_beta":false,"boss_relics":[{"not_picked":["Runic Pyramid","Runic Cube"],"picked":"Orrery"}],"items_purged_floors":[],"is_endless":false,"potions_floor_spawned":[2,4,5,11,22],"killed_by":"Gremlin Leader","ascension_level":1}