{"gold_per_floor":[110,14,24,24,24,50,62,62,62,87,98,98,128,128,128,225,225,239,57,91,190,203,203,238,238,238,275,32,32,85,104,104,203,203,215,235,16,16,16,16,16,46,46,46],"floor_reached":44,"playtime":3124,"items_purged":[],"score":599,"play_id":"e73546e0-fb5a-4b7a-bceb-d769cc389bd2","local_time":"20190419205030","is_ascension_mode":true,"campfire_choices":[{"data":"Blind","floor":8,"key":"SMITH"},{"data":"Buffer","floor":12,"key":"SMITH"},{"data":"White Noise","floor":15,"key":"SMITH"},{"data":"Fission","floor":23,"key":"SMITH"},{"data":"Reboot","floor":25,"key":"SMITH"},{"floor":32,"key":"REST"},{"data":"Storm","floor":40,"key":"SMITH"}],"neow_cost":"NONE","seed_source_timestamp":161700896583600,"circlet_count":0,"master_deck":["Zap","Dualcast","Darkness","Blind+1","Hologram","Tempest","Sweeping Beam","Auto Shields","Buffer+1","White Noise+1","Thunder Strike","Coolheaded","Fission+1","Darkness","Defragment","Go for the Eyes","BootSequence","Reboot+1","Hologram+1","HandOfGreed","Reprogram+1","Double Energy+1","Core Surge","Storm+1","Ball Lightning","Buffer","Echo Form","Lockon+1","Self Repair","Ball Lightning","Finesse","Dark Shackles","Madness","Madness","Chaos+1"],"relics":["Cracked Core","NeowsBlessing","Meat on the Bone","Thread and Needle","Ancient Tea Set","Dodecahedron","DataDisk","Pandora\u0027s Box","Question Card","Cables","Matryoshka","Eternal Feather","Strange Spoon","Vajra","Blood Vial","Letter Opener"],"potions_floor_usage":[13,20,27,33,44,44],"damage_taken":[{"damage":0,"enemies":"Jaw Worm","floor":1,"turns":1},{"damage":0,"enemies":"Cultist","floor":3,"turns":1},{"damage":0,"enemies":"Lagavulin","floor":6,"turns":1},{"damage":0,"enemies":"Small Slimes","floor":7,"turns":2},{"damage":27,"enemies":"Gremlin Nob","floor":10,"turns":5},{"damage":0,"enemies":"Blue Slaver","floor":11,"turns":3},{"damage":6,"enemies":"3 Sentries","floor":13,"turns":2},{"damage":32,"enemies":"Slime Boss","floor":16,"turns":12},{"damage":10,"enemies":"2 Thieves","floor":18,"turns":3},{"damage":10,"enemies":"3 Byrds","floor":20,"turns":8},{"damage":10,"enemies":"Snake Plant","floor":22,"turns":4},{"damage":6,"enemies":"Book of Stabbing","floor":24,"turns":4},{"damage":0,"enemies":"Centurion and Healer","floor":27,"turns":7},{"damage":28,"enemies":"Shelled Parasite and Fungi","floor":30,"turns":6},{"damage":7,"enemies":"Snecko","floor":31,"turns":4},{"damage":45,"enemies":"Automaton","floor":33,"turns":9},{"damage":10,"enemies":"Orb Walker","floor":35,"turns":3},{"damage":25,"enemies":"3 Darklings","floor":36,"turns":4},{"damage":37,"enemies":"Reptomancer","floor":42,"turns":4},{"damage":24,"enemies":"Giant Head","floor":44,"turns":5}],"seed_played":"-2755411248932316621","potions_obtained":[{"floor":3,"key":"FearPotion"},{"floor":10,"key":"Energy Potion"},{"floor":11,"key":"SkillPotion"},{"floor":18,"key":"Dexterity Potion"},{"floor":24,"key":"Poison Potion"},{"floor":30,"key":"Weak Potion"},{"floor":33,"key":"Weak Potion"},{"floor":42,"key":"LiquidBronze"}],"is_trial":false,"path_per_floor":["M","$","M","?","?","E","M","R","T","E","M","R","E","?","R","B",null,"M","$","M","?","M","R","E","R","T","M","$","?","M","M","R","B",null,"M","M","$","$","?","R","?","E","T","E"],"character_chosen":"DEFECT","items_purchased":["Blind","HandOfGreed","Matryoshka","Strange Spoon","Ball Lightning"],"campfire_rested":1,"item_purchase_floors":[2,19,28,37,37],"current_hp_per_floor":[75,75,75,68,68,68,68,68,68,41,41,41,47,75,75,43,75,65,65,55,55,45,45,39,39,39,39,39,39,23,28,50,17,75,65,40,40,40,35,53,44,19,19,0],"gold":46,"neow_bonus":"THREE_ENEMY_KILL","is_prod":false,"is_daily":false,"chose_seed":false,"campfire_upgraded":6,"win_rate":0,"timestamp":1555699830,"path_taken":["M","$","M","?","?","E","M","R","T","E","?","R","E","?","R","BOSS","M","$","M","?","M","R","E","R","T","M","$","?","M","M","R","BOSS","M","M","?","$","?","R","?","E","T","E"],"build_version":"2019-01-23","purchased_purges":0,"victory":false,"max_hp_per_floor":[75,75,75,75,75,75,75,75,75,75,75,75,75,75,75,75,75,75,75,75,75,75,75,75,75,75,75,75,75,75,75,75,75,75,75,75,75,75,75,75,75,75,75,75],"card_choices":[{"not_picked":["Rebound","Barrage"],"picked":"Darkness","floor":1},{"not_picked":["Streamline","Go for the Eyes"],"picked":"Hologram","floor":3},{"not_picked":["Rebound","Heatsinks"],"picked":"Sweeping Beam","floor":6},{"not_picked":["Force Field","Gash"],"picked":"Auto Shields","floor":7},{"not_picked":["Steam","FTL"],"picked":"Buffer","floor":10},{"not_picked":["Glacier","Compile Driver","Steam"],"picked":"SKIP","floor":11},{"not_picked":["Chaos","Rip and Tear"],"picked":"White Noise","floor":13},{"not_picked":["Biased Cognition","Creative AI"],"picked":"Thunder Strike","floor":16},{"not_picked":["Cold Snap","Aggregate"],"picked":"Hologram+1","floor":18},{"not_picked":["Turbo","White Noise"],"picked":"Reprogram+1","floor":20},{"not_picked":["Redo","Ball Lightning"],"picked":"Double Energy","floor":22},{"not_picked":["Ball Lightning","Reinforced Body"],"picked":"Core Surge","floor":24},{"not_picked":["Compile Driver","Beam Cell","BootSequence"],"picked":"Storm","floor":27},{"not_picked":["Doom and Gloom","Barrage","Aggregate+1"],"picked":"Ball Lightning","floor":30},{"not_picked":["Rebound+1","Beam Cell","Coolheaded"],"picked":"Buffer","floor":31},{"not_picked":["Hyperbeam","Machine Learning","Meteor Strike"],"picked":"Echo Form","floor":33},{"not_picked":["Doom and Gloom","Steam+1","Blizzard+1"],"picked":"Lockon+1","floor":35},{"not_picked":["Compile Driver","FTL","Hello World"],"picked":"Self Repair","floor":36},{"not_picked":["Trip","Flash of Steel","Mind Blast"],"picked":"Finesse","floor":39},{"not_picked":["Secret Technique","Trip","Good Instincts"],"picked":"Dark Shackles","floor":39},{"not_picked":["Steam","Hologram+1","Streamline+1"],"picked":"Chaos+1","floor":42}],"player_experience":278330,"relics_obtained":[{"floor":6,"key":"Thread and Needle"},{"floor":9,"key":"Ancient Tea Set"},{"floor":10,"key":"Dodecahedron"},{"floor":13,"key":"DataDisk"},{"floor":24,"key":"Question Card"},{"floor":26,"key":"Cables"},{"floor":42,"key":"Vajra"},{"floor":43,"key":"Blood Vial"},{"floor":43,"key":"Letter Opener"}],"event_choices":[{"damage_healed":0,"gold_gain":0,"player_choice":"Success","damage_taken":7,"relics_obtained":["Meat on the Bone"],"max_hp_gain":0,"max_hp_loss":0,"event_name":"Scrap Ooze","floor":4,"gold_loss":0},{"damage_healed":0,"gold_gain":0,"cards_transformed":["Strike_B"],"player_choice":"Transformed","damage_taken":0,"max_hp_gain":0,"max_hp_loss":0,"event_name":"Transmorgrifier","floor":5,"gold_loss":0,"cards_obtained":["Tempest"]},{"damage_healed":28,"gold_gain":0,"player_choice":"Full Heal","damage_taken":0,"max_hp_gain":0,"max_hp_loss":0,"event_name":"Wheel of Change","floor":14,"gold_loss":0},{"damage_healed":0,"gold_gain":99,"player_choice":"Stole From Cult","damage_taken":0,"max_hp_gain":0,"max_hp_loss":0,"event_name":"Nest","floor":21,"gold_loss":0},{"damage_healed":0,"gold_gain":0,"player_choice":"Forge","damage_taken":0,"max_hp_gain":0,"max_hp_loss":0,"event_name":"Accursed Blacksmith","floor":29,"gold_loss":0,"cards_upgraded":["Double Energy"]},{"damage_healed":0,"gold_gain":0,"player_choice":"Memory 2","damage_taken":5,"max_hp_gain":0,"max_hp_loss":0,"event_name":"SensoryStone","floor":39,"gold_loss":0},{"damage_healed":0,"gold_gain":0,"player_choice":"Embrace Madness","damage_taken":9,"max_hp_gain":0,"max_hp_loss":0,"event_name":"Winding Halls","floor":41,"gold_loss":0,"cards_obtained":["Madness","Madness"]}],"is_beta":false,"boss_relics":[{"not_picked":["Empty Cage","Philosopher\u0027s Stone"],"picked":"Pandora\u0027s Box"},{"not_picked":["Runic Dome","Calling Bell"],"picked":"Eternal Feather"}],"items_purged_floors":[],"is_endless":false,"potions_floor_spawned":[3,10,11,18,24,30,33,36,42],"killed_by":"Giant Head","ascension_level":3}