{"gold_per_floor":[118,118,118,134,146,181,181,34,59,59,234,263,228,228,228,326,326,341,341,354,162,162,162,60,60,60,115,115,132,132],"floor_reached":30,"playtime":856,"items_purged":[],"score":325,"play_id":"32d5f05d-3380-4777-85ce-0ad8541f7ce6","local_time":"20191020192337","is_ascension_mode":true,"campfire_choices":[{"floor":7,"key":"REST"},{"floor":15,"key":"REST"},{"data":"Barricade","floor":23,"key":"SMITH"},{"data":"Shrug It Off","floor":25,"key":"SMITH"},{"data":"Cleave","floor":28,"key":"SMITH"}],"neow_cost":"NONE","seed_source_timestamp":714898337471100,"circlet_count":0,"master_deck":["Strike_R","Strike_R","Strike_R","Defend_R+1","Defend_R","Defend_R","Defend_R+1","Bash+1","Cleave","Cleave+1","Shrug It Off+1","Barricade+1"],"relics":["Burning Blood","Pen Nib","Dream Catcher","Omamori","Happy Flower","Lantern","Empty Cage","Oddly Smooth Stone","Lee\u0027s Waffle","MutagenicStrength","Shuriken","Tiny Chest"],"potions_floor_usage":[6,12,16,29,29,30],"damage_taken":[{"damage":24,"enemies":"Jaw Worm","floor":1,"turns":4},{"damage":4,"enemies":"Small Slimes","floor":4,"turns":3},{"damage":7,"enemies":"2 Louse","floor":5,"turns":3},{"damage":24,"enemies":"Gremlin Nob","floor":6,"turns":4},{"damage":40,"enemies":"Lagavulin","floor":12,"turns":4},{"damage":12,"enemies":"Slime Boss","floor":16,"turns":9},{"damage":22,"enemies":"Chosen","floor":18,"turns":5},{"damage":45,"enemies":"Spheric Guardian","floor":20,"turns":6},{"damage":46,"enemies":"Shelled Parasite and Fungi","floor":29,"turns":5},{"damage":50,"enemies":"Slavers","floor":30,"turns":3}],"seed_played":"6603126485900237393","potions_obtained":[{"floor":4,"key":"Strength Potion"},{"floor":5,"key":"Weak Potion"},{"floor":12,"key":"SkillPotion"},{"floor":29,"key":"Explosive Potion"}],"is_trial":false,"path_per_floor":["M","?","?","M","M","E","R","$","T","$","?","E","?","?","R","B",null,"M","?","M","$","?","R","$","R","T","T","R","M","E"],"character_chosen":"IRONCLAD","items_purchased":["Omamori","Lee\u0027s Waffle","Poison Potion","Poison Potion"],"campfire_rested":2,"item_purchase_floors":[8,21,24,24],"current_hp_per_floor":[54,38,38,40,39,21,45,45,45,45,45,11,31,57,80,74,79,63,63,24,87,87,87,87,87,87,87,87,47,0],"gold":132,"neow_bonus":"RANDOM_COMMON_RELIC","is_prod":false,"is_daily":false,"chose_seed":false,"campfire_upgraded":3,"win_rate":0,"timestamp":1571617417,"path_taken":["M","?","?","?","M","E","R","$","T","$","?","E","?","?","R","BOSS","M","?","M","$","?","R","$","R","T","?","R","?","E"],"build_version":"2019-07-17","purchased_purges":0,"victory":false,"max_hp_per_floor":[80,80,80,80,80,80,80,80,80,80,80,80,80,80,80,80,80,80,80,80,87,87,87,87,87,87,87,87,87,87],"card_choices":[{"not_picked":["Twin Strike","True Grit","Sentinel"],"picked":"SKIP","floor":1},{"not_picked":["Flex","Anger"],"picked":"Cleave","floor":4},{"not_picked":["Hemokinesis","Perfected Strike"],"picked":"Cleave","floor":5},{"not_picked":["Dual Wield","Flex","Hemokinesis"],"picked":"SKIP","floor":6},{"not_picked":["Flex","Headbutt"],"picked":"Shrug It Off","floor":12},{"not_picked":["Exhume","Offering"],"picked":"Barricade","floor":16},{"not_picked":["Thunderclap","Warcry+1","Sentinel"],"picked":"SKIP","floor":18},{"not_picked":["Twin Strike","Flex","Sever Soul+1"],"picked":"SKIP","floor":20},{"not_picked":["Cleave","Impervious","Seeing Red"],"picked":"SKIP","floor":29}],"player_experience":319309,"relics_obtained":[{"floor":6,"key":"Dream Catcher"},{"floor":9,"key":"Happy Flower"},{"floor":12,"key":"Lantern"},{"floor":26,"key":"Shuriken"},{"floor":27,"key":"Tiny Chest"}],"event_choices":[{"damage_healed":0,"gold_gain":0,"player_choice":"Entered Light","damage_taken":16,"max_hp_gain":0,"max_hp_loss":0,"event_name":"Shining Light","floor":2,"gold_loss":0,"cards_upgraded":["Defend_R","Defend_R"]},{"damage_healed":0,"gold_gain":0,"player_choice":"Grow","damage_taken":0,"max_hp_gain":0,"max_hp_loss":0,"event_name":"Living Wall","floor":3,"gold_loss":0,"cards_upgraded":["Bash"]},{"damage_healed":0,"gold_gain":175,"player_choice":"AGREE","damage_taken":0,"max_hp_gain":0,"max_hp_loss":0,"event_name":"Liars Game","floor":11,"gold_loss":0,"cards_obtained":["Doubt"]},{"damage_healed":20,"gold_gain":0,"player_choice":"Healed","damage_taken":0,"max_hp_gain":0,"max_hp_loss":0,"event_name":"The Cleric","floor":13,"gold_loss":35},{"damage_healed":26,"gold_gain":0,"player_choice":"Banana","damage_taken":0,"max_hp_gain":0,"max_hp_loss":0,"event_name":"Big Fish","floor":14,"gold_loss":0},{"damage_healed":0,"gold_gain":0,"player_choice":"Stole Relic","damage_taken":0,"relics_obtained":["Oddly Smooth Stone"],"max_hp_gain":0,"max_hp_loss":0,"event_name":"Addict","floor":19,"gold_loss":0,"cards_obtained":["Shame"]},{"damage_healed":0,"gold_gain":0,"player_choice":"Inject Mutagens","damage_taken":0,"relics_obtained":["MutagenicStrength"],"max_hp_gain":0,"max_hp_loss":0,"event_name":"Drug Dealer","floor":22,"gold_loss":0}],"is_beta":false,"boss_relics":[{"not_picked":["Busted Crown","White Beast Statue"],"picked":"Empty Cage"}],"items_purged_floors":[],"is_endless":false,"potions_floor_spawned":[4,5,12,29],"killed_by":"Slavers","ascension_level":8}