{"gold_per_floor":[111,61,61,61,84,84,116,132,132,132,145,163,178,37,37,140,140,159,84,84,84,99,99,63,63,86,125,137],"floor_reached":28,"playtime":623,"items_purged":["Strike_R"],"score":353,"play_id":"09ebba27-2b53-4ea8-b5ba-2951cc62bf07","local_time":"20191018004356","is_ascension_mode":true,"campfire_choices":[{"floor":6,"key":"REST"},{"floor":10,"key":"REST"},{"floor":15,"key":"REST"},{"data":"Defend_R","floor":23,"key":"SMITH"},{"floor":25,"key":"REST"}],"neow_cost":"NONE","seed_source_timestamp":475146997251900,"circlet_count":0,"master_deck":["Defend_R","Defend_R+1","Defend_R","Bash+1","Headbutt+1","Pommel Strike+1","Cleave+1","Reaper+1","Bite+1","Bite+1","Bite+1","Bite+1","Bite+1","Dropkick+1"],"relics":["Burning Blood","Bronze Scales","Molten Egg 2","Bag of Preparation","Champion Belt","Ornamental Fan","Runic Pyramid","Nilry\u0027s Codex","MawBank","Juzu Bracelet"],"potions_floor_usage":[12,22,27],"damage_taken":[{"damage":6,"enemies":"Cultist","floor":1,"turns":3},{"damage":40,"enemies":"Lagavulin","floor":7,"turns":5},{"damage":9,"enemies":"Jaw Worm","floor":8,"turns":2},{"damage":2,"enemies":"2 Louse","floor":11,"turns":2},{"damage":14,"enemies":"Gremlin Gang","floor":12,"turns":3},{"damage":9,"enemies":"Large Slime","floor":13,"turns":3},{"damage":62,"enemies":"Hexaghost","floor":16,"turns":8},{"damage":8,"enemies":"Chosen","floor":18,"turns":3},{"damage":14,"enemies":"3 Byrds","floor":22,"turns":1},{"damage":60,"enemies":"Slavers","floor":27,"turns":4},{"damage":31,"enemies":"Colosseum Slavers","floor":28,"turns":2}],"seed_played":"2288337294196195231","potions_obtained":[{"floor":8,"key":"PowerPotion"},{"floor":12,"key":"Weak Potion"},{"floor":16,"key":"LiquidBronze"},{"floor":22,"key":"SpeedPotion"}],"is_trial":false,"path_per_floor":["M","?","?","T","T","R","E","M","T","R","M","M","M","$","R","B",null,"M","$","?","?","M","R","$","R","T","E","?"],"character_chosen":"IRONCLAD","items_purchased":["Reaper+1","Dropkick+1"],"campfire_rested":4,"item_purchase_floors":[14,24],"current_hp_per_floor":[72,72,56,56,56,80,46,43,43,67,71,63,60,60,80,31,68,66,66,56,40,41,41,41,56,56,14,0],"gold":137,"neow_bonus":"RANDOM_COMMON_RELIC","is_prod":false,"is_daily":false,"chose_seed":false,"campfire_upgraded":1,"win_rate":0,"timestamp":1571377436,"path_taken":["M","?","?","?","?","R","E","?","T","R","?","M","M","$","R","BOSS","M","$","?","?","M","R","$","R","T","E","?"],"build_version":"2019-07-17","purchased_purges":1,"victory":false,"max_hp_per_floor":[80,80,80,80,80,80,80,80,80,80,80,80,80,80,80,80,80,80,80,56,56,56,56,56,56,56,56,56],"card_choices":[{"not_picked":["Wild Strike","Twin Strike","Reckless Charge"],"picked":"SKIP","floor":1},{"not_picked":["Body Slam+1","Wild Strike+1"],"picked":"Headbutt+1","floor":7},{"not_picked":["Corruption","Wild Strike+1"],"picked":"Pommel Strike+1","floor":8},{"not_picked":["Clothesline+1","Warcry","Heavy Blade+1"],"picked":"SKIP","floor":11},{"not_picked":["Warcry","Body Slam+1","Uppercut+1"],"picked":"SKIP","floor":12},{"not_picked":["Sword Boomerang+1","Perfected Strike+1"],"picked":"Cleave+1","floor":13},{"not_picked":["Body Slam+1","Blood for Blood+1","Iron Wave+1"],"picked":"SKIP","floor":18},{"not_picked":["Sword Boomerang+1","Rupture","Clothesline+1"],"picked":"SKIP","floor":22},{"not_picked":["Pummel+1","Twin Strike+1","Rage"],"picked":"SKIP","floor":27}],"player_experience":317501,"relics_obtained":[{"floor":4,"key":"Molten Egg 2"},{"floor":5,"key":"Bag of Preparation"},{"floor":7,"key":"Champion Belt"},{"floor":9,"key":"Ornamental Fan"},{"floor":21,"key":"Nilry\u0027s Codex"},{"floor":26,"key":"MawBank"},{"floor":27,"key":"Juzu Bracelet"}],"event_choices":[{"cards_removed":["Defend_R"],"damage_healed":0,"gold_gain":0,"player_choice":"Card Removal","damage_taken":0,"max_hp_gain":0,"max_hp_loss":0,"event_name":"The Cleric","floor":2,"gold_loss":50},{"damage_healed":0,"gold_gain":0,"player_choice":"Entered Light","damage_taken":16,"max_hp_gain":0,"max_hp_loss":0,"event_name":"Shining Light","floor":3,"gold_loss":0,"cards_upgraded":["Strike_R","Bash"]},{"damage_healed":0,"gold_gain":0,"player_choice":"Became a vampire","damage_taken":0,"max_hp_gain":0,"max_hp_loss":24,"event_name":"Vampires","floor":20,"gold_loss":0,"cards_obtained":["Bite","Bite","Bite","Bite","Bite"]},{"damage_healed":0,"gold_gain":0,"player_choice":"Obtained Book","damage_taken":16,"max_hp_gain":0,"max_hp_loss":0,"event_name":"Cursed Tome","floor":21,"gold_loss":0},{"damage_healed":0,"gold_gain":0,"player_choice":"Fight","damage_taken":0,"max_hp_gain":0,"max_hp_loss":0,"event_name":"Colosseum","floor":28,"gold_loss":0}],"is_beta":false,"boss_relics":[{"not_picked":["Velvet Choker","White Beast Statue"],"picked":"Runic Pyramid"}],"items_purged_floors":[19],"is_endless":false,"potions_floor_spawned":[8,12,16,22],"killed_by":"Colosseum Slavers","ascension_level":8}