{"gold_per_floor":[114,289,289,19,34,99,116,129,129,141,159,159,174,174,174,279,279,293,293,56,66,66],"floor_reached":22,"playtime":746,"items_purged":[],"score":301,"play_id":"ca32f505-38f8-4a07-97fe-e75f3a692eed","local_time":"20191020200552","is_ascension_mode":true,"campfire_choices":[{"floor":12.0,"key":"REST"},{"floor":15.0,"key":"REST"}],"neow_cost":"NONE","seed_source_timestamp":181467694428700,"circlet_count":0,"master_deck":["AscendersBane","Strike_R","Strike_R","Strike_R","Strike_R","Defend_R","Defend_R","Defend_R","Flex","Shrug It Off","Rupture","Spot Weakness","Immolate","Ghostly Armor","Flex","Flex","Thunderclap","Berserk","Fire Breathing","Juggernaut","Iron Wave","Sword Boomerang","Armaments"],"special_seed":0,"relics":["Burning Blood","OrangePellets","Tiny Chest","Bronze Scales","Empty Cage"],"potions_floor_usage":[],"damage_taken":[{"damage":7.0,"enemies":"2 Louse","floor":1.0,"turns":4.0},{"damage":10.0,"enemies":"Jaw Worm","floor":5.0,"turns":4.0},{"damage":51.0,"enemies":"Gremlin Nob","floor":6.0,"turns":5.0},{"damage":1.0,"enemies":"Cultist","floor":7.0,"turns":3.0},{"damage":0.0,"enemies":"Lots of Slimes","floor":8.0,"turns":1.0},{"damage":25.0,"enemies":"Large Slime","floor":10.0,"turns":7.0},{"damage":0.0,"enemies":"Gremlin Gang","floor":11.0,"turns":3.0},{"damage":19.0,"enemies":"Lots of Slimes","floor":13.0,"turns":2.0},{"damage":37.0,"enemies":"Slime Boss","floor":16.0,"turns":9.0},{"damage":25.0,"enemies":"Spheric Guardian","floor":18.0,"turns":4.0},{"damage":24.0,"enemies":"Shell Parasite","floor":21.0,"turns":5.0},{"damage":0,"enemies":"3 Cultists","floor":22,"turns":2}],"seed_played":"-3536331992346699980","potions_obtained":[{"floor":5.0,"key":"LiquidBronze"},{"floor":6.0,"key":"Ancient Potion"},{"floor":11.0,"key":"Energy Potion"},{"floor":16.0,"key":"Explosive Potion"}],"is_trial":false,"path_per_floor":["M","?","?","$","M","E","M","M","T","M","M","R","M","?","R","B",null,"M","?","$","M","M"],"character_chosen":"IRONCLAD","items_purchased":["OrangePellets","Rupture","Juggernaut","Iron Wave","Sword Boomerang"],"campfire_rested":2,"item_purchase_floors":[4,4,20,20,20],"current_hp_per_floor":[71,71,64,64,60,15,20,26,26,7,13,37,24,24,48,17,64,45,45,45,27,27],"gold":66,"neow_bonus":"TRANSFORM_CARD","is_prod":false,"is_daily":false,"chose_seed":false,"campfire_upgraded":0,"win_rate":0,"timestamp":1571616352,"path_taken":["M","?","?","?","?","E","?","M","T","?","M","R","M","?","R","BOSS","M","?","$","?","M"],"build_version":"2019-07-17","purchased_purges":0,"victory":false,"max_hp_per_floor":[80,80,80,80,80,80,80,80,80,80,80,80,80,80,80,80,80,80,80,80,80,80],"card_choices":[{"not_picked":["Pommel Strike","Dual Wield"],"picked":"Shrug It Off","floor":1.0},{"not_picked":["Havoc","Clash"],"picked":"Spot Weakness","floor":5.0},{"not_picked":["Wild Strike","Sword Boomerang"],"picked":"Immolate","floor":6.0},{"not_picked":["Cleave","Clothesline"],"picked":"Ghostly Armor","floor":7.0},{"not_picked":["Wild Strike","Whirlwind"],"picked":"Combust","floor":8.0},{"not_picked":["Bloodletting","Carnage"],"picked":"Flex","floor":10.0},{"not_picked":["Pummel","Blood for Blood"],"picked":"Flex","floor":11.0},{"not_picked":["Body Slam","Pummel"],"picked":"Thunderclap","floor":13.0},{"not_picked":["Brutality","Barricade"],"picked":"Berserk","floor":16.0},{"not_picked":["Dual Wield","Perfected Strike"],"picked":"Fire Breathing","floor":18.0},{"not_picked":["Thunderclap+1","Blood for Blood+1"],"picked":"Armaments","floor":21.0}],"player_experience":736853,"relics_obtained":[{"floor":6.0,"key":"Tiny Chest"},{"floor":9.0,"key":"Bronze Scales"}],"event_choices":[{"damage_healed":0.0,"max_hp_gain":0.0,"max_hp_loss":0.0,"gold_gain":175.0,"event_name":"Liars Game","player_choice":"AGREE","floor":2.0,"gold_loss":0.0,"damage_taken":0.0,"cards_obtained":["Doubt"]},{"cards_removed":["Doubt"],"damage_healed":0.0,"max_hp_gain":0.0,"max_hp_loss":0.0,"gold_gain":0.0,"event_name":"Golden Wing","player_choice":"Card Removal","floor":3.0,"gold_loss":0.0,"damage_taken":7.0},{"damage_healed":0.0,"max_hp_gain":0.0,"max_hp_loss":0.0,"gold_gain":0.0,"event_name":"Dead Adventurer","player_choice":"Searched \u00270\u0027 times","floor":14.0,"gold_loss":0.0,"damage_taken":0.0},{"cards_removed":["Defend_R"],"damage_healed":0.0,"max_hp_gain":0.0,"max_hp_loss":0.0,"gold_gain":0.0,"event_name":"Bonfire Elementals","player_choice":"Offered Basic","floor":19.0,"gold_loss":0.0,"damage_taken":0.0}],"is_beta":false,"boss_relics":[{"not_picked":["Busted Crown","Lizard Tail"],"picked":"Empty Cage"}],"items_purged_floors":[],"is_endless":false,"potions_floor_spawned":[5,6,11,16],"killed_by":"3 Cultists","ascension_level":12}