{"gold_per_floor":[111,125,202,218,230,230,155,165,218,218,228,248,248,265,265,369,369,388,313,213,213,88,88,98,98,145,159,258,275,275,291,291,391,391,408,419,438,438,288,288,113,113,113,113,125,136,136,156,156,156],"floor_reached":51,"playtime":2552,"items_purged":["Strike_R","Strike_R","Strike_R","Bash+1","Body Slam"],"score":668,"play_id":"81e1b783-e142-4cc4-9fe7-9e94cfdcd2e7","local_time":"20191021013146","is_ascension_mode":false,"campfire_choices":[{"data":"True Grit","floor":6.0,"key":"SMITH"},{"floor":10.0,"key":"REST"},{"data":"Dropkick","floor":13.0,"key":"SMITH"},{"data":"Bash","floor":15.0,"key":"SMITH"},{"data":"Dropkick","floor":23.0,"key":"SMITH"},{"floor":32.0,"key":"REST"},{"data":"Burning Pact","floor":40.0,"key":"SMITH"},{"floor":42.0,"key":"REST"},{"floor":44.0,"key":"REST"},{"floor":49,"key":"REST"}],"neow_cost":"NONE","seed_source_timestamp":0,"circlet_count":0,"master_deck":["Dropkick+1","Sever Soul","True Grit+1","Dropkick+1","Limit Break","Burning Pact+1","Shockwave","Thunderclap+1"],"special_seed":0,"relics":["Empty Cage"],"potions_floor_usage":[],"damage_taken":[{"damage":1.0,"enemies":"Cultist","floor":1.0,"turns":4.0},{"damage":6.0,"enemies":"Jaw Worm","floor":2.0,"turns":3.0},{"damage":0.0,"enemies":"2 Louse","floor":4.0,"turns":2.0},{"damage":10.0,"enemies":"Large Slime","floor":5.0,"turns":7.0},{"damage":32.0,"enemies":"Gremlin Gang","floor":8.0,"turns":6.0},{"damage":1.0,"enemies":"Exordium Wildlife","floor":11.0,"turns":3.0},{"damage":0.0,"enemies":"2 Fungi Beasts","floor":12.0,"turns":3.0},{"damage":0.0,"enemies":"Large Slime","floor":14.0,"turns":5.0},{"damage":16.0,"enemies":"Slime Boss","floor":16.0,"turns":8.0},{"damage":18.0,"enemies":"2 Thieves","floor":18.0,"turns":4.0},{"damage":15.0,"enemies":"Spheric Guardian","floor":24.0,"turns":4.0},{"damage":12.0,"enemies":"Snake Plant","floor":27.0,"turns":3.0},{"damage":6.0,"enemies":"Chosen and Byrds","floor":29.0,"turns":4.0},{"damage":12.0,"enemies":"Shelled Parasite and Fungi","floor":31.0,"turns":3.0},{"damage":30.0,"enemies":"Automaton","floor":33.0,"turns":4.0},{"damage":14.0,"enemies":"Orb Walker","floor":35.0,"turns":3.0},{"damage":13.0,"enemies":"3 Shapes","floor":36.0,"turns":2.0},{"damage":16.0,"enemies":"Sphere and 2 Shapes","floor":37.0,"turns":3.0},{"damage":24.0,"enemies":"Jaw Worm Horde","floor":45.0,"turns":2.0},{"damage":0.0,"enemies":"Transient","floor":46.0,"turns":2.0},{"damage":0,"enemies":"3 Darklings","floor":48,"turns":2},{"damage":6,"enemies":"Awakened One","floor":50,"turns":3}],"seed_played":"-8131348811480813596","potions_obtained":[{"floor":1.0,"key":"Poison Potion"},{"floor":2.0,"key":"Fire Potion"},{"floor":11.0,"key":"BloodPotion"},{"floor":12.0,"key":"Ancient Potion"},{"floor":14.0,"key":"Energy Potion"},{"floor":16.0,"key":"Explosive Potion"},{"floor":18.0,"key":"PowerPotion"},{"floor":29.0,"key":"AttackPotion"},{"floor":31.0,"key":"SkillPotion"},{"floor":35.0,"key":"FearPotion"},{"floor":45.0,"key":"Poison Potion"}],"is_trial":false,"path_per_floor":["M","M","T","M","M","R","$","M","T","R","M","M","R","M","R","B",null,"M","?","$","?","$","R","M","?","T","M","?","M","?","M","R","B",null,"M","M","M","?","$","R","$","R","T","R","M","M","?","M","R","B",null],"character_chosen":"IRONCLAD","items_purchased":[],"campfire_rested":5,"item_purchase_floors":[],"current_hp_per_floor":[79,73,73,73,63,63,63,31,31,55,54,74,74,74,74,58,80,62,62,62,62,62,62,47,47,47,35,35,29,29,17,41,11,80,66,53,37,37,37,37,37,59,59,76,52,52,52,52,74,68],"gold":156,"neow_bonus":"BOSS_RELIC","is_prod":false,"is_daily":false,"chose_seed":false,"campfire_upgraded":5,"win_rate":0,"timestamp":1571635906,"path_taken":["M","M","?","M","M","R","$","M","T","R","M","M","R","M","R","BOSS","M","?","$","?","$","R","M","?","T","M","?","M","?","?","R","BOSS","M","M","M","?","$","R","$","R","T","R","M","M","?","M","R","BOSS"],"build_version":"2019-07-17","purchased_purges":5,"victory":true,"max_hp_per_floor":[80,80,80,80,80,80,80,80,80,80,80,80,80,80,80,80,80,80,80,80,80,80,80,80,80,80,80,80,80,80,80,80,80,80,80,80,80,76,76,76,76,76,76,76,76,76,76,76,76,76],"card_choices":[{"not_picked":["Intimidate","Havoc"],"picked":"Dropkick","floor":1.0},{"not_picked":["Burning Pact","Cleave"],"picked":"Sever Soul","floor":2.0},{"not_picked":["Cleave","Uppercut"],"picked":"True Grit","floor":4.0},{"not_picked":["Headbutt","Sword Boomerang","Flex"],"picked":"SKIP","floor":5.0},{"not_picked":["Flex","Blood for Blood","Iron Wave"],"picked":"SKIP","floor":8.0},{"not_picked":["True Grit","Second Wind"],"picked":"Dropkick","floor":11.0},{"not_picked":["Perfected Strike","Sword Boomerang","Power Through"],"picked":"SKIP","floor":12.0},{"not_picked":["Blood for Blood","Disarm","Double Tap"],"picked":"SKIP","floor":14.0},{"not_picked":["Armaments","Heavy Blade","Bloodletting+1"],"picked":"SKIP","floor":18.0},{"not_picked":["Headbutt","Havoc","Iron Wave"],"picked":"SKIP","floor":24.0},{"not_picked":["Bloodletting+1","True Grit","Burning Pact"],"picked":"SKIP","floor":27.0},{"not_picked":["Impervious","Shockwave","Twin Strike"],"picked":"SKIP","floor":29.0},{"not_picked":["Reckless Charge+1","Armaments","True Grit"],"picked":"SKIP","floor":31.0},{"not_picked":["Searing Blow","Wild Strike"],"picked":"Shockwave","floor":35.0},{"not_picked":["True Grit+1","Clash","Pommel Strike"],"picked":"SKIP","floor":36.0},{"not_picked":["Pummel+1","Anger"],"picked":"Thunderclap+1","floor":37.0},{"not_picked":["Warcry+1","Sword Boomerang","Anger+1"],"picked":"SKIP","floor":45.0},{"not_picked":["Metallicize","Brutality","Perfected Strike+1"],"picked":"SKIP","floor":46.0},{"not_picked":["Headbutt+1","Armaments+1","Combust"],"picked":"SKIP","floor":48}],"player_experience":897266,"relics_obtained":[],"event_choices":[{"cards_removed":["Strike_R"],"damage_healed":0.0,"max_hp_gain":0.0,"max_hp_loss":0.0,"gold_gain":0.0,"event_name":"Beggar","player_choice":"Gave Gold","floor":19.0,"gold_loss":75.0,"damage_taken":0.0},{"damage_healed":0.0,"max_hp_gain":0.0,"max_hp_loss":0.0,"gold_gain":0.0,"event_name":"Vampires","player_choice":"Ignored","floor":21.0,"gold_loss":0.0,"damage_taken":0.0},{"damage_healed":0.0,"max_hp_gain":0.0,"max_hp_loss":0.0,"gold_gain":0.0,"cards_transformed":["Defend_R","Defend_R"],"event_name":"Drug Dealer","player_choice":"Became Test Subject","floor":25.0,"gold_loss":0.0,"damage_taken":0.0,"cards_obtained":["Body Slam","Limit Break"]},{"damage_healed":0.0,"max_hp_gain":0.0,"max_hp_loss":0.0,"gold_gain":99.0,"event_name":"Nest","player_choice":"Stole From Cult","floor":28.0,"gold_loss":0.0,"damage_taken":0.0},{"damage_healed":0.0,"max_hp_gain":0.0,"max_hp_loss":0.0,"gold_gain":0.0,"cards_transformed":["Defend_R"],"event_name":"Transmorgrifier","player_choice":"Transformed","floor":30.0,"gold_loss":0.0,"damage_taken":0.0,"cards_obtained":["Burning Pact"]},{"damage_healed":0.0,"max_hp_gain":0.0,"max_hp_loss":4.0,"gold_gain":0.0,"event_name":"Winding Halls","player_choice":"Max HP","floor":38.0,"gold_loss":0.0,"damage_taken":0.0},{"damage_healed":0.0,"max_hp_gain":0.0,"max_hp_loss":0.0,"gold_gain":0.0,"event_name":"Tomb of Lord Red Mask","player_choice":"Ignored","floor":47.0,"gold_loss":0.0,"damage_taken":0.0}],"is_beta":false,"boss_relics":[{"not_picked":["Velvet Choker","White Beast Statue","Busted Crown"]},{"not_picked":["Eternal Feather","Tiny House","Philosopher\u0027s Stone"]}],"items_purged_floors":[7,20,22,39,41],"is_endless":false,"potions_floor_spawned":[1,2,11,12,14,16,18,29,31,33,35,45,46],"ascension_level":0}