{"gold_per_floor":[11,11,25,25,25,58,58,71,71,105,115,125,180,207,207,311,311,321,335,335,355,31,65,65,65,65,75,75],"floor_reached":28,"playtime":1531,"items_purged":["Strike_R"],"score":297,"play_id":"dbdaf6d0-0541-4c9b-b42e-8f6a7e01df38","local_time":"20190725222558","is_ascension_mode":true,"campfire_choices":[{"data":"Double Tap","floor":7,"key":"SMITH"},{"floor":15,"key":"REST"},{"floor":24,"key":"REST"}],"neow_cost":"NO_GOLD","seed_source_timestamp":0,"circlet_count":0,"master_deck":["Strike_R","Defend_R","Defend_R","Defend_R","Bash","Double Tap+1","Demon Form","Clothesline","Pommel Strike","Bloodletting","Ghostly Armor","Disarm","Cleave","Shrug It Off","Immolate","Juggernaut","Clash+1","Flex+1","Spot Weakness+1","Infernal Blade+1","Iron Wave","Double Tap+1","Sword Boomerang","Iron Wave","Heavy Blade+1","Shame","Seeing Red"],"special_seed":0,"relics":["Burning Blood","FaceOfCleric","Centennial Puzzle","Mummified Hand","Blue Candle","Matryoshka","Bronze Scales","Astrolabe","OrangePellets","Anchor","Pantograph","Omamori","The Courier"],"potions_floor_usage":[10,12,14,14,14],"damage_taken":[{"damage":5,"enemies":"Small Slimes","floor":1,"turns":4},{"damage":11,"enemies":"Cultist","floor":3,"turns":4},{"damage":36,"enemies":"Lagavulin","floor":6,"turns":6},{"damage":3,"enemies":"2 Louse","floor":8,"turns":3},{"damage":38,"enemies":"3 Sentries","floor":10,"turns":9},{"damage":8,"enemies":"Large Slime","floor":11,"turns":7},{"damage":12,"enemies":"Lots of Slimes","floor":12,"turns":3},{"damage":15,"enemies":"Gremlin Nob","floor":13,"turns":4},{"damage":33,"enemies":"Gremlin Nob","floor":14,"turns":4},{"damage":23,"enemies":"Hexaghost","floor":16,"turns":11},{"damage":15,"enemies":"Chosen","floor":18,"turns":4},{"damage":13,"enemies":"Shell Parasite","floor":19,"turns":4},{"damage":10,"enemies":"Centurion and Healer","floor":21,"turns":3},{"damage":59,"enemies":"Gremlin Leader","floor":23,"turns":5},{"damage":19,"enemies":"3 Cultists","floor":27,"turns":4},{"damage":37,"enemies":"Book of Stabbing","floor":28,"turns":4}],"seed_played":"3288132959023049671","potions_obtained":[{"floor":6,"key":"Explosive Potion"},{"floor":10,"key":"PowerPotion"},{"floor":11,"key":"BloodPotion"},{"floor":12,"key":"Strength Potion"},{"floor":13,"key":"BloodPotion"},{"floor":16,"key":"Ancient Potion"},{"floor":19,"key":"Explosive Potion"},{"floor":23,"key":"Explosive Potion"},{"floor":27,"key":"AttackPotion"}],"is_trial":false,"path_per_floor":["M","?","M","$","$","E","R","M","T","E","M","M","?","E","R","B",null,"M","M","?","M","$","E","R","?","T","M","E"],"character_chosen":"IRONCLAD","items_purchased":["OrangePellets","Iron Wave"],"campfire_rested":2,"item_purchase_floors":[22,22],"current_hp_per_floor":[80,80,76,76,76,47,47,51,51,20,19,35,27,22,48,32,89,81,75,75,72,72,20,47,47,47,35,0],"gold":75,"neow_bonus":"TRANSFORM_TWO_CARDS","is_prod":false,"is_daily":false,"chose_seed":false,"campfire_upgraded":1,"win_rate":0,"timestamp":1564086358,"path_taken":["M","?","M","?","$","E","R","M","T","E","?","M","?","E","R","BOSS","M","M","?","?","$","E","R","?","T","M","E"],"build_version":"2019-07-18","purchased_purges":1,"victory":false,"max_hp_per_floor":[80,80,81,81,81,82,82,83,83,84,85,86,87,88,88,89,89,90,91,91,92,92,93,93,93,93,94,94],"card_choices":[{"not_picked":["True Grit","Wild Strike"],"picked":"Clothesline","floor":1},{"not_picked":["Clothesline","Dual Wield"],"picked":"Pommel Strike","floor":3},{"not_picked":["Exhume","True Grit"],"picked":"Bloodletting","floor":6},{"not_picked":["Clash","Warcry"],"picked":"Ghostly Armor","floor":8},{"not_picked":["Reckless Charge","Sever Soul"],"picked":"Disarm","floor":10},{"not_picked":["Pommel Strike","Perfected Strike"],"picked":"Cleave","floor":11},{"not_picked":["Evolve","Twin Strike"],"picked":"Shrug It Off","floor":12},{"not_picked":["Cleave","Clothesline"],"picked":"Evolve","floor":13},{"not_picked":["Battle Trance","Rage"],"picked":"Immolate","floor":14},{"not_picked":["Reaper","Brutality"],"picked":"Juggernaut","floor":16},{"not_picked":["Whirlwind","Heavy Blade"],"picked":"Infernal Blade+1","floor":18},{"not_picked":["Cleave","Twin Strike"],"picked":"Iron Wave","floor":19},{"not_picked":["Headbutt","Clash"],"picked":"Sword Boomerang","floor":21},{"not_picked":["Evolve+1","Carnage"],"picked":"Heavy Blade+1","floor":23},{"not_picked":["Ghostly Armor","Intimidate"],"picked":"Seeing Red","floor":27}],"player_experience":118773,"relics_obtained":[{"floor":6,"key":"Centennial Puzzle"},{"floor":9,"key":"Mummified Hand"},{"floor":10,"key":"Blue Candle"},{"floor":13,"key":"Matryoshka"},{"floor":14,"key":"Bronze Scales"},{"floor":23,"key":"Anchor"},{"floor":26,"key":"Omamori"},{"floor":26,"key":"The Courier"}],"event_choices":[{"damage_healed":0,"gold_gain":0,"player_choice":"Trade","damage_taken":0,"relics_obtained":["FaceOfCleric"],"max_hp_gain":0,"max_hp_loss":0,"event_name":"FaceTrader","floor":2,"gold_loss":0},{"damage_healed":0,"gold_gain":0,"player_choice":"Searched \u00271\u0027 times","damage_taken":0,"max_hp_gain":0,"max_hp_loss":0,"event_name":"Dead Adventurer","floor":13,"gold_loss":0},{"damage_healed":0,"gold_gain":0,"player_choice":"Copied","damage_taken":0,"max_hp_gain":0,"max_hp_loss":0,"event_name":"Duplicator","floor":20,"gold_loss":0,"cards_obtained":["Double Tap"]},{"damage_healed":0,"gold_gain":0,"player_choice":"Stole Relic","damage_taken":0,"relics_obtained":["Pantograph"],"max_hp_gain":0,"max_hp_loss":0,"event_name":"Addict","floor":25,"gold_loss":0,"cards_obtained":["Shame"]}],"is_beta":true,"boss_relics":[{"not_picked":["Ectoplasm","Runic Pyramid"],"picked":"Astrolabe"}],"items_purged_floors":[22],"is_endless":false,"potions_floor_spawned":[6,10,11,12,13,16,19,23,27],"killed_by":"Book of Stabbing","ascension_level":3}