{"gold_per_floor":[109,62,110,35,35,35,78,96,96,115,139,139,152,165,165,286,286,302,65,90,5,5,48,48],"floor_reached":24,"playtime":937,"items_purged":["Strike_B","Strike_B"],"score":248,"play_id":"2374f454-cc9c-4c11-9f3a-3c8d824ad792","local_time":"20190905204743","is_ascension_mode":true,"campfire_choices":[{"data":"Zap","floor":6,"key":"SMITH"},{"data":"Rebound","floor":12,"key":"SMITH"},{"floor":15,"key":"REST"}],"neow_cost":"TEN_PERCENT_HP_LOSS","seed_source_timestamp":1756930280196300,"circlet_count":0,"master_deck":["Defend_B","Zap+1","Dualcast","Gash","Chill","Rebound+1","Self Repair","All For One","Reprogram+1","Electrodynamics+1","Beam Cell+1","Rebound","Rebound","Hologram","Gash+1"],"relics":["Cracked Core","Regal Pillow","Golden Idol","FossilizedHelix","Pen Nib","Astrolabe","Tiny Chest","Centennial Puzzle","Molten Egg 2","Potion Belt"],"potions_floor_usage":[14,24,24],"damage_taken":[{"damage":1,"enemies":"Cultist","floor":1,"turns":3},{"damage":50,"enemies":"3 Sentries","floor":7,"turns":9},{"damage":0,"enemies":"Jaw Worm","floor":8,"turns":3},{"damage":0,"enemies":"Small Slimes","floor":10,"turns":3},{"damage":0,"enemies":"3 Louse","floor":11,"turns":4},{"damage":0,"enemies":"Lots of Slimes","floor":13,"turns":4},{"damage":0,"enemies":"Exordium Wildlife","floor":14,"turns":5},{"damage":38,"enemies":"The Guardian","floor":16,"turns":11},{"damage":0,"enemies":"3 Byrds","floor":18,"turns":1},{"damage":7,"enemies":"Shell Parasite","floor":20,"turns":3},{"damage":32,"enemies":"Book of Stabbing","floor":23,"turns":4},{"damage":36,"enemies":"Shelled Parasite and Fungi","floor":24,"turns":2}],"seed_played":"-8565510988642597433","potions_obtained":[{"floor":10,"key":"Block Potion"},{"floor":11,"key":"FocusPotion"},{"floor":14,"key":"Strength Potion"},{"floor":18,"key":"EssenceOfSteel"},{"floor":23,"key":"Energy Potion"}],"is_trial":false,"path_per_floor":["M","$","T","$","?","R","E","M","T","M","M","R","M","M","R","B",null,"M","$","M","?","?","E","M"],"character_chosen":"DEFECT","items_purchased":["Gash","Rebound","Tiny Chest"],"campfire_rested":1,"item_purchase_floors":[2,19,19],"current_hp_per_floor":[67,67,67,67,63,63,13,13,13,13,13,13,13,20,53,22,63,63,63,63,63,63,31,0],"gold":48,"neow_bonus":"REMOVE_TWO","is_prod":false,"is_daily":false,"chose_seed":false,"campfire_upgraded":2,"win_rate":0,"timestamp":1567709263,"path_taken":["M","$","?","?","?","R","E","M","T","?","M","R","M","M","R","BOSS","M","$","M","?","?","E","M"],"build_version":"2019-08-26","purchased_purges":2,"victory":false,"max_hp_per_floor":[68,68,68,68,63,63,63,63,63,63,63,63,63,63,63,63,63,63,63,63,63,63,63,63],"card_choices":[{"not_picked":["Steam","Storm","Compile Driver"],"picked":"SKIP","floor":1},{"not_picked":["Storm","Ball Lightning","Darkness"],"picked":"SKIP","floor":7},{"not_picked":["Defragment","Streamline","Cold Snap"],"picked":"SKIP","floor":8},{"not_picked":["Leap","Redo"],"picked":"Chill","floor":10},{"not_picked":["Coolheaded","Compile Driver"],"picked":"Rebound","floor":11},{"not_picked":["Barrage","Stack"],"picked":"Self Repair","floor":13},{"not_picked":["Compile Driver","Multi-Cast","Doom and Gloom"],"picked":"SKIP","floor":14},{"not_picked":["Echo Form","Hyperbeam"],"picked":"All For One","floor":16},{"not_picked":["Coolheaded","Steam Power"],"picked":"Rebound","floor":18},{"not_picked":["Stack","Melter+1"],"picked":"Hologram","floor":20},{"not_picked":["Turbo+1","Beam Cell+1"],"picked":"Gash+1","floor":23}],"player_experience":145951,"relics_obtained":[{"floor":3,"key":"Regal Pillow"},{"floor":7,"key":"FossilizedHelix"},{"floor":9,"key":"Pen Nib"},{"floor":23,"key":"Potion Belt"}],"event_choices":[{"damage_healed":0,"gold_gain":0,"player_choice":"Lose Max HP","damage_taken":0,"relics_obtained":["Golden Idol"],"max_hp_gain":0,"max_hp_loss":5,"event_name":"Golden Idol","floor":5,"gold_loss":0},{"damage_healed":0,"gold_gain":0,"player_choice":"Obtained Relic","damage_taken":0,"relics_obtained":["Centennial Puzzle"],"max_hp_gain":0,"max_hp_loss":0,"event_name":"Addict","floor":21,"gold_loss":85},{"damage_healed":0,"gold_gain":0,"player_choice":"Gave Potion","damage_taken":0,"relics_obtained":["Molten Egg 2"],"max_hp_gain":0,"max_hp_loss":0,"event_name":"WeMeetAgain","floor":22,"gold_loss":0}],"is_beta":true,"boss_relics":[{"not_picked":["Snecko Eye","Cursed Key"],"picked":"Astrolabe"}],"items_purged_floors":[4,19],"is_endless":false,"potions_floor_spawned":[10,11,14,18,23],"killed_by":"Shelled Parasite and Fungi","ascension_level":3}