{"gold_per_floor":[112,13,27,202,102,102,137,137,162,162,182,202,202,220,220,317,317,335,348,76,76],"floor_reached":21,"playtime":573,"items_purged":["Strike_R","Doubt","Pain"],"score":275,"play_id":"e883544c-94ff-4849-be75-7167bb0ede58","local_time":"20190813234803","is_ascension_mode":true,"campfire_choices":[{"data":"Bash","floor":6,"key":"SMITH"},{"floor":13,"key":"REST"},{"data":"Dropkick","floor":15,"key":"SMITH"}],"neow_cost":"NONE","seed_source_timestamp":248390213561403,"circlet_count":0,"master_deck":["Strike_R","Strike_R+1","Strike_R","Strike_R","Defend_R","Defend_R+1","Defend_R","Defend_R","Bash+1","Cleave","Dropkick+1","Clash","Decay","Decay","Inflame"],"relics":["Burning Blood","NeowsBlessing","Self Forming Clay","Regal Pillow","Boot","Calling Bell","Girya","Ornamental Fan","Oddly Smooth Stone","Omamori"],"potions_floor_usage":[12,19,21],"damage_taken":[{"damage":0,"enemies":"Cultist","floor":1,"turns":1},{"damage":0,"enemies":"Jaw Worm","floor":3,"turns":1},{"damage":0,"enemies":"Lagavulin","floor":7,"turns":1},{"damage":2,"enemies":"Small Slimes","floor":11,"turns":3},{"damage":17,"enemies":"Exordium Thugs","floor":12,"turns":4},{"damage":16,"enemies":"Lots of Slimes","floor":14,"turns":3},{"damage":42,"enemies":"The Guardian","floor":16,"turns":11},{"damage":34,"enemies":"3 Byrds","floor":18,"turns":6},{"damage":11,"enemies":"Chosen","floor":19,"turns":4},{"damage":70,"enemies":"3 Cultists","floor":21,"turns":6}],"seed_played":"-7978299379346892620","potions_obtained":[{"floor":1,"key":"Dexterity Potion"},{"floor":7,"key":"PowerPotion"},{"floor":16,"key":"Weak Potion"},{"floor":18,"key":"BloodPotion"},{"floor":19,"key":"LiquidBronze"}],"is_trial":false,"path_per_floor":["M","$","M","?","$","R","E","?","T","?","M","M","R","M","R","B",null,"M","M","$","M"],"character_chosen":"IRONCLAD","items_purchased":["Cleave","Omamori"],"campfire_rested":1,"item_purchase_floors":[2,20],"current_hp_per_floor":[78,78,80,80,80,80,80,62,62,46,50,39,78,68,68,32,68,40,55,55,0],"gold":76,"neow_bonus":"THREE_ENEMY_KILL","is_prod":false,"is_daily":false,"chose_seed":false,"campfire_upgraded":2,"win_rate":0,"timestamp":1565758083,"path_taken":["M","$","M","?","$","R","E","?","T","?","?","M","R","M","R","BOSS","M","M","$","?"],"build_version":"2019-07-17","purchased_purges":3,"victory":false,"max_hp_per_floor":[80,80,80,80,80,80,80,80,80,80,80,80,80,80,80,80,80,80,80,80,80],"card_choices":[{"not_picked":["Disarm","Infernal Blade","Headbutt"],"picked":"SKIP","floor":1},{"not_picked":["True Grit","Whirlwind","Armaments"],"picked":"SKIP","floor":3},{"not_picked":["Feel No Pain","Whirlwind","Rupture"],"picked":"SKIP","floor":7},{"not_picked":["Seeing Red","Sword Boomerang"],"picked":"Dropkick","floor":11},{"not_picked":["Ghostly Armor","Armaments","Combust"],"picked":"SKIP","floor":12},{"not_picked":["Flex","Shrug It Off"],"picked":"Clash","floor":14},{"not_picked":["Iron Wave","Anger"],"picked":"Inflame","floor":18},{"not_picked":["Carnage+1","Armaments","Wild Strike"],"picked":"SKIP","floor":19}],"player_experience":298752,"relics_obtained":[{"floor":7,"key":"Self Forming Clay"},{"floor":9,"key":"Boot"},{"floor":17,"key":"Girya"},{"floor":17,"key":"Ornamental Fan"},{"floor":17,"key":"Oddly Smooth Stone"}],"event_choices":[{"damage_healed":0,"gold_gain":175,"player_choice":"AGREE","damage_taken":0,"max_hp_gain":0,"max_hp_loss":0,"event_name":"Liars Game","floor":4,"gold_loss":0,"cards_obtained":["Doubt"]},{"damage_healed":0,"gold_gain":0,"player_choice":"Success","damage_taken":18,"relics_obtained":["Regal Pillow"],"max_hp_gain":0,"max_hp_loss":0,"event_name":"Scrap Ooze","floor":8,"gold_loss":0},{"damage_healed":0,"gold_gain":0,"player_choice":"Entered Light","damage_taken":16,"max_hp_gain":0,"max_hp_loss":0,"event_name":"Shining Light","floor":10,"gold_loss":0,"cards_upgraded":["Strike_R","Defend_R"]}],"is_beta":false,"boss_relics":[{"not_picked":["Runic Pyramid","Velvet Choker"],"picked":"Calling Bell"}],"items_purged_floors":[2,5,20],"is_endless":false,"potions_floor_spawned":[1,7,16,18,19],"killed_by":"3 Cultists","ascension_level":7}