{"gold_per_floor":[117,117,136,147,19,19,36,36,82,108,8,8,8,8,8,112,112,124,124,114,114],"floor_reached":21,"playtime":692,"items_purged":["Defend_R","Strike_R"],"score":239,"play_id":"56b08b2a-0adb-4f29-9bfb-54109e84ccb8","local_time":"20190813224258","is_ascension_mode":true,"campfire_choices":[{"data":"Cleave","floor":6,"key":"SMITH"},{"floor":8,"key":"REST"},{"floor":13,"key":"REST"},{"data":"Barricade","floor":15,"key":"SMITH"}],"neow_cost":"PERCENT_DAMAGE","seed_source_timestamp":244365155957673,"circlet_count":0,"master_deck":["Strike_R","Strike_R","Strike_R","Defend_R","Defend_R","Defend_R","Bash","Barricade+1","Cleave+1","Shrug It Off","Impervious","Parasite","Body Slam"],"relics":["Burning Blood","Art of War","Ancient Tea Set","Lizard Tail"],"potions_floor_usage":[7,7,16,20],"damage_taken":[{"damage":8,"enemies":"2 Louse","floor":1,"turns":3},{"damage":11,"enemies":"Cultist","floor":3,"turns":4},{"damage":9,"enemies":"Small Slimes","floor":4,"turns":3},{"damage":24,"enemies":"Exordium Wildlife","floor":7,"turns":4},{"damage":32,"enemies":"Gremlin Nob","floor":10,"turns":4},{"damage":52,"enemies":"Slime Boss","floor":16,"turns":16},{"damage":72,"enemies":"Spheric Guardian","floor":18,"turns":10},{"damage":39,"enemies":"2 Thieves","floor":20,"turns":4},{"damage":24,"enemies":"Centurion and Healer","floor":21,"turns":4}],"seed_played":"4167502805093846476","potions_obtained":[{"floor":1,"key":"Weak Potion"},{"floor":4,"key":"FearPotion"},{"floor":10,"key":"SkillPotion"},{"floor":18,"key":"Regen Potion"}],"is_trial":false,"path_per_floor":["M","?","M","M","$","R","M","R","T","E","$","?","R","?","R","B",null,"M","?","M","M"],"character_chosen":"IRONCLAD","items_purchased":["Shrug It Off"],"campfire_rested":2,"item_purchase_floors":[5],"current_hp_per_floor":[49,49,44,41,41,41,23,47,47,21,21,41,65,65,65,19,65,46,31,12,0],"gold":114,"neow_bonus":"THREE_RARE_CARDS","is_prod":false,"is_daily":false,"chose_seed":false,"campfire_upgraded":2,"win_rate":0,"timestamp":1565754178,"path_taken":["M","?","M","M","$","R","M","R","T","E","$","?","R","?","R","BOSS","M","?","M","M"],"build_version":"2019-07-17","purchased_purges":2,"victory":false,"max_hp_per_floor":[80,80,80,80,80,80,80,80,80,80,80,80,80,80,80,80,80,80,85,85,85],"card_choices":[{"not_picked":["Demon Form","Brutality"],"picked":"Barricade","floor":0},{"not_picked":["Sever Soul","Intimidate"],"picked":"Cleave","floor":1},{"not_picked":["Carnage","Second Wind","Anger"],"picked":"SKIP","floor":3},{"not_picked":["Anger","Twin Strike","Dual Wield"],"picked":"SKIP","floor":4},{"not_picked":["Anger","Clothesline","Twin Strike"],"picked":"SKIP","floor":7},{"not_picked":["Pommel Strike","Perfected Strike"],"picked":"Impervious","floor":10},{"not_picked":["Wild Strike","Flex+1","Intimidate+1"],"picked":"SKIP","floor":18},{"not_picked":["True Grit","Clash"],"picked":"Body Slam","floor":20}],"player_experience":294830,"relics_obtained":[{"floor":9,"key":"Art of War"},{"floor":10,"key":"Ancient Tea Set"}],"event_choices":[{"cards_removed":["Strike_R"],"damage_healed":0,"gold_gain":0,"player_choice":"Purged","damage_taken":0,"max_hp_gain":0,"max_hp_loss":0,"event_name":"Purifier","floor":2,"gold_loss":0},{"damage_healed":20,"gold_gain":0,"player_choice":"Healed and dodged fight","damage_taken":0,"max_hp_gain":0,"max_hp_loss":0,"event_name":"Mushrooms","floor":12,"gold_loss":0,"cards_obtained":["Parasite"]},{"damage_healed":0,"gold_gain":0,"player_choice":"Ignored","damage_taken":0,"max_hp_gain":0,"max_hp_loss":0,"event_name":"Liars Game","floor":14,"gold_loss":0},{"damage_healed":0,"gold_gain":0,"player_choice":"Shed Blood","damage_taken":20,"max_hp_gain":5,"max_hp_loss":0,"event_name":"Forgotten Altar","floor":19,"gold_loss":0}],"is_beta":false,"boss_relics":[{"not_picked":["Snecko Eye","Astrolabe"],"picked":"Lizard Tail"}],"items_purged_floors":[5,11],"is_endless":false,"potions_floor_spawned":[1,4,10,18],"killed_by":"Centurion and Healer","ascension_level":7}