{"gold_per_floor":[109,3,3,22,90,120,221,221,221,237,49,74,90,110,110,212,212,228,247,14,64,37,37],"floor_reached":23,"playtime":1305,"items_purged":[],"score":322,"play_id":"1d09b66b-2482-4c84-a203-a6a7a52ff69c","local_time":"20191018214124","is_ascension_mode":true,"campfire_choices":[{"data":"Rupture","floor":8,"key":"SMITH"},{"floor":15,"key":"REST"}],"neow_cost":"NONE","seed_source_timestamp":14067578001400,"circlet_count":0,"master_deck":["AscendersBane","Strike_R","Strike_R","Strike_R","Strike_R","Defend_R","Defend_R","Defend_R","Defend_R","Bash","Hemokinesis","Rupture+1","Blood for Blood","Flame Barrier","Cleave","Cleave","Pommel Strike","Magnetism","Evolve","Brutality","Brutality+1","Double Tap+1","Cleave+1","Iron Wave","Warcry","Discovery","Swift Strike","Corruption"],"relics":["Burning Blood","NeowsBlessing","SsserpentHead","Potion Belt","Orichalcum","Mummified Hand","Dodecahedron","Astrolabe","Regal Pillow"],"potions_floor_usage":[6,14,18,23,23],"damage_taken":[{"damage":0,"enemies":"Cultist","floor":1,"turns":1},{"damage":0,"enemies":"Small Slimes","floor":4,"turns":1},{"damage":0,"enemies":"2 Louse","floor":5,"turns":1},{"damage":29,"enemies":"3 Sentries","floor":6,"turns":5},{"damage":9,"enemies":"Looter","floor":10,"turns":2},{"damage":13,"enemies":"Lagavulin","floor":12,"turns":5},{"damage":7,"enemies":"Large Slime","floor":13,"turns":5},{"damage":14,"enemies":"Exordium Thugs","floor":14,"turns":3},{"damage":66,"enemies":"Hexaghost","floor":16,"turns":9},{"damage":11,"enemies":"3 Byrds","floor":18,"turns":3},{"damage":31,"enemies":"Shell Parasite","floor":19,"turns":4},{"damage":35,"enemies":"Gremlin Leader","floor":23,"turns":5}],"seed_played":"972046102259967463","potions_obtained":[{"floor":4,"key":"Regen Potion"},{"floor":5,"key":"SpeedPotion"},{"floor":10,"key":"FearPotion"},{"floor":16,"key":"Fire Potion"},{"floor":18,"key":"Dexterity Potion"}],"is_trial":false,"path_per_floor":["M","$","?","M","M","E","T","R","T","M","$","E","M","M","R","B",null,"M","M","$","?","$","E"],"character_chosen":"IRONCLAD","items_purchased":["Rupture","Blood for Blood","Magnetism","Regal Pillow","Discovery","Corruption"],"campfire_rested":1,"item_purchase_floors":[2,2,11,20,20,22],"current_hp_per_floor":[78,78,78,80,80,69,69,69,69,66,66,59,58,50,74,14,64,59,34,34,34,34,0],"gold":37,"neow_bonus":"THREE_ENEMY_KILL","is_prod":false,"is_daily":false,"chose_seed":false,"campfire_upgraded":1,"win_rate":0,"timestamp":1571449284,"path_taken":["M","$","?","M","?","E","?","R","T","M","$","E","M","M","R","BOSS","M","M","$","?","?","E"],"build_version":"2019-07-17","purchased_purges":0,"victory":false,"max_hp_per_floor":[80,80,80,80,80,80,80,80,80,80,80,80,80,80,80,80,80,80,80,80,80,80,80],"card_choices":[{"not_picked":["Sword Boomerang","Havoc"],"picked":"Hemokinesis","floor":1},{"not_picked":["Entrench","True Grit"],"picked":"Flame Barrier","floor":4},{"not_picked":["Shockwave","Havoc"],"picked":"Cleave","floor":5},{"not_picked":["Spot Weakness","Intimidate"],"picked":"Cleave","floor":6},{"not_picked":["Havoc","Spot Weakness"],"picked":"Pommel Strike","floor":10},{"not_picked":["Anger","Spot Weakness"],"picked":"Cleave","floor":12},{"not_picked":["Clothesline","Perfected Strike"],"picked":"Cleave","floor":13},{"not_picked":["Wild Strike","Pommel Strike"],"picked":"Evolve","floor":14},{"not_picked":["Berserk","Feed"],"picked":"Brutality","floor":16},{"not_picked":["Pommel Strike","Clash"],"picked":"Iron Wave","floor":18},{"not_picked":["Anger","Twin Strike"],"picked":"Warcry","floor":19}],"player_experience":726519,"relics_obtained":[{"floor":6,"key":"Potion Belt"},{"floor":7,"key":"Orichalcum"},{"floor":9,"key":"Mummified Hand"},{"floor":12,"key":"Dodecahedron"}],"event_choices":[{"damage_healed":0,"gold_gain":0,"player_choice":"Trade","damage_taken":0,"relics_obtained":["SsserpentHead"],"max_hp_gain":0,"max_hp_loss":0,"event_name":"FaceTrader","floor":3,"gold_loss":0},{"damage_healed":0,"gold_gain":0,"player_choice":"1 cards matched","damage_taken":0,"max_hp_gain":0,"max_hp_loss":0,"event_name":"Match and Keep!","floor":21,"gold_loss":0,"cards_obtained":["Swift Strike"]}],"is_beta":false,"boss_relics":[{"not_picked":["Runic Cube","Busted Crown"],"picked":"Astrolabe"}],"items_purged_floors":[],"is_endless":false,"potions_floor_spawned":[4,5,10,16,18],"killed_by":"Gremlin Leader","ascension_level":12}