{"gold_per_floor":[113,38,38,55,75,75,88,117,141,141,95,125,136,146,146,251,251,262,13,13,13,13,13],"floor_reached":23,"playtime":811,"items_purged":["Strike_R"],"score":219,"play_id":"e751f3ef-c0c7-4488-8e5b-f4241a639401","local_time":"20190514232759","is_ascension_mode":true,"campfire_choices":[{"data":"Searing Blow+1","floor":6,"key":"SMITH"},{"data":"Searing Blow+2","floor":10,"key":"SMITH"},{"data":"Searing Blow+3","floor":15,"key":"SMITH"}],"neow_cost":"PERCENT_DAMAGE","seed_source_timestamp":908531629824100,"circlet_count":0,"master_deck":["Strike_R","Strike_R","Strike_R","Strike_R","Defend_R","Defend_R","Defend_R","Defend_R","Bash","Thinking Ahead","Bandage Up","Searing Blow+4","Armaments","Reaper","Flame Barrier","Armaments","Immolate","Armaments","Headbutt","Brutality","Whirlwind+1","Shrug It Off","Writhe"],"relics":["Black Blood","Bag of Marbles","Anchor","Potion Belt","Matryoshka","Dodecahedron"],"potions_floor_usage":[1,8,16],"damage_taken":[{"damage":6,"enemies":"Cultist","floor":1,"turns":3},{"damage":7,"enemies":"Small Slimes","floor":4,"turns":4},{"damage":8,"enemies":"Jaw Worm","floor":5,"turns":5},{"damage":5,"enemies":"Exordium Wildlife","floor":7,"turns":4},{"damage":30,"enemies":"Lagavulin","floor":8,"turns":10},{"damage":14,"enemies":"Gremlin Nob","floor":12,"turns":4},{"damage":0,"enemies":"2 Fungi Beasts","floor":13,"turns":2},{"damage":0,"enemies":"Red Slaver","floor":14,"turns":1},{"damage":23,"enemies":"Slime Boss","floor":16,"turns":8},{"damage":6,"enemies":"Shell Parasite","floor":18,"turns":4},{"damage":90,"enemies":"Book of Stabbing","floor":23,"turns":6}],"seed_played":"2300744622957155078","potions_obtained":[{"floor":1,"key":"Fruit Juice"},{"floor":7,"key":"Swift Potion"},{"floor":12,"key":"GamblersBrew"}],"is_trial":false,"path_per_floor":["M","$","?","M","M","R","M","E","T","R","$","E","M","M","R","B",null,"M","$","?","?","$","E"],"character_chosen":"IRONCLAD","items_purchased":["Armaments","Matryoshka"],"campfire_rested":0,"item_purchase_floors":[11,19],"current_hp_per_floor":[65,65,65,68,70,70,75,60,60,60,60,56,78,85,85,76,85,85,85,85,85,85,0],"gold":13,"neow_bonus":"RANDOM_COLORLESS_2","is_prod":false,"is_daily":false,"chose_seed":false,"campfire_upgraded":3,"win_rate":0,"timestamp":1557869279,"path_taken":["M","?","?","M","M","R","M","E","T","R","$","E","M","M","R","BOSS","M","$","?","?","$","E"],"build_version":"2019-05-07","purchased_purges":1,"victory":false,"max_hp_per_floor":[85,85,85,85,85,85,85,85,85,85,85,85,85,85,85,85,85,85,85,85,85,85,85],"card_choices":[{"not_picked":["Pommel Strike","Sword Boomerang"],"picked":"Searing Blow","floor":1},{"not_picked":["Reckless Charge","Perfected Strike"],"picked":"Armaments","floor":4},{"not_picked":["Hemokinesis","Warcry","Havoc"],"picked":"SKIP","floor":5},{"not_picked":["Heavy Blade","Thunderclap"],"picked":"Reaper","floor":7},{"not_picked":["Rupture","Burning Pact"],"picked":"Flame Barrier","floor":8},{"not_picked":["Clothesline","True Grit"],"picked":"Immolate","floor":12},{"not_picked":["Perfected Strike","Havoc"],"picked":"Armaments","floor":13},{"not_picked":["Cleave","Sentinel"],"picked":"Headbutt","floor":14},{"not_picked":["Limit Break","Bludgeon"],"picked":"Brutality","floor":16},{"not_picked":["Rupture","Infernal Blade+1"],"picked":"Whirlwind+1","floor":18}],"player_experience":77922,"relics_obtained":[{"floor":8,"key":"Bag of Marbles"},{"floor":9,"key":"Anchor"},{"floor":12,"key":"Potion Belt"}],"event_choices":[{"damage_healed":0,"gold_gain":0,"player_choice":"Grow","damage_taken":0,"max_hp_gain":0,"max_hp_loss":0,"event_name":"Living Wall","floor":3,"gold_loss":0,"cards_upgraded":["Searing Blow"]},{"damage_healed":0,"gold_gain":0,"player_choice":"Read","damage_taken":0,"max_hp_gain":0,"max_hp_loss":0,"event_name":"The Library","floor":20,"gold_loss":0,"cards_obtained":["Shrug It Off"]},{"damage_healed":0,"gold_gain":0,"player_choice":"Opened","damage_taken":0,"relics_obtained":["Dodecahedron"],"max_hp_gain":0,"max_hp_loss":0,"event_name":"The Mausoleum","floor":21,"gold_loss":0,"cards_obtained":["Writhe"]}],"is_beta":true,"boss_relics":[{"not_picked":["Astrolabe","Eternal Feather"],"picked":"Black Blood"}],"items_purged_floors":[2],"is_endless":false,"potions_floor_spawned":[1,7,12],"killed_by":"Book of Stabbing","ascension_level":2}