{"gold_per_floor":[110,110,134,32,52,91,109,140,140,174,174,188,211,232,232,355,355,370,370,383,383,397,436,0,19,19,42,42,80,80,120,120,239,239,263,283,283,304,304],"floor_reached":39,"playtime":2269,"items_purged":[],"score":557,"play_id":"d74e9e20-ada8-47e9-a043-fd0166a9f0b5","local_time":"20190615015930","is_ascension_mode":true,"campfire_choices":[{"floor":15,"key":"REST"},{"floor":28,"key":"REST"},{"data":"Accuracy","floor":30,"key":"SMITH"},{"floor":32,"key":"REST"}],"neow_cost":"NONE","seed_source_timestamp":2186477460564599,"circlet_count":0,"master_deck":["Strike_G","Strike_G","Strike_G","Strike_G","Strike_G","Defend_G","Defend_G","Defend_G","Defend_G","Defend_G","Survivor","Neutralize","Blade Dance","Predator","Quick Slash","Noxious Fumes","Deadly Poison","Crippling Poison","Adrenaline","Well Laid Plans","Blade Dance","Poisoned Stab","Backstab","Night Terror","Slice","PiercingWail","Noxious Fumes","Escape Plan","Choke","Cloak And Dagger","Deadly Poison","Cloak And Dagger","Deflect","After Image","Accuracy+1","Well Laid Plans","Backflip+1","Envenom","Blade Dance+1","Dagger Spray+1","Madness","Madness","Slice+1"],"relics":["Ring of the Snake","NeowsBlessing","Golden Idol","Orichalcum","Mummified Hand","The Courier","Darkstone Periapt","Bronze Scales","WristBlade","Omamori","PreservedInsect","Regal Pillow","Ancient Tea Set","Centennial Puzzle","Pen Nib","Fusion Hammer"],"potions_floor_usage":[6,6,8,14,16,22,22,23,31,31,33,33],"damage_taken":[{"damage":0,"enemies":"Small Slimes","floor":1,"turns":1},{"damage":0,"enemies":"2 Louse","floor":3,"turns":1},{"damage":0,"enemies":"Jaw Worm","floor":5,"turns":1},{"damage":29,"enemies":"Lagavulin","floor":6,"turns":7},{"damage":6,"enemies":"2 Fungi Beasts","floor":7,"turns":3},{"damage":6,"enemies":"Gremlin Nob","floor":8,"turns":3},{"damage":11,"enemies":"Lagavulin","floor":10,"turns":6},{"damage":7,"enemies":"Large Slime","floor":12,"turns":5},{"damage":13,"enemies":"Exordium Thugs","floor":14,"turns":4},{"damage":7,"enemies":"Hexaghost","floor":16,"turns":7},{"damage":9,"enemies":"Chosen","floor":18,"turns":4},{"damage":0,"enemies":"3 Byrds","floor":20,"turns":3},{"damage":0,"enemies":"Sentry and Sphere","floor":22,"turns":3},{"damage":45,"enemies":"Gremlin Leader","floor":23,"turns":7},{"damage":0,"enemies":"3 Cultists","floor":25,"turns":3},{"damage":0,"enemies":"Centurion and Healer","floor":27,"turns":6},{"damage":6,"enemies":"Slavers","floor":29,"turns":4},{"damage":19,"enemies":"Gremlin Leader","floor":31,"turns":5},{"damage":36,"enemies":"Automaton","floor":33,"turns":10},{"damage":6,"enemies":"Orb Walker","floor":35,"turns":3},{"damage":4,"enemies":"3 Darklings","floor":36,"turns":4},{"damage":19,"enemies":"Sphere and 2 Shapes","floor":38,"turns":5},{"damage":42,"enemies":"Transient","floor":39,"turns":4}],"seed_played":"9139663125908722009","potions_obtained":[{"floor":3,"key":"Dexterity Potion"},{"floor":5,"key":"Block Potion"},{"floor":7,"key":"Poison Potion"},{"floor":8,"key":"Weak Potion"},{"floor":10,"key":"Weak Potion"},{"floor":14,"key":"Block Potion"},{"floor":18,"key":"AttackPotion"},{"floor":20,"key":"Dexterity Potion"},{"floor":25,"key":"SkillPotion"},{"floor":27,"key":"Explosive Potion"},{"floor":31,"key":"SpeedPotion"}],"is_trial":false,"path_per_floor":["M","?","M","$","M","E","M","E","T","E","?","M","T","M","R","B",null,"M","?","M","?","M","E","$","M","T","M","R","E","R","E","R","B",null,"M","M","?","M","M"],"character_chosen":"THE_SILENT","items_purchased":["Quick Slash","Noxious Fumes","Regen Potion","PreservedInsect","Regal Pillow","Cloak And Dagger","Deadly Poison","Cloak And Dagger","Deflect"],"campfire_rested":3,"item_purchase_floors":[4,4,24,24,24,24,24,24,24],"current_hp_per_floor":[70,65,65,65,65,36,30,24,24,13,34,27,27,14,33,26,65,56,56,56,56,56,11,11,11,11,11,45,39,39,20,54,33,65,59,55,47,28,0],"gold":304,"neow_bonus":"THREE_ENEMY_KILL","is_prod":false,"is_daily":false,"chose_seed":false,"campfire_upgraded":1,"win_rate":0,"timestamp":1560556770,"path_taken":["M","?","M","$","M","E","M","E","T","E","?","M","?","M","R","BOSS","M","?","M","?","?","E","$","M","T","M","R","E","R","E","R","BOSS","M","M","?","M","M"],"build_version":"2019-06-13","purchased_purges":0,"victory":false,"max_hp_per_floor":[70,65,65,65,65,65,65,65,65,65,65,65,65,65,65,65,65,65,65,65,65,65,65,65,65,65,65,65,65,65,65,65,65,65,65,65,65,65,65],"card_choices":[{"not_picked":["Prepared","Crippling Poison"],"picked":"Blade Dance","floor":1},{"not_picked":["Leg Sweep","Slice"],"picked":"Predator","floor":3},{"not_picked":["Well Laid Plans","Reflex"],"picked":"Deadly Poison","floor":5},{"not_picked":["Sucker Punch","Quick Slash"],"picked":"Crippling Poison","floor":6},{"not_picked":["Acrobatics","Caltrops"],"picked":"Adrenaline","floor":7},{"not_picked":["Dodge and Roll","Underhanded Strike"],"picked":"Well Laid Plans","floor":8},{"not_picked":["Dagger Spray","All Out Attack"],"picked":"Blade Dance","floor":10},{"not_picked":["Endless Agony","Backflip"],"picked":"Poisoned Stab","floor":12},{"not_picked":["Underhanded Strike","Cloak And Dagger"],"picked":"Backstab","floor":14},{"not_picked":["Glass Knife","Doppelganger"],"picked":"Night Terror","floor":16},{"not_picked":["Leg Sweep+1","Riddle With Holes"],"picked":"Slice","floor":18},{"not_picked":["Bane","Flying Knee"],"picked":"PiercingWail","floor":20},{"not_picked":["Bane","Quick Slash"],"picked":"Escape Plan","floor":22},{"not_picked":["Quick Slash","Dagger Spray"],"picked":"Choke","floor":23},{"not_picked":["Backflip","Flying Knee+1"],"picked":"After Image","floor":25},{"not_picked":["Slice","Cloak And Dagger"],"picked":"Accuracy","floor":27},{"not_picked":["Leg Sweep","Poisoned Stab+1"],"picked":"Well Laid Plans","floor":29},{"not_picked":["Blade Dance","Distraction+1"],"picked":"Backflip+1","floor":31},{"not_picked":["A Thousand Cuts","Phantasmal Killer"],"picked":"Envenom","floor":33},{"not_picked":["Distraction+1","Backflip"],"picked":"Blade Dance+1","floor":35},{"not_picked":["Outmaneuver","All Out Attack"],"picked":"Dagger Spray+1","floor":36},{"not_picked":["Dagger Spray","Deflect"],"picked":"Slice+1","floor":38}],"player_experience":97093,"relics_obtained":[{"floor":6,"key":"Orichalcum"},{"floor":8,"key":"Mummified Hand"},{"floor":9,"key":"The Courier"},{"floor":10,"key":"Darkstone Periapt"},{"floor":13,"key":"Bronze Scales"},{"floor":23,"key":"Omamori"},{"floor":26,"key":"Ancient Tea Set"},{"floor":29,"key":"Centennial Puzzle"},{"floor":31,"key":"Pen Nib"}],"event_choices":[{"damage_healed":0,"gold_gain":0,"player_choice":"Lose Max HP","damage_taken":0,"relics_obtained":["Golden Idol"],"max_hp_gain":0,"max_hp_loss":5,"event_name":"Golden Idol","floor":2,"gold_loss":0},{"damage_healed":21,"gold_gain":0,"player_choice":"Banana","damage_taken":0,"max_hp_gain":0,"max_hp_loss":0,"event_name":"Big Fish","floor":11,"gold_loss":0},{"damage_healed":0,"gold_gain":0,"player_choice":"Ignored","damage_taken":0,"max_hp_gain":0,"max_hp_loss":0,"event_name":"Ghosts","floor":19,"gold_loss":0},{"damage_healed":0,"gold_gain":0,"player_choice":"Copied","damage_taken":0,"max_hp_gain":0,"max_hp_loss":0,"event_name":"Duplicator","floor":21,"gold_loss":0,"cards_obtained":["Noxious Fumes"]},{"damage_healed":0,"gold_gain":0,"player_choice":"Embrace Madness","damage_taken":8,"max_hp_gain":0,"max_hp_loss":0,"event_name":"Winding Halls","floor":37,"gold_loss":0,"cards_obtained":["Madness","Madness"]}],"is_beta":true,"boss_relics":[{"not_picked":["Lizard Tail","Astrolabe"],"picked":"WristBlade"},{"not_picked":["Black Star","Eternal Feather"],"picked":"Fusion Hammer"}],"items_purged_floors":[],"is_endless":false,"potions_floor_spawned":[3,5,7,8,10,14,18,20,25,27,31],"killed_by":"Transient","ascension_level":3}