{"gold_per_floor":[112,122,122,122,122,151,226,226,253,178,178,178,178,193,193,291,291,301,84,84,103,103,103,138,151,234,234,245,276,276,276,288,405,417,445,157,168,182,202,202,215,228,254,254,270,287,287,287,287,287],"floor_reached":51,"playtime":1221,"items_purged":["Defend_R","Strike_R"],"score":917,"play_id":"c72d557d-2601-4a1a-ae5b-f5e51d7afcb4","local_time":"20190804010217","is_ascension_mode":true,"campfire_choices":[{"floor":8,"key":"REST"},{"data":"Clash","floor":11,"key":"SMITH"},{"data":"Bash","floor":15,"key":"SMITH"},{"data":"Dropkick","floor":23,"key":"SMITH"},{"floor":27,"key":"REST"},{"data":"Strike_R","floor":30,"key":"SMITH"},{"data":"Strike_R","floor":32,"key":"SMITH"},{"floor":40,"key":"REST"},{"data":"Dropkick","floor":44,"key":"SMITH"},{"floor":49,"key":"REST"}],"neow_cost":"NONE","seed_source_timestamp":689292561310291,"circlet_count":0,"master_deck":["Strike_R+1","Strike_R+1","Strike_R+1","Strike_R+1","Defend_R+1","Bash+1","Clash+1","Dropkick+1","Dropkick+1"],"relics":["Burning Blood","NeowsBlessing","Sundial","Orichalcum","Centennial Puzzle","Pen Nib","Lizard Tail","Bag of Marbles","Pantograph","Tiny Chest","Incense Burner","MawBank","Busted Crown","Blood Vial","War Paint","Pear"],"potions_floor_usage":[18,24,24,29,29,50,50],"damage_taken":[{"damage":0,"enemies":"Jaw Worm","floor":1,"turns":1},{"damage":0,"enemies":"2 Louse","floor":2,"turns":1},{"damage":0,"enemies":"3 Sentries","floor":6,"turns":1},{"damage":0,"enemies":"Small Slimes","floor":14,"turns":2},{"damage":20,"enemies":"The Guardian","floor":16,"turns":6},{"damage":5,"enemies":"Spheric Guardian","floor":18,"turns":3},{"damage":4,"enemies":"Shell Parasite","floor":21,"turns":2},{"damage":37,"enemies":"Slavers","floor":24,"turns":4},{"damage":4,"enemies":"Cultist and Chosen","floor":25,"turns":3},{"damage":6,"enemies":"Centurion and Healer","floor":28,"turns":4},{"damage":21,"enemies":"Book of Stabbing","floor":29,"turns":4},{"damage":30,"enemies":"Champ","floor":33,"turns":9},{"damage":15,"enemies":"3 Darklings","floor":35,"turns":4},{"damage":3,"enemies":"Orb Walker","floor":37,"turns":2},{"damage":10,"enemies":"Jaw Worm Horde","floor":38,"turns":4},{"damage":22,"enemies":"Writhing Mass","floor":39,"turns":4},{"damage":0,"enemies":"Spire Growth","floor":41,"turns":2},{"damage":5,"enemies":"3 Darklings","floor":42,"turns":2},{"damage":25,"enemies":"4 Shapes","floor":45,"turns":6},{"damage":27,"enemies":"Spire Growth","floor":46,"turns":3},{"damage":164,"enemies":"Donu and Deca","floor":50,"turns":10}],"seed_played":"769513092899294082","potions_obtained":[{"floor":1,"key":"SteroidPotion"},{"floor":2,"key":"Fire Potion"},{"floor":16,"key":"Poison Potion"},{"floor":21,"key":"FairyPotion"},{"floor":25,"key":"Weak Potion"},{"floor":28,"key":"Regen Potion"},{"floor":33,"key":"Block Potion"},{"floor":42,"key":"LiquidBronze"}],"is_trial":false,"path_per_floor":["M","M","?","?","?","E","?","R","T","$","R","?","T","M","R","B",null,"M","$","?","M","?","R","E","M","T","R","M","E","R","T","R","B",null,"M","$","M","M","M","R","M","M","T","R","M","M","T","?","R","B",null],"character_chosen":"IRONCLAD","items_purchased":["Dropkick","Bag of Marbles","Blood Vial","Strength Potion"],"campfire_rested":4,"item_purchase_floors":[19,19,36,36],"current_hp_per_floor":[80,80,73,78,61,67,56,81,81,81,81,81,81,85,85,71,85,85,85,85,85,69,69,38,40,40,67,67,64,64,64,64,65,90,81,81,86,84,70,90,90,90,90,90,71,52,62,62,92,14],"gold":287,"neow_bonus":"THREE_ENEMY_KILL","is_prod":false,"is_daily":false,"chose_seed":false,"campfire_upgraded":6,"win_rate":0,"timestamp":1564898537,"path_taken":["M","M","?","?","?","E","?","R","T","$","R","?","?","M","R","BOSS","M","$","?","?","?","R","E","M","T","R","M","E","R","?","R","BOSS","M","$","M","M","M","R","M","M","T","R","M","M","?","?","R","BOSS"],"build_version":"2019-07-17","purchased_purges":2,"victory":true,"max_hp_per_floor":[80,80,80,85,85,85,85,85,85,85,85,85,85,85,85,85,85,85,85,85,85,90,90,90,90,90,90,90,90,90,90,90,90,90,90,90,90,90,90,90,90,90,90,90,90,90,100,100,100,100],"card_choices":[{"not_picked":["Reckless Charge","Iron Wave","Dual Wield"],"picked":"SKIP","floor":1},{"not_picked":["Armaments","Seeing Red","Flex"],"picked":"SKIP","floor":2},{"not_picked":["Feel No Pain","Armaments"],"picked":"Clash","floor":6},{"not_picked":["Second Wind","Sword Boomerang","Anger"],"picked":"SKIP","floor":14},{"not_picked":["Flame Barrier","Second Wind","Havoc"],"picked":"SKIP","floor":18},{"not_picked":["Power Through+1","Body Slam+1","Bloodletting"],"picked":"SKIP","floor":21},{"not_picked":["True Grit","Clothesline+1","Warcry"],"picked":"SKIP","floor":24},{"not_picked":["True Grit","Power Through","Flex"],"picked":"SKIP","floor":25},{"not_picked":["True Grit","Rampage","Wild Strike+1"],"picked":"SKIP","floor":28},{"not_picked":["Headbutt","Clothesline","Armaments"],"picked":"SKIP","floor":29},{"not_picked":["Whirlwind"],"picked":"SKIP","floor":35},{"not_picked":[],"picked":"Dropkick","floor":37},{"not_picked":["Thunderclap+1"],"picked":"SKIP","floor":38},{"not_picked":["Armaments+1"],"picked":"SKIP","floor":39},{"not_picked":["Anger+1"],"picked":"SKIP","floor":41},{"not_picked":["Armaments+1"],"picked":"SKIP","floor":42},{"not_picked":["Pummel+1"],"picked":"SKIP","floor":45},{"not_picked":["Blood for Blood"],"picked":"SKIP","floor":46}],"player_experience":270153,"relics_obtained":[{"floor":6,"key":"Sundial"},{"floor":9,"key":"Orichalcum"},{"floor":13,"key":"Pen Nib"},{"floor":24,"key":"Pantograph"},{"floor":26,"key":"Tiny Chest"},{"floor":29,"key":"Incense Burner"},{"floor":31,"key":"MawBank"},{"floor":43,"key":"War Paint"},{"floor":47,"key":"Pear"}],"event_choices":[{"cards_removed":["Defend_R"],"damage_healed":0,"gold_gain":0,"player_choice":"Card Removal","damage_taken":7,"max_hp_gain":0,"max_hp_loss":0,"event_name":"Golden Wing","floor":3,"gold_loss":0},{"damage_healed":0,"gold_gain":0,"player_choice":"Donut","damage_taken":0,"max_hp_gain":5,"max_hp_loss":0,"event_name":"Big Fish","floor":4,"gold_loss":0},{"damage_healed":0,"gold_gain":0,"player_choice":"Entered Light","damage_taken":17,"max_hp_gain":0,"max_hp_loss":0,"event_name":"Shining Light","floor":5,"gold_loss":0,"cards_upgraded":["Defend_R","Strike_R"]},{"damage_healed":0,"gold_gain":75,"player_choice":"Gather Gold","damage_taken":11,"max_hp_gain":0,"max_hp_loss":0,"event_name":"World of Goop","floor":7,"gold_loss":0},{"damage_healed":0,"gold_gain":0,"player_choice":"Searched \u00271\u0027 times","damage_taken":0,"relics_obtained":["Centennial Puzzle"],"max_hp_gain":0,"max_hp_loss":0,"event_name":"Dead Adventurer","floor":12,"gold_loss":0},{"cards_removed":["Defend_R"],"damage_healed":0,"gold_gain":0,"player_choice":"Purged","damage_taken":0,"max_hp_gain":0,"max_hp_loss":0,"event_name":"Purifier","floor":20,"gold_loss":0},{"damage_healed":0,"gold_gain":0,"player_choice":"Shed Blood","damage_taken":21,"max_hp_gain":5,"max_hp_loss":0,"event_name":"Forgotten Altar","floor":22,"gold_loss":0},{"damage_healed":0,"gold_gain":0,"player_choice":"Upgraded","damage_taken":0,"max_hp_gain":0,"max_hp_loss":0,"event_name":"Upgrade Shrine","floor":48,"gold_loss":0,"cards_upgraded":["Strike_R"]}],"is_beta":false,"boss_relics":[{"not_picked":["Cursed Key","Tiny House"],"picked":"Lizard Tail"},{"not_picked":["Calling Bell","Black Blood"],"picked":"Busted Crown"}],"items_purged_floors":[10,36],"is_endless":false,"potions_floor_spawned":[1,2,16,21,25,28,33,39,42,45,46],"ascension_level":4}