{"gold_per_floor":[117,131,150,150,150,150,189,221,256,286,298,334,389,434,446,458],"floor_reached":16,"playtime":730,"items_purged":[],"score":118,"play_id":"881d3a60-ecf5-4d81-b7ea-237bfcf174dc","local_time":"20190505114351","is_ascension_mode":true,"campfire_choices":[{"data":"Neutralize","floor":6,"key":"SMITH"},{"data":"Cloak And Dagger","floor":11,"key":"SMITH"},{"floor":15,"key":"REST"}],"neow_cost":"NONE","seed_source_timestamp":88763898870300,"circlet_count":0,"master_deck":["Defend_G","Defend_G","Defend_G","Defend_G","Defend_G","Strike_G","Strike_G","Strike_G","Strike_G","Survivor","Neutralize+1","Blade Dance","Slice","Dodge and Roll","Deflect","Cloak And Dagger+1","Finisher","Backstab","Terror","Finisher"],"relics":["Ring of the Snake","Orichalcum","Golden Idol","MawBank","Bag of Preparation","Lantern","Odd Mushroom"],"potions_floor_usage":[14,14],"damage_taken":[{"damage":0,"enemies":"2 Louse","floor":1,"turns":3},{"damage":0,"enemies":"Jaw Worm","floor":2,"turns":4},{"damage":0,"enemies":"Cultist","floor":3,"turns":4},{"damage":23,"enemies":"3 Sentries","floor":7,"turns":12},{"damage":3,"enemies":"Red Slaver","floor":8,"turns":5},{"damage":8,"enemies":"Lots of Slimes","floor":10,"turns":5},{"damage":9,"enemies":"3 Louse","floor":12,"turns":3},{"damage":17,"enemies":"Lagavulin","floor":13,"turns":5},{"damage":0,"enemies":"The Mushroom Lair","floor":14,"turns":3},{"damage":22,"enemies":"The Guardian","floor":16,"turns":9}],"seed_played":"8749934823512212253","potions_obtained":[{"floor":2,"key":"Fire Potion"},{"floor":7,"key":"GamblersBrew"},{"floor":13,"key":"FearPotion"}],"is_trial":false,"path_per_floor":["M","M","M","?","?","R","E","M","T","M","R","M","E","?","R","B"],"character_chosen":"THE_SILENT","items_purchased":[],"campfire_rested":1,"item_purchase_floors":[],"current_hp_per_floor":[70,70,70,63,63,63,40,37,37,29,29,20,3,3,22,0],"gold":458,"neow_bonus":"RANDOM_COMMON_RELIC","is_prod":false,"is_daily":false,"chose_seed":false,"campfire_upgraded":2,"win_rate":0,"timestamp":1557049431,"path_taken":["M","M","M","?","?","R","E","M","T","M","R","?","E","?","R","BOSS"],"build_version":"2019-04-23","purchased_purges":0,"victory":false,"max_hp_per_floor":[70,70,70,70,65,65,65,65,65,65,65,65,65,65,65,65],"card_choices":[{"not_picked":["Dagger Throw","Calculated Gamble"],"picked":"Blade Dance","floor":1},{"not_picked":["Deadly Poison","Acrobatics"],"picked":"Slice","floor":2},{"not_picked":["Predator","Tactician"],"picked":"Dodge and Roll","floor":3},{"not_picked":["Crippling Poison","Prepared"],"picked":"Deflect","floor":7},{"not_picked":["Deadly Poison","Acrobatics"],"picked":"Cloak And Dagger","floor":8},{"not_picked":["PiercingWail","Well Laid Plans"],"picked":"Finisher","floor":10},{"not_picked":["Glass Knife","Calculated Gamble"],"picked":"Backstab","floor":12},{"not_picked":["Sucker Punch","Flying Knee"],"picked":"Terror","floor":13},{"not_picked":["Reflex","Backflip"],"picked":"Finisher","floor":14}],"player_experience":58386,"relics_obtained":[{"floor":7,"key":"MawBank"},{"floor":9,"key":"Bag of Preparation"},{"floor":13,"key":"Lantern"},{"floor":14,"key":"Odd Mushroom"}],"event_choices":[{"cards_removed":["Strike_G"],"damage_healed":0,"gold_gain":0,"player_choice":"Card Removal","damage_taken":7,"max_hp_gain":0,"max_hp_loss":0,"event_name":"Golden Wing","floor":4,"gold_loss":0},{"damage_healed":0,"gold_gain":0,"player_choice":"Lose Max HP","damage_taken":0,"relics_obtained":["Golden Idol"],"max_hp_gain":0,"max_hp_loss":5,"event_name":"Golden Idol","floor":5,"gold_loss":0},{"damage_healed":0,"gold_gain":0,"player_choice":"Fought Mushrooms","damage_taken":0,"max_hp_gain":0,"max_hp_loss":0,"event_name":"Mushrooms","floor":14,"gold_loss":0}],"is_beta":true,"boss_relics":[],"items_purged_floors":[],"is_endless":false,"potions_floor_spawned":[2,7,13],"killed_by":"The Guardian","ascension_level":1}