{"gold_per_floor":[116,116,133,147,147,182,182,211,289,289,303,313,333,188,188,283,283,302,302,302],"floor_reached":20,"playtime":966,"items_purged":[],"score":212,"play_id":"a75f0e8e-fbdb-43ac-8ba1-a53d90c2af1b","local_time":"20190812223313","is_ascension_mode":true,"campfire_choices":[{"data":"Fission","floor":7.0,"key":"SMITH"},{"floor":10.0,"key":"REST"},{"floor":15,"key":"REST"}],"neow_cost":"NONE","seed_source_timestamp":16011965499400,"circlet_count":0,"master_deck":["Strike_B","Strike_B","Defend_B","Defend_B","Defend_B","Defend_B","Zap","Dualcast","Fission+1","Sweeping Beam","Sunder","Conserve Battery","Amplify","Redo","Capacitor","Loop","Self Repair","Rebound","Loop","Rip and Tear","Creative AI","BootSequence+1"],"special_seed":0,"relics":["Cracked Core","Cables","Potion Belt","Tiny Chest","Sozu","Ginger"],"potions_floor_usage":[12,16,16],"damage_taken":[{"damage":1.0,"enemies":"2 Louse","floor":1.0,"turns":3.0},{"damage":4.0,"enemies":"Jaw Worm","floor":3.0,"turns":3.0},{"damage":0.0,"enemies":"Cultist","floor":4.0,"turns":3.0},{"damage":26.0,"enemies":"3 Sentries","floor":6.0,"turns":9.0},{"damage":32.0,"enemies":"Lagavulin","floor":8.0,"turns":6.0},{"damage":6.0,"enemies":"Looter","floor":11.0,"turns":3.0},{"damage":0,"enemies":"Lots of Slimes","floor":12,"turns":3},{"damage":12,"enemies":"Exordium Wildlife","floor":13,"turns":2},{"damage":47,"enemies":"Slime Boss","floor":16,"turns":10},{"damage":37,"enemies":"3 Byrds","floor":18,"turns":5},{"damage":46,"enemies":"Shell Parasite","floor":20,"turns":7}],"seed_played":"7636686156064597526","potions_obtained":[{"floor":4.0,"key":"SkillPotion"},{"floor":6.0,"key":"FairyPotion"},{"floor":8.0,"key":"Weak Potion"},{"floor":11.0,"key":"Block Potion"},{"floor":13,"key":"Weak Potion"}],"is_trial":false,"path_per_floor":["M","?","M","M","?","E","R","E","T","R","M","M","M","$","R","B",null,"M","?","M"],"character_chosen":"DEFECT","items_purchased":["Loop","Rip and Tear"],"campfire_rested":2,"item_purchase_floors":[14,14],"current_hp_per_floor":[74,67,63,63,63,37,37,5,5,27,21,21,9,9,31,14,75,45,45,0],"gold":302,"neow_bonus":"ONE_RANDOM_RARE_CARD","is_prod":false,"is_daily":false,"chose_seed":false,"campfire_upgraded":1,"win_rate":0,"timestamp":1565641993,"path_taken":["M","?","M","M","?","E","R","E","T","R","?","M","M","$","R","BOSS","M","?","?"],"build_version":"2019-07-18","purchased_purges":0,"victory":false,"max_hp_per_floor":[75,75,75,75,75,75,75,75,75,75,75,75,75,75,75,75,75,75,75,75],"card_choices":[{"not_picked":["Beam Cell","Chill"],"picked":"Sweeping Beam","floor":1.0},{"not_picked":["Redo","Cold Snap"],"picked":"Sunder","floor":3.0},{"not_picked":["Fusion","Stack"],"picked":"Conserve Battery","floor":4.0},{"not_picked":["Recycle","Barrage"],"picked":"Redo","floor":6.0},{"not_picked":["Storm","Double Energy"],"picked":"Capacitor","floor":8.0},{"not_picked":["Loop","Undo","Coolheaded"],"picked":"SKIP","floor":11.0},{"not_picked":["Undo","Coolheaded"],"picked":"Loop","floor":11.0},{"not_picked":["Beam Cell","Go for the Eyes"],"picked":"Self Repair","floor":12},{"not_picked":["Skim","Gash"],"picked":"Rebound","floor":13},{"not_picked":["Meteor Strike","Biased Cognition"],"picked":"Creative AI","floor":16},{"not_picked":["Leap","Reprogram+1"],"picked":"BootSequence+1","floor":18}],"player_experience":140362,"relics_obtained":[{"floor":6.0,"key":"Cables"},{"floor":8.0,"key":"Potion Belt"},{"floor":9.0,"key":"Tiny Chest"},{"floor":19,"key":"Ginger"}],"event_choices":[{"cards_removed":["Strike_B"],"damage_healed":0.0,"max_hp_gain":0.0,"max_hp_loss":0.0,"gold_gain":0.0,"event_name":"Golden Wing","player_choice":"Card Removal","floor":2.0,"gold_loss":0.0,"damage_taken":7.0},{"damage_healed":0.0,"max_hp_gain":0.0,"max_hp_loss":0.0,"gold_gain":0.0,"cards_transformed":["Strike_B"],"event_name":"Transmorgrifier","player_choice":"Transformed","floor":5.0,"gold_loss":0.0,"damage_taken":0.0,"cards_obtained":["Amplify"]},{"damage_healed":0,"gold_gain":0,"player_choice":"Relic","damage_taken":0,"max_hp_gain":0,"max_hp_loss":0,"event_name":"Wheel of Change","floor":19,"gold_loss":0}],"is_beta":true,"boss_relics":[{"not_picked":["Coffee Dripper","Ectoplasm"],"picked":"Sozu"}],"items_purged_floors":[],"is_endless":false,"potions_floor_spawned":[4,6,8,11,13,18],"killed_by":"Shell Parasite","ascension_level":3}