{"gold_per_floor":[112,162,162,172,172,200,215,215,215,240,278,290,302,314,326,433,445,471,498,521,533,556,599,624,669,681,703,715,727,739,67,67,171,171,184,184,201,246,60,60],"floor_reached":40,"playtime":1352,"items_purged":[],"score":484,"play_id":"010c8804-ab9a-4cde-bc1e-ad7ad27da6b2","local_time":"20190503200206","is_ascension_mode":false,"campfire_choices":[{"data":"Hemokinesis","floor":8.0,"key":"SMITH"},{"data":"Bloodletting","floor":13.0,"key":"SMITH"},{"data":"Flame Barrier","floor":15.0,"key":"SMITH"},{"data":"Whirlwind","floor":29.0,"key":"SMITH"},{"data":"Feed","floor":32.0,"key":"SMITH"}],"neow_cost":"NONE","seed_source_timestamp":1370103479266000,"circlet_count":0,"master_deck":["Defend_R","Defend_R","Defend_R","Defend_R","Bash","Hemokinesis+1","Flame Barrier+1","Barricade","Pummel","Rampage","Bloodletting+1","Impervious","Whirlwind+1","Sword Boomerang+1","Twin Strike","Warcry+1","Bite","Bite","Bite","Bite","Feed+1","Inflame","Juggernaut","Heavy Blade+1","Headbutt","Armaments+1","Bloodletting+1","Rupture","Blind","Sword Boomerang"],"special_seed":0,"relics":["Burning Blood","NeowsBlessing","Vajra","Mercury Hourglass","MawBank","Bronze Scales","Busted Crown","Bottled Lightning","Lantern","Mummified Hand","Paper Frog","Kunai","Medical Kit","Orrery","StoneCalendar"],"potions_floor_usage":[],"damage_taken":[{"damage":0.0,"enemies":"Jaw Worm","floor":1.0,"turns":1.0},{"damage":0.0,"enemies":"2 Louse","floor":4.0,"turns":1.0},{"damage":0.0,"enemies":"Lagavulin","floor":6.0,"turns":1.0},{"damage":0.0,"enemies":"Cultist","floor":7.0,"turns":3.0},{"damage":12.0,"enemies":"Looter","floor":10.0,"turns":2.0},{"damage":8.0,"enemies":"Gremlin Nob","floor":11.0,"turns":3.0},{"damage":39.0,"enemies":"Hexaghost","floor":16.0,"turns":7.0},{"damage":15.0,"enemies":"2 Thieves","floor":18.0,"turns":4.0},{"damage":0.0,"enemies":"3 Byrds","floor":19.0,"turns":2.0},{"damage":2.0,"enemies":"Snecko","floor":20.0,"turns":4.0},{"damage":8.0,"enemies":"Chosen and Byrds","floor":22.0,"turns":4.0},{"damage":22.0,"enemies":"Book of Stabbing","floor":23.0,"turns":4.0},{"damage":7.0,"enemies":"Snake Plant","floor":24.0,"turns":2.0},{"damage":18.0,"enemies":"Slavers","floor":25.0,"turns":3.0},{"damage":8.0,"enemies":"3 Cultists","floor":27.0,"turns":4.0},{"damage":52.0,"enemies":"Champ","floor":33.0,"turns":15.0},{"damage":2.0,"enemies":"Orb Walker","floor":35.0,"turns":3.0},{"damage":12.0,"enemies":"3 Darklings","floor":37.0,"turns":6.0},{"damage":38.0,"enemies":"2 Orb Walkers","floor":38.0,"turns":4.0},{"damage":45,"enemies":"Nemesis","floor":40,"turns":2}],"seed_played":"-748687777792956731","potions_obtained":[{"floor":4.0,"key":"PowerPotion"},{"floor":6.0,"key":"GamblersBrew"},{"floor":11.0,"key":"Fire Potion"},{"floor":20.0,"key":"FearPotion"},{"floor":22.0,"key":"Regen Potion"},{"floor":27.0,"key":"Weak Potion"},{"floor":33.0,"key":"Explosive Potion"},{"floor":37.0,"key":"Block Potion"}],"is_trial":false,"path_per_floor":["M","?","T","M","?","E","M","R","T","M","E","?","R","$","R","B",null,"M","M","M","$","M","E","M","E","T","M","T","R","?","$","R","B",null,"M","?","M","?","$","E"],"character_chosen":"IRONCLAD","items_purchased":["Kunai","Feed","Inflame","Medical Kit","Rupture","Blind","Sword Boomerang"],"campfire_rested":0,"item_purchase_floors":[31,31,31,31,39,39,39],"current_hp_per_floor":[80,80,80,80,80,80,80,80,80,74,72,72,72,72,72,39,80,71,77,80,80,78,62,61,49,49,47,47,47,47,47,47,32,56,56,56,54,38,38,0],"gold":60,"neow_bonus":"THREE_ENEMY_KILL","is_prod":false,"is_daily":false,"chose_seed":false,"campfire_upgraded":5,"win_rate":0.0,"timestamp":1556906526,"path_taken":["M","?","?","M","?","E","?","R","T","M","E","?","R","$","R","BOSS","M","M","M","$","?","E","M","E","T","M","?","R","?","?","R","BOSS","M","?","M","?","$","E"],"build_version":"2019-04-23","purchased_purges":0,"victory":false,"max_hp_per_floor":[80,80,80,80,80,80,80,80,80,80,80,80,80,80,80,80,80,80,80,80,80,80,80,80,80,80,80,80,80,56,56,56,56,56,56,56,56,56,56,56],"card_choices":[{"not_picked":["Headbutt","Perfected Strike"],"picked":"Hemokinesis","floor":1.0},{"not_picked":["Clothesline","Body Slam"],"picked":"Flame Barrier","floor":4.0},{"not_picked":["Shrug It Off","Sword Boomerang"],"picked":"Barricade","floor":6.0},{"not_picked":["Twin Strike","Cleave"],"picked":"Pummel","floor":7.0},{"not_picked":["True Grit","Spot Weakness"],"picked":"Rampage","floor":10.0},{"not_picked":["Rage","Shockwave"],"picked":"Bloodletting","floor":11.0},{"not_picked":["Dark Embrace","Barricade"],"picked":"Impervious","floor":16.0},{"not_picked":["Clash"],"picked":"SKIP","floor":18.0},{"not_picked":["Clash+1"],"picked":"SKIP","floor":19.0},{"not_picked":[],"picked":"Whirlwind","floor":20.0},{"not_picked":[],"picked":"Sword Boomerang+1","floor":22.0},{"not_picked":["Flex+1"],"picked":"SKIP","floor":23.0},{"not_picked":[],"picked":"Twin Strike","floor":24.0},{"not_picked":[],"picked":"Warcry+1","floor":25.0},{"not_picked":["Thunderclap"],"picked":"SKIP","floor":27.0},{"not_picked":[],"picked":"Juggernaut","floor":33.0},{"not_picked":[],"picked":"Heavy Blade+1","floor":34.0},{"not_picked":[],"picked":"Headbutt","floor":34.0},{"not_picked":["Twin Strike"],"picked":"SKIP","floor":35.0},{"not_picked":[],"picked":"Armaments+1","floor":37.0},{"not_picked":[],"picked":"Bloodletting+1","floor":38.0}],"player_experience":24509,"relics_obtained":[{"floor":3.0,"key":"Vajra"},{"floor":6.0,"key":"Mercury Hourglass"},{"floor":9.0,"key":"MawBank"},{"floor":11.0,"key":"Bronze Scales"},{"floor":23.0,"key":"Bottled Lightning"},{"floor":25.0,"key":"Lantern"},{"floor":26.0,"key":"Mummified Hand"},{"floor":28.0,"key":"Paper Frog"},{"floor":38.0,"key":"StoneCalendar"}],"event_choices":[{"damage_healed":0.0,"max_hp_gain":0.0,"max_hp_loss":0.0,"gold_gain":50.0,"event_name":"Golden Wing","player_choice":"Gained Gold","floor":2.0,"gold_loss":0.0,"damage_taken":0.0},{"cards_removed":["Strike_R"],"damage_healed":0.0,"max_hp_gain":0.0,"max_hp_loss":0.0,"gold_gain":0.0,"event_name":"Bonfire Elementals","player_choice":"Offered Basic","floor":5.0,"gold_loss":0.0,"damage_taken":0.0},{"damage_healed":0.0,"max_hp_gain":0.0,"max_hp_loss":0.0,"gold_gain":0.0,"event_name":"The Woman in Blue","player_choice":"Bought 0 Potions","floor":12.0,"gold_loss":0.0,"damage_taken":0.0},{"damage_healed":0.0,"max_hp_gain":0.0,"max_hp_loss":24.0,"gold_gain":0.0,"event_name":"Vampires","player_choice":"Became a vampire","floor":30.0,"gold_loss":0.0,"damage_taken":0.0,"cards_obtained":["Bite","Bite","Bite","Bite","Bite"]},{"cards_removed":["Bite"],"damage_healed":0.0,"max_hp_gain":0.0,"max_hp_loss":0.0,"gold_gain":0.0,"event_name":"Falling","player_choice":"Removed Attack","floor":36.0,"gold_loss":0.0,"damage_taken":0.0},{"damage_healed":0.0,"max_hp_gain":0.0,"max_hp_loss":0.0,"gold_gain":0.0,"event_name":"Mysterious Sphere","player_choice":"Fight","floor":38.0,"gold_loss":0.0,"damage_taken":0.0}],"is_beta":true,"boss_relics":[{"not_picked":["Coffee Dripper","Runic Cube"],"picked":"Busted Crown"},{"not_picked":["Cursed Key","Fusion Hammer"],"picked":"Orrery"}],"items_purged_floors":[],"is_endless":false,"potions_floor_spawned":[4,6,11,20,22,27,33,37],"killed_by":"Nemesis","ascension_level":0}