{"gold_per_floor":[118,118,132,145,161,161,196,196,196,196,196,217,217,231,231,350,350,369,220,208,208,208,208,222,222,246,246,246],"floor_reached":28,"playtime":858,"items_purged":["Injury"],"score":276,"play_id":"dd471c4e-eefb-4910-bfc7-b138b10f4e38","local_time":"20190419220703","is_ascension_mode":true,"campfire_choices":[{"data":"Darkness","floor":6,"key":"SMITH"},{"data":"Creative AI","floor":8,"key":"SMITH"},{"data":"Zap","floor":11,"key":"SMITH"},{"floor":15,"key":"REST"},{"floor":23,"key":"REST"},{"floor":25,"key":"REST"},{"data":"Recycle","floor":27,"key":"SMITH"}],"neow_cost":"NONE","seed_source_timestamp":168558719752700,"circlet_count":0,"master_deck":["Defend_B","Defend_B","Defend_B","Defend_B","Zap+1","Dualcast","Doom and Gloom","Doom and Gloom","Darkness+1","Conserve Battery","Creative AI+1","Chaos","White Noise","Multi-Cast","Reprogram","Self Repair","Bite","Bite","Bite","Bite","Bite","Writhe","Recycle+1","Pain"],"relics":["Cracked Core","NeowsBlessing","Golden Idol","Blue Candle","Pantograph","Singing Bowl","Cursed Key","Regal Pillow","Happy Flower"],"potions_floor_usage":[16,20,20,20],"damage_taken":[{"damage":0,"enemies":"2 Louse","floor":1,"turns":1},{"damage":0,"enemies":"Cultist","floor":3,"turns":1},{"damage":0,"enemies":"Jaw Worm","floor":4,"turns":1},{"damage":6,"enemies":"2 Fungi Beasts","floor":5,"turns":2},{"damage":30,"enemies":"3 Sentries","floor":7,"turns":7},{"damage":19,"enemies":"Large Slime","floor":12,"turns":5},{"damage":1,"enemies":"Looter","floor":14,"turns":4},{"damage":35,"enemies":"Slime Boss","floor":16,"turns":8},{"damage":23,"enemies":"Spheric Guardian","floor":18,"turns":4},{"damage":45,"enemies":"2 Thieves","floor":20,"turns":4},{"damage":52,"enemies":"Sentry and Sphere","floor":24,"turns":5},{"damage":54,"enemies":"Snecko","floor":28,"turns":5}],"seed_played":"-2648522972541362576","potions_obtained":[{"floor":1,"key":"PowerPotion"},{"floor":5,"key":"Poison Potion"},{"floor":10,"key":"SkillPotion"},{"floor":16,"key":"Swift Potion"},{"floor":18,"key":"Regen Potion"},{"floor":20,"key":"Weak Potion"},{"floor":24,"key":"Dexterity Potion"}],"is_trial":false,"path_per_floor":["M","?","M","M","M","R","E","R","T","?","R","M","?","M","R","B",null,"M","$","M","?","?","R","M","R","T","R","M"],"character_chosen":"DEFECT","items_purchased":["Self Repair"],"campfire_rested":3,"item_purchase_floors":[19],"current_hp_per_floor":[75,75,75,75,69,69,39,39,39,39,39,20,13,12,34,24,75,52,52,28,28,28,53,12,42,42,42,0],"gold":246,"neow_bonus":"THREE_ENEMY_KILL","is_prod":false,"is_daily":false,"chose_seed":false,"campfire_upgraded":4,"win_rate":0,"timestamp":1555704423,"path_taken":["M","?","M","M","M","R","E","R","T","?","R","?","?","M","R","BOSS","M","$","M","?","?","R","M","R","T","R","M"],"build_version":"2019-01-23","purchased_purges":1,"victory":false,"max_hp_per_floor":[75,75,75,75,75,75,75,75,75,75,75,75,75,75,75,75,75,75,75,77,53,53,53,53,53,53,53,53],"card_choices":[{"not_picked":["Reinforced Body","Steam Power"],"picked":"Doom and Gloom","floor":1},{"not_picked":["Static Discharge","Hologram"],"picked":"Doom and Gloom","floor":3},{"not_picked":["Skim","Cold Snap"],"picked":"Darkness","floor":4},{"not_picked":["Compile Driver","Hologram"],"picked":"Conserve Battery","floor":5},{"not_picked":["Coolheaded","Multi-Cast"],"picked":"Creative AI","floor":7},{"not_picked":["Turbo","Double Energy"],"picked":"Chaos","floor":12},{"not_picked":["Leap","Steam"],"picked":"White Noise","floor":14},{"not_picked":["Seek","Machine Learning"],"picked":"Multi-Cast","floor":16},{"not_picked":["Lockon","Doom and Gloom"],"picked":"Reprogram","floor":18},{"not_picked":["Beam Cell","Fusion","Compile Driver"],"picked":"Singing Bowl","floor":20},{"not_picked":["Double Energy","Undo"],"picked":"Recycle","floor":24}],"player_experience":285135,"relics_obtained":[{"floor":7,"key":"Blue Candle"},{"floor":9,"key":"Pantograph"},{"floor":26,"key":"Happy Flower"}],"event_choices":[{"damage_healed":0,"gold_gain":0,"player_choice":"Take Wound","damage_taken":0,"relics_obtained":["Golden Idol"],"max_hp_gain":0,"max_hp_loss":0,"event_name":"Golden Idol","floor":2,"gold_loss":0,"cards_obtained":["Injury"]},{"damage_healed":0,"gold_gain":0,"player_choice":"Got Potions","damage_taken":0,"max_hp_gain":0,"max_hp_loss":0,"event_name":"Lab","floor":10,"gold_loss":0},{"damage_healed":0,"gold_gain":0,"player_choice":"Success","damage_taken":7,"relics_obtained":["Singing Bowl"],"max_hp_gain":0,"max_hp_loss":0,"event_name":"Scrap Ooze","floor":13,"gold_loss":0},{"damage_healed":0,"gold_gain":0,"player_choice":"Became a vampire","damage_taken":0,"max_hp_gain":0,"max_hp_loss":24,"event_name":"Vampires","floor":21,"gold_loss":0,"cards_obtained":["Bite","Bite","Bite","Bite","Bite"]},{"damage_healed":0,"gold_gain":0,"player_choice":"Opened","damage_taken":0,"relics_obtained":["Regal Pillow"],"max_hp_gain":0,"max_hp_loss":0,"event_name":"The Mausoleum","floor":22,"gold_loss":0,"cards_obtained":["Writhe"]}],"is_beta":false,"boss_relics":[{"not_picked":["White Beast Statue","Coffee Dripper"],"picked":"Cursed Key"}],"items_purged_floors":[19],"is_endless":false,"potions_floor_spawned":[1,5,16,18,20,24],"killed_by":"Snecko","ascension_level":3}