{"gold_per_floor":[113,113,131,142,161,161,194,194],"floor_reached":8,"playtime":243,"items_purged":[],"score":70,"play_id":"7a03fb33-299e-4e72-a160-a0ba66454f4e","local_time":"20190905213804","is_ascension_mode":true,"campfire_choices":[{"data":"Juggernaut","floor":6,"key":"SMITH"}],"neow_cost":"NONE","seed_source_timestamp":1760647242216600,"circlet_count":0,"master_deck":["Strike_R","Strike_R","Strike_R","Strike_R","Strike_R","Defend_R","Defend_R","Defend_R","Defend_R","Bash","Juggernaut+1","Cleave","Shrug It Off"],"relics":["Burning Blood","Lantern","Mummified Hand"],"potions_floor_usage":[],"damage_taken":[{"damage":10,"enemies":"2 Louse","floor":1,"turns":3},{"damage":13,"enemies":"Jaw Worm","floor":3,"turns":4},{"damage":1,"enemies":"Cultist","floor":4,"turns":4},{"damage":18,"enemies":"Lots of Slimes","floor":5,"turns":3},{"damage":41,"enemies":"Lagavulin","floor":7,"turns":8},{"damage":9,"enemies":"The Mushroom Lair","floor":8,"turns":3}],"seed_played":"-6383726548847933053","potions_obtained":[{"floor":4,"key":"Weak Potion"},{"floor":5,"key":"Block Potion"}],"is_trial":false,"path_per_floor":["M","?","M","M","M","R","E","?"],"character_chosen":"IRONCLAD","items_purchased":[],"campfire_rested":0,"item_purchase_floors":[],"current_hp_per_floor":[76,58,51,56,44,44,9,0],"gold":194,"neow_bonus":"ONE_RANDOM_RARE_CARD","is_prod":false,"is_daily":false,"chose_seed":false,"campfire_upgraded":1,"win_rate":0,"timestamp":1567712284,"path_taken":["M","?","M","M","M","R","E","?"],"build_version":"2019-08-26","purchased_purges":0,"victory":false,"max_hp_per_floor":[80,80,80,80,80,80,80,80],"card_choices":[{"not_picked":["Anger","Clash","Armaments"],"picked":"SKIP","floor":1},{"not_picked":["Anger","Clash","Armaments"],"picked":"SKIP","floor":1},{"not_picked":["Searing Blow","Warcry","Heavy Blade"],"picked":"SKIP","floor":3},{"not_picked":["Sword Boomerang","Reckless Charge"],"picked":"Cleave","floor":4},{"not_picked":["Rupture","Flex","Headbutt"],"picked":"SKIP","floor":5},{"not_picked":["Flex","Reckless Charge"],"picked":"Shrug It Off","floor":7}],"player_experience":149624,"relics_obtained":[{"floor":7,"key":"Mummified Hand"}],"event_choices":[{"damage_healed":0,"gold_gain":0,"player_choice":"Success","damage_taken":18,"relics_obtained":["Lantern"],"max_hp_gain":0,"max_hp_loss":0,"event_name":"Scrap Ooze","floor":2,"gold_loss":0},{"damage_healed":0,"gold_gain":0,"player_choice":"Fought Mushrooms","damage_taken":0,"max_hp_gain":0,"max_hp_loss":0,"event_name":"Mushrooms","floor":8,"gold_loss":0}],"is_beta":true,"boss_relics":[],"items_purged_floors":[],"is_endless":false,"potions_floor_spawned":[4,5],"killed_by":"The Mushroom Lair","ascension_level":4}