{"gold_per_floor":[215,215,53,64,79,106,106,140,140,140,154,172,191,225,225,320,320,333,353,27,41,41,106,106],"floor_reached":24,"playtime":1365,"items_purged":["Strike_G"],"score":289,"play_id":"8d8578c0-e9cf-4730-aa83-2aaf0d2cbdb6","local_time":"20190505223846","is_ascension_mode":true,"campfire_choices":[{"data":"Phantasmal Killer","floor":7,"key":"SMITH"},{"floor":10,"key":"REST"},{"data":"Cloak And Dagger","floor":15,"key":"SMITH"}],"neow_cost":"NONE","seed_source_timestamp":127423748557200,"circlet_count":0,"master_deck":["Defend_G","Defend_G","Defend_G","Defend_G","Defend_G","Strike_G","Strike_G","Strike_G","Strike_G","Survivor","Neutralize","Deflect","After Image","Backstab","Dagger Spray","Phantasmal Killer+1","Cloak And Dagger+1","Accuracy+1","Cloak And Dagger+1","Blur","Glass Knife","Corpse Explosion","Footwork+1","Footwork+1","Blade Dance","Outmaneuver","Backflip","Blur","Sucker Punch+1","Endless Agony+1"],"relics":["Ring of the Snake","Bronze Scales","Torii","Frozen Egg 2","Ornamental Fan","Orrery","Toxic Egg 2","Tiny Chest"],"potions_floor_usage":[8,18,19,21,21,21],"damage_taken":[{"damage":3,"enemies":"Jaw Worm","floor":1,"turns":6},{"damage":1,"enemies":"Cultist","floor":4,"turns":6},{"damage":0,"enemies":"Small Slimes","floor":5,"turns":4},{"damage":29,"enemies":"Lagavulin","floor":6,"turns":13},{"damage":12,"enemies":"Gremlin Nob","floor":8,"turns":3},{"damage":0,"enemies":"Exordium Thugs","floor":11,"turns":4},{"damage":0,"enemies":"2 Fungi Beasts","floor":12,"turns":3},{"damage":1,"enemies":"Exordium Wildlife","floor":13,"turns":3},{"damage":2,"enemies":"Lagavulin","floor":14,"turns":10},{"damage":4,"enemies":"Hexaghost","floor":16,"turns":11},{"damage":0,"enemies":"3 Byrds","floor":18,"turns":1},{"damage":19,"enemies":"2 Thieves","floor":19,"turns":5},{"damage":16,"enemies":"Shelled Parasite and Fungi","floor":21,"turns":6},{"damage":24,"enemies":"Gremlin Leader","floor":23,"turns":9},{"damage":13,"enemies":"Snake Plant","floor":24,"turns":1}],"seed_played":"-6010113762213933672","potions_obtained":[{"floor":6,"key":"AttackPotion"},{"floor":8,"key":"Explosive Potion"},{"floor":13,"key":"EntropicBrew"}],"is_trial":false,"path_per_floor":["M","?","$","M","M","E","R","E","T","R","M","M","M","E","R","B",null,"M","M","$","M","?","E","M"],"character_chosen":"THE_SILENT","items_purchased":["After Image","Toxic Egg 2"],"campfire_rested":1,"item_purchase_floors":[3,20],"current_hp_per_floor":[67,67,67,66,66,37,37,25,25,46,46,46,45,43,43,39,70,70,51,51,35,35,11,0],"gold":106,"neow_bonus":"HUNDRED_GOLD","is_prod":false,"is_daily":false,"chose_seed":false,"campfire_upgraded":2,"win_rate":0,"timestamp":1557088726,"path_taken":["M","?","$","M","M","E","R","E","T","R","M","M","?","E","R","BOSS","M","M","$","M","?","E","M"],"build_version":"2019-04-23","purchased_purges":1,"victory":false,"max_hp_per_floor":[70,70,70,70,70,70,70,70,70,70,70,70,70,70,70,70,70,70,70,70,70,70,70,70],"card_choices":[{"not_picked":["Quick Slash","Dodge and Roll"],"picked":"Deflect","floor":1},{"not_picked":["Outmaneuver","Riddle With Holes"],"picked":"Backstab","floor":4},{"not_picked":["Quick Slash","Slice"],"picked":"Dagger Spray","floor":5},{"not_picked":["Escape Plan","Slice"],"picked":"Phantasmal Killer","floor":6},{"not_picked":["Skewer","Predator"],"picked":"Cloak And Dagger","floor":8},{"not_picked":["Flying Knee","Outmaneuver"],"picked":"Accuracy+1","floor":11},{"not_picked":["Poisoned Stab","Sucker Punch"],"picked":"Cloak And Dagger","floor":12},{"not_picked":["Outmaneuver","Flying Knee"],"picked":"Blur","floor":13},{"not_picked":["Underhanded Strike","Skewer"],"picked":"Glass Knife","floor":14},{"not_picked":["Burst","Doppelganger"],"picked":"Corpse Explosion","floor":16},{"not_picked":["Deadly Poison","Cloak And Dagger"],"picked":"Footwork+1","floor":17},{"not_picked":["Backflip","Dagger Throw"],"picked":"Footwork+1","floor":17},{"not_picked":["Heel Hook","Concentrate"],"picked":"Blade Dance","floor":17},{"not_picked":["Eviscerate","Quick Slash"],"picked":"Outmaneuver","floor":17},{"not_picked":["Bane","Flying Knee"],"picked":"Backflip","floor":17},{"not_picked":["Leg Sweep","Deadly Poison"],"picked":"Blur","floor":18},{"not_picked":["Outmaneuver","Bane"],"picked":"Sucker Punch+1","floor":19},{"not_picked":["Noxious Fumes+1","Sucker Punch","Outmaneuver+1"],"picked":"SKIP","floor":21},{"not_picked":["Die Die Die","Quick Slash"],"picked":"Endless Agony+1","floor":23}],"player_experience":70254,"relics_obtained":[{"floor":6,"key":"Bronze Scales"},{"floor":8,"key":"Torii"},{"floor":9,"key":"Frozen Egg 2"},{"floor":14,"key":"Ornamental Fan"},{"floor":23,"key":"Tiny Chest"}],"event_choices":[{"damage_healed":0,"gold_gain":0,"player_choice":"Bought 0 Potions","damage_taken":0,"max_hp_gain":0,"max_hp_loss":0,"event_name":"The Woman in Blue","floor":2,"gold_loss":0},{"damage_healed":0,"gold_gain":0,"player_choice":"Upgraded","damage_taken":0,"max_hp_gain":0,"max_hp_loss":0,"event_name":"Upgrade Shrine","floor":22,"gold_loss":0,"cards_upgraded":["Cloak And Dagger"]}],"is_beta":true,"boss_relics":[{"not_picked":["Runic Dome","Lizard Tail"],"picked":"Orrery"}],"items_purged_floors":[20],"is_endless":false,"potions_floor_spawned":[6,8,13],"killed_by":"Snake Plant","ascension_level":2}