{"gold_per_floor":[115,133,133,153,153,78,93,112,137,137,162,162,194,194,194,292,292,304,315,128,139,139,171,171,46,46,81,100,134,150,49,49,153,153,168,19,19,0,18,53,66,66,66,66,95,110,110,144,144,144],"floor_reached":50,"playtime":2439,"items_purged":["Defend_G","Strike_G","Strike_G","Defend_G"],"score":828,"play_id":"366dab38-2e2e-43e9-b313-aa85e5d7f7e7","local_time":"20190531165326","is_ascension_mode":true,"campfire_choices":[{"data":"Cloak And Dagger","floor":10,"key":"SMITH"},{"data":"Bullet Time","floor":12,"key":"SMITH"},{"data":"Cloak And Dagger","floor":15,"key":"SMITH"},{"data":"Blade Dance","floor":24,"key":"SMITH"},{"data":"Finisher","floor":32,"key":"SMITH"},{"data":"Adrenaline","floor":44,"key":"SMITH"},{"floor":47,"key":"REST"},{"data":"1","floor":49,"key":"LIFT"}],"neow_cost":"NONE","seed_source_timestamp":944003472655200,"circlet_count":0,"master_deck":["Strike_G+1","Defend_G","Defend_G","Survivor","Neutralize+1","Choke+1","Adrenaline+1","Finisher+1","Blade Dance+1","PiercingWail","Cloak And Dagger+1","Cloak And Dagger+1","Bullet Time+1","Corpse Explosion","Footwork","Blade Dance+1","Escape Plan","Cloak And Dagger+1","Cloak And Dagger+1","Sucker Punch+1","Accuracy+1","Backflip","Finisher+1","Adrenaline+1","Prepared+1","Footwork","Cloak And Dagger+1","Cloak And Dagger","Accuracy+1","After Image","Deflect+1"],"relics":["Astrolabe","Bag of Preparation","Whetstone","Centennial Puzzle","Bag of Marbles","Philosopher\u0027s Stone","Omamori","The Courier","Bottled Lightning","The Specimen","White Beast Statue","Red Mask","Girya","Bottled Flame","Blue Candle","Molten Egg 2"],"potions_floor_usage":[11,13,33,40,40,45,48,50,50],"damage_taken":[{"damage":0,"enemies":"2 Louse","floor":1,"turns":2},{"damage":1,"enemies":"Cultist","floor":2,"turns":3},{"damage":2,"enemies":"Jaw Worm","floor":4,"turns":3},{"damage":0,"enemies":"Blue Slaver","floor":7,"turns":1},{"damage":0,"enemies":"Lots of Slimes","floor":8,"turns":4},{"damage":7,"enemies":"3 Sentries","floor":11,"turns":6},{"damage":0,"enemies":"Lagavulin","floor":13,"turns":2},{"damage":28,"enemies":"The Guardian","floor":16,"turns":7},{"damage":8,"enemies":"Chosen","floor":18,"turns":2},{"damage":12,"enemies":"3 Byrds","floor":19,"turns":2},{"damage":4,"enemies":"Centurion and Healer","floor":21,"turns":3},{"damage":4,"enemies":"Slavers","floor":23,"turns":2},{"damage":4,"enemies":"Gremlin Leader","floor":27,"turns":2},{"damage":0,"enemies":"Snecko","floor":28,"turns":1},{"damage":0,"enemies":"Slavers","floor":29,"turns":2},{"damage":0,"enemies":"Snake Plant","floor":30,"turns":1},{"damage":23,"enemies":"Automaton","floor":33,"turns":5},{"damage":8,"enemies":"3 Shapes","floor":35,"turns":3},{"damage":0,"enemies":"3 Darklings","floor":39,"turns":2},{"damage":20,"enemies":"Giant Head","floor":40,"turns":7},{"damage":14,"enemies":"Writhing Mass","floor":41,"turns":3},{"damage":0,"enemies":"Nemesis","floor":45,"turns":3},{"damage":0,"enemies":"Sphere and 2 Shapes","floor":46,"turns":5},{"damage":0,"enemies":"Reptomancer","floor":48,"turns":2},{"damage":70,"enemies":"Time Eater","floor":50,"turns":7}],"seed_played":"7869640591902309329","potions_obtained":[{"floor":3,"key":"SkillPotion"},{"floor":3,"key":"EssenceOfSteel"},{"floor":3,"key":"FairyPotion"},{"floor":4,"key":"Explosive Potion"},{"floor":8,"key":"Weak Potion"},{"floor":23,"key":"Fire Potion"},{"floor":27,"key":"GamblersBrew"},{"floor":35,"key":"Dexterity Potion"},{"floor":39,"key":"EssenceOfSteel"},{"floor":40,"key":"GhostInAJar"},{"floor":41,"key":"Explosive Potion"},{"floor":45,"key":"Swift Potion"},{"floor":46,"key":"LiquidBronze"},{"floor":48,"key":"Energy Potion"}],"is_trial":false,"path_per_floor":["M","M","?","M","?","$","M","M","T","R","E","R","E","?","R","B",null,"M","M","$","M","?","E","R","$","T","E","M","E","M","$","R","B",null,"M","$","?","?","M","E","M","?","T","R","E","M","R","E","R","B"],"character_chosen":"THE_SILENT","items_purchased":["Blade Dance","Escape Plan","Backflip","Finisher","Footwork"],"campfire_rested":1,"item_purchase_floors":[20,20,31,31,36],"current_hp_per_floor":[70,69,69,67,67,67,67,67,67,67,60,60,60,60,60,32,70,62,50,50,46,46,42,42,42,42,38,38,38,38,38,38,15,70,62,62,62,62,62,42,28,46,46,46,46,46,67,67,67,0],"gold":144,"neow_bonus":"BOSS_RELIC","is_prod":false,"is_daily":false,"chose_seed":false,"campfire_upgraded":6,"win_rate":0,"timestamp":1559314406,"path_taken":["M","M","?","?","?","$","?","M","T","R","E","R","E","?","R","BOSS","M","M","$","M","?","E","R","$","T","E","?","E","M","$","R","BOSS","M","$","?","?","M","E","M","?","T","R","E","M","R","E","R","BOSS"],"build_version":"2019-05-28","purchased_purges":4,"victory":false,"max_hp_per_floor":[70,70,70,70,70,70,70,70,70,70,70,70,70,70,70,70,70,70,70,70,70,70,70,70,70,70,70,70,70,70,70,70,70,70,70,70,70,70,70,70,70,70,70,70,70,70,70,70,70,70],"card_choices":[{"not_picked":["Backflip","Masterful Stab"],"picked":"Blade Dance","floor":1},{"not_picked":["Dagger Spray","Dodge and Roll","Dagger Throw"],"picked":"SKIP","floor":2},{"not_picked":["Dagger Throw","Prepared"],"picked":"PiercingWail","floor":4},{"not_picked":["Poisoned Stab","Underhanded Strike"],"picked":"Cloak And Dagger","floor":7},{"not_picked":["Dagger Throw","Leg Sweep"],"picked":"Cloak And Dagger","floor":8},{"not_picked":["Heel Hook","Bouncing Flask"],"picked":"Bullet Time","floor":11},{"not_picked":["Dodge and Roll","Flying Knee","Heel Hook"],"picked":"SKIP","floor":13},{"not_picked":["Glass Knife","Masterful Stab"],"picked":"Corpse Explosion","floor":16},{"not_picked":["Slice","Deadly Poison"],"picked":"Footwork","floor":18},{"not_picked":["Terror","Skewer"],"picked":"Dash+1","floor":19},{"not_picked":["Poisoned Stab","Deflect+1"],"picked":"Cloak And Dagger","floor":21},{"not_picked":["Corpse Explosion","Acrobatics","Predator+1"],"picked":"SKIP","floor":23},{"not_picked":["Caltrops","Dagger Spray"],"picked":"Cloak And Dagger+1","floor":27},{"not_picked":["Acrobatics+1","Bane"],"picked":"Sucker Punch+1","floor":28},{"not_picked":["Dagger Throw","Predator","Backstab+1"],"picked":"SKIP","floor":29},{"not_picked":["Well Laid Plans","All Out Attack"],"picked":"Accuracy+1","floor":30},{"not_picked":["Bullet Time","Corpse Explosion"],"picked":"Adrenaline","floor":33},{"not_picked":["Slice+1","Dodge and Roll+1"],"picked":"Prepared+1","floor":35},{"not_picked":["Poisoned Stab","Heel Hook+1"],"picked":"Cloak And Dagger+1","floor":39},{"not_picked":["Quick Slash+1","Sucker Punch+1"],"picked":"Cloak And Dagger","floor":40},{"not_picked":["Poisoned Stab+1","Dodge and Roll"],"picked":"Accuracy+1","floor":41},{"not_picked":["Distraction","Cloak And Dagger+1"],"picked":"After Image","floor":45},{"not_picked":["Dagger Throw+1","Dash+1","Backflip"],"picked":"SKIP","floor":46},{"not_picked":["Dagger Throw+1","Dash+1","Backflip"],"picked":"SKIP","floor":46},{"not_picked":["Flying Knee+1","Expertise"],"picked":"Deflect+1","floor":48}],"player_experience":92261,"relics_obtained":[{"floor":9,"key":"Whetstone"},{"floor":11,"key":"Centennial Puzzle"},{"floor":13,"key":"Bag of Marbles"},{"floor":23,"key":"Omamori"},{"floor":26,"key":"The Courier"},{"floor":27,"key":"Bottled Lightning"},{"floor":29,"key":"The Specimen"},{"floor":40,"key":"Girya"},{"floor":43,"key":"Bottled Flame"},{"floor":45,"key":"Blue Candle"},{"floor":48,"key":"Molten Egg 2"}],"event_choices":[{"damage_healed":0,"gold_gain":0,"player_choice":"Got Potions","damage_taken":0,"max_hp_gain":0,"max_hp_loss":0,"event_name":"Lab","floor":3,"gold_loss":0},{"damage_healed":0,"gold_gain":0,"player_choice":"Gave Potion","damage_taken":0,"relics_obtained":["Bag of Preparation"],"max_hp_gain":0,"max_hp_loss":0,"event_name":"WeMeetAgain","floor":5,"gold_loss":0},{"damage_healed":0,"gold_gain":0,"player_choice":"Grow","damage_taken":0,"max_hp_gain":0,"max_hp_loss":0,"event_name":"Living Wall","floor":14,"gold_loss":0,"cards_upgraded":["Blade Dance"]},{"damage_healed":0,"gold_gain":0,"player_choice":"Upgraded","damage_taken":0,"max_hp_gain":0,"max_hp_loss":0,"event_name":"Upgrade Shrine","floor":22,"gold_loss":0,"cards_upgraded":["Cloak And Dagger"]},{"cards_removed":["Dash"],"damage_healed":0,"gold_gain":0,"player_choice":"Removed Attack","damage_taken":0,"max_hp_gain":0,"max_hp_loss":0,"event_name":"Falling","floor":37,"gold_loss":0},{"damage_healed":0,"gold_gain":0,"player_choice":"Paid","damage_taken":0,"relics_obtained":["Red Mask"],"max_hp_gain":0,"max_hp_loss":0,"event_name":"Tomb of Lord Red Mask","floor":38,"gold_loss":19},{"damage_healed":18,"gold_gain":0,"player_choice":"Writhe","damage_taken":0,"max_hp_gain":0,"max_hp_loss":0,"event_name":"Winding Halls","floor":42,"gold_loss":0,"cards_obtained":["Writhe"]}],"is_beta":true,"boss_relics":[{"not_picked":["Velvet Choker","Fusion Hammer"],"picked":"Philosopher\u0027s Stone"},{"not_picked":["Runic Dome","HoveringKite"],"picked":"White Beast Statue"}],"items_purged_floors":[6,20,25,36],"is_endless":false,"potions_floor_spawned":[4,8,23,27,29,35,39,40,41,45,46,48],"killed_by":"Time Eater","ascension_level":3}