{"gold_per_floor":[111,111,126,3,23,50,50,60,60,60,60,95,95,114,114,210,210,223,65,76,76,89,89,108,108,154,187,198,223,223,153,153,153],"floor_reached":33,"playtime":1518,"items_purged":["Writhe"],"score":325,"play_id":"4f27c288-1bef-4994-aa71-b92557c066cd","local_time":"20190620213253","is_ascension_mode":true,"campfire_choices":[{"data":"Zap","floor":10.0,"key":"SMITH"},{"data":"Dualcast","floor":13.0,"key":"SMITH"},{"floor":15.0,"key":"REST"},{"floor":23.0,"key":"REST"},{"data":"Fission","floor":25.0,"key":"SMITH"},{"floor":30.0,"key":"REST"},{"data":"Normality","floor":32.0,"key":"PURGE"}],"neow_cost":"CURSE","seed_source_timestamp":2689374484735300,"circlet_count":0,"master_deck":["Strike_B","Strike_B+1","Strike_B","Defend_B","Defend_B","Defend_B","Zap+1","Dualcast+1","Steam Power","Loop","Cold Snap+1","Scrape+1","Beam Cell+1","Go for the Eyes+1","White Noise","Cold Snap+1","Leap","Auto Shields","Reboot","Steam","Fission+1","Beam Cell+1","RitualDagger+1","Rebound+1","Rebound+1","Leap","Streamline+1","Multi-Cast","Reprogram"],"special_seed":0,"relics":["Cracked Core","Molten Egg 2","Peace Pipe","Gremlin Horn","Matryoshka","Cursed Key","Whetstone","Bronze Scales","Potion Belt","Ancient Tea Set"],"potions_floor_usage":[33,33,33],"damage_taken":[{"damage":14.0,"enemies":"Jaw Worm","floor":1.0,"turns":3.0},{"damage":0.0,"enemies":"2 Louse","floor":3.0,"turns":1.0},{"damage":0.0,"enemies":"Cultist","floor":5.0,"turns":2.0},{"damage":22.0,"enemies":"Lagavulin","floor":6.0,"turns":5.0},{"damage":16.0,"enemies":"3 Louse","floor":8.0,"turns":3.0},{"damage":18.0,"enemies":"3 Sentries","floor":12.0,"turns":6.0},{"damage":3.0,"enemies":"Looter","floor":14.0,"turns":2.0},{"damage":27.0,"enemies":"Hexaghost","floor":16.0,"turns":13.0},{"damage":7.0,"enemies":"3 Byrds","floor":18.0,"turns":4.0},{"damage":21.0,"enemies":"Spheric Guardian","floor":20.0,"turns":6.0},{"damage":14.0,"enemies":"Snake Plant","floor":22.0,"turns":5.0},{"damage":3.0,"enemies":"Shelled Parasite and Fungi","floor":24.0,"turns":3.0},{"damage":35.0,"enemies":"Slavers","floor":27.0,"turns":5.0},{"damage":0.0,"enemies":"Centurion and Healer","floor":28.0,"turns":5.0},{"damage":2.0,"enemies":"Book of Stabbing","floor":29.0,"turns":5.0},{"damage":60,"enemies":"Collector","floor":33,"turns":10}],"seed_played":"-8613992655402126490","potions_obtained":[{"floor":1.0,"key":"Dexterity Potion"},{"floor":5.0,"key":"Block Potion"},{"floor":8.0,"key":"Weak Potion"},{"floor":16.0,"key":"AttackPotion"},{"floor":22.0,"key":"Strength Potion"},{"floor":27.0,"key":"LiquidBronze"},{"floor":29.0,"key":"Regen Potion"}],"is_trial":false,"path_per_floor":["M","?","M","$","M","E","?","M","T","R","$","E","R","M","R","B",null,"M","$","M","?","M","R","M","R","T","E","M","E","R","$","R","B"],"character_chosen":"DEFECT","items_purchased":["Beam Cell+1","Fission","Reprogram"],"campfire_rested":3,"item_purchase_floors":[4,19,31],"current_hp_per_floor":[61,49,49,49,49,27,52,36,36,36,36,18,18,15,37,10,75,68,68,47,41,27,49,46,46,46,11,11,9,31,31,31,0],"gold":153,"neow_bonus":"TRANSFORM_TWO_CARDS","is_prod":false,"is_daily":false,"chose_seed":false,"campfire_upgraded":3,"win_rate":0,"timestamp":1561059173,"path_taken":["M","?","M","$","M","E","?","M","T","R","?","E","R","?","R","BOSS","M","$","M","?","M","R","M","R","T","E","M","E","R","$","R","BOSS"],"build_version":"2019-06-19","purchased_purges":1,"victory":false,"max_hp_per_floor":[75,75,75,75,75,75,75,75,75,75,75,75,75,75,75,75,75,75,75,75,75,75,75,75,75,75,75,75,75,75,75,75,75],"card_choices":[{"not_picked":["Stack","Coolheaded"],"picked":"Cold Snap","floor":1.0},{"not_picked":["BootSequence","Sweeping Beam+1"],"picked":"Scrape+1","floor":3.0},{"not_picked":["Tempest","Hologram"],"picked":"Go for the Eyes+1","floor":5.0},{"not_picked":["Hologram","Conserve Battery"],"picked":"White Noise","floor":6.0},{"not_picked":["Coolheaded","Electrodynamics"],"picked":"Cold Snap+1","floor":8.0},{"not_picked":["Sweeping Beam+1","Compile Driver+1"],"picked":"Leap","floor":12.0},{"not_picked":["Ball Lightning+1","Static Discharge"],"picked":"Auto Shields","floor":14.0},{"not_picked":["Seek","Meteor Strike+1"],"picked":"Reboot","floor":16.0},{"not_picked":["Rebound+1","Streamline+1"],"picked":"Steam","floor":18.0},{"not_picked":["Compile Driver+1","Hologram"],"picked":"Beam Cell+1","floor":20.0},{"not_picked":["Ball Lightning+1","Conserve Battery"],"picked":"Rebound+1","floor":22.0},{"not_picked":["Stack","Redo"],"picked":"Rebound+1","floor":24.0},{"not_picked":["Amplify","Stack"],"picked":"Leap","floor":27.0},{"not_picked":["Redo","Capacitor"],"picked":"Streamline+1","floor":28.0},{"not_picked":["Cold Snap+1","Steam+1"],"picked":"Multi-Cast","floor":29.0}],"player_experience":109973,"relics_obtained":[{"floor":6.0,"key":"Peace Pipe"},{"floor":9.0,"key":"Gremlin Horn"},{"floor":12.0,"key":"Matryoshka"},{"floor":26.0,"key":"Whetstone"},{"floor":26.0,"key":"Bronze Scales"},{"floor":27.0,"key":"Potion Belt"},{"floor":29.0,"key":"Ancient Tea Set"}],"event_choices":[{"damage_healed":0.0,"max_hp_gain":0.0,"max_hp_loss":0.0,"gold_gain":0.0,"event_name":"Scrap Ooze","player_choice":"Success","floor":2.0,"gold_loss":0.0,"damage_taken":12.0,"relics_obtained":["Molten Egg 2"]},{"damage_healed":25.0,"max_hp_gain":0.0,"max_hp_loss":0.0,"gold_gain":0.0,"event_name":"Big Fish","player_choice":"Banana","floor":7.0,"gold_loss":0.0,"damage_taken":0.0},{"damage_healed":0.0,"max_hp_gain":0.0,"max_hp_loss":0.0,"gold_gain":0.0,"event_name":"Nest","player_choice":"Joined the Cult","floor":21.0,"gold_loss":0.0,"damage_taken":6.0,"cards_obtained":["RitualDagger"]}],"is_beta":true,"boss_relics":[{"not_picked":["Lizard Tail","Tiny House"],"picked":"Cursed Key"}],"items_purged_floors":[4],"is_endless":false,"potions_floor_spawned":[1,5,8,16,22,27,29],"killed_by":"Collector","ascension_level":2}