{"gold_per_floor":[119,135,149,324,337,337,363,363,413,433,24,59,69,69,69,174,174,187,203,11,24,24],"floor_reached":22,"playtime":1133,"items_purged":["Doubt"],"score":218,"play_id":"c04a5bc8-9f33-453d-b4f4-74d6367e14dc","local_time":"20190514225823","is_ascension_mode":true,"campfire_choices":[{"data":"Corruption","floor":6,"key":"SMITH"},{"data":"Dark Embrace","floor":8,"key":"SMITH"},{"data":"Demon Form","floor":15,"key":"SMITH"}],"neow_cost":"NONE","seed_source_timestamp":906433493696600,"circlet_count":0,"master_deck":["Strike_R","Strike_R","Strike_R","Defend_R","Defend_R","Defend_R","Defend_R","Bash","Iron Wave","Whirlwind","Corruption+1","Dark Embrace+1","Iron Wave","Demon Form+1","Feed","Fiend Fire+1","Rampage+1","Sentinel+1","Pummel","Headbutt+1","Sentinel"],"relics":["Burning Blood","NeowsBlessing","Mummified Hand","Smiling Mask","Lee\u0027s Waffle","Anchor","Oddly Smooth Stone","Astrolabe","Membership Card"],"potions_floor_usage":[7,7,16,19,22],"damage_taken":[{"damage":0,"enemies":"Small Slimes","floor":1,"turns":1},{"damage":0,"enemies":"2 Louse","floor":2,"turns":1},{"damage":0,"enemies":"Cultist","floor":3,"turns":1},{"damage":17,"enemies":"Looter","floor":5,"turns":3},{"damage":23,"enemies":"Gremlin Nob","floor":7,"turns":6},{"damage":11,"enemies":"2 Fungi Beasts","floor":10,"turns":3},{"damage":40,"enemies":"3 Sentries","floor":12,"turns":9},{"damage":7,"enemies":"3 Louse","floor":13,"turns":4},{"damage":21,"enemies":"The Guardian","floor":16,"turns":7},{"damage":30,"enemies":"Chosen","floor":18,"turns":7},{"damage":45,"enemies":"Shell Parasite","floor":19,"turns":8},{"damage":34,"enemies":"Shelled Parasite and Fungi","floor":21,"turns":6},{"damage":24,"enemies":"Snake Plant","floor":22,"turns":4}],"seed_played":"5620654910943126697","potions_obtained":[{"floor":1,"key":"FearPotion"},{"floor":2,"key":"EssenceOfSteel"},{"floor":5,"key":"LiquidBronze"},{"floor":13,"key":"FairyPotion"},{"floor":18,"key":"BloodPotion"},{"floor":21,"key":"EssenceOfSteel"}],"is_trial":false,"path_per_floor":["M","M","M","?","M","R","E","R","T","M","$","E","M","?","R","B",null,"M","M","$","M","M"],"character_chosen":"IRONCLAD","items_purchased":["Lee\u0027s Waffle","Anchor","Membership Card"],"campfire_rested":0,"item_purchase_floors":[11,11,20],"current_hp_per_floor":[80,80,80,80,69,69,52,52,52,47,87,53,52,52,52,37,87,66,36,36,8,0],"gold":24,"neow_bonus":"THREE_ENEMY_KILL","is_prod":false,"is_daily":false,"chose_seed":false,"campfire_upgraded":3,"win_rate":0,"timestamp":1557867503,"path_taken":["M","M","M","?","M","R","E","R","T","M","$","E","M","?","R","BOSS","M","M","$","M","M"],"build_version":"2019-05-07","purchased_purges":1,"victory":false,"max_hp_per_floor":[80,80,80,80,80,80,80,80,80,80,87,87,87,87,87,87,87,90,90,90,90,90],"card_choices":[{"not_picked":["Rage","Warcry"],"picked":"Iron Wave","floor":1},{"not_picked":["Armaments","Clothesline"],"picked":"Whirlwind","floor":2},{"not_picked":["Flex","Armaments"],"picked":"Warcry","floor":3},{"not_picked":["Clash","True Grit"],"picked":"Corruption","floor":5},{"not_picked":["Power Through","Ghostly Armor"],"picked":"Dark Embrace","floor":7},{"not_picked":["Sword Boomerang","Hemokinesis","Entrench"],"picked":"SKIP","floor":10},{"not_picked":["Clash","Dark Embrace"],"picked":"Iron Wave","floor":12},{"not_picked":["Rupture","Thunderclap","Perfected Strike"],"picked":"SKIP","floor":13},{"not_picked":["Demon Form","Barricade"],"picked":"Feed","floor":16},{"not_picked":["Rage","Flex"],"picked":"Pummel","floor":18},{"not_picked":["Inflame+1","Wild Strike"],"picked":"Headbutt+1","floor":19},{"not_picked":["Shrug It Off","Combust"],"picked":"Sentinel","floor":21}],"player_experience":75863,"relics_obtained":[{"floor":7,"key":"Mummified Hand"},{"floor":9,"key":"Smiling Mask"},{"floor":12,"key":"Oddly Smooth Stone"}],"event_choices":[{"damage_healed":0,"gold_gain":175,"player_choice":"AGREE","damage_taken":0,"max_hp_gain":0,"max_hp_loss":0,"event_name":"Liars Game","floor":4,"gold_loss":0,"cards_obtained":["Doubt"]},{"damage_healed":0,"gold_gain":0,"player_choice":"1 cards matched","damage_taken":0,"max_hp_gain":0,"max_hp_loss":0,"event_name":"Match and Keep!","floor":14,"gold_loss":0,"cards_obtained":["Demon Form"]}],"is_beta":true,"boss_relics":[{"not_picked":["Ectoplasm","Mark of Pain"],"picked":"Astrolabe"}],"items_purged_floors":[11],"is_endless":false,"potions_floor_spawned":[1,2,5,13,18,21],"killed_by":"Snake Plant","ascension_level":2}