{"gold_per_floor":[115,290,303,6,18,47,47,79,102,102,102,102,121,136,136,239,239,239,42,42,42,42,42,42,42,42,42,42,42,42,42,42,42,42,42,42,42,42,42,42,42,42,42,42,42,3,3,3,3,3],"floor_reached":51,"playtime":2792,"items_purged":["Doubt"],"score":1052,"play_id":"29cb149d-98fe-490e-bf43-a5bccaec15d6","local_time":"20190724221130","is_ascension_mode":true,"campfire_choices":[{"data":"Neutralize","floor":7,"key":"SMITH"},{"floor":10,"key":"REST"},{"floor":15,"key":"REST"},{"floor":27,"key":"REST"},{"floor":32,"key":"REST"},{"floor":40,"key":"REST"},{"data":"After Image","floor":49,"key":"SMITH"}],"neow_cost":"NONE","seed_source_timestamp":888474601322100,"circlet_count":0,"master_deck":["Defend_G+1","Defend_G+1","Defend_G+1","Defend_G+1","Defend_G+1","Survivor+1","Neutralize+1","After Image+1","Deadly Poison","Deadly Poison+1","Masterful Stab","Noxious Fumes","Prepared","Riddle With Holes","Escape Plan","Crippling Poison","Storm of Steel","PiercingWail","Backflip","Dash+1","Corpse Explosion","Prepared+1","Bite","Bite","Bite","Bite","Bite","Corpse Explosion+1","Adrenaline+1","Outmaneuver+1","Catalyst+1","Deflect+1","Dodge and Roll+1","Noxious Fumes+1","Concentrate+1","Backflip+1"],"relics":["Ring of the Snake","Vajra","Juzu Bracelet","Bag of Marbles","Lantern","Ectoplasm","Omamori","The Specimen","Oddly Smooth Stone","Unceasing Top","Toxic Egg 2","Strawberry","Boot","Runic Pyramid","MawBank","PreservedInsect","Darkstone Periapt","Incense Burner"],"potions_floor_usage":[23,33,33,33],"damage_taken":[{"damage":0,"enemies":"Jaw Worm","floor":1,"turns":6},{"damage":1,"enemies":"2 Louse","floor":3,"turns":4},{"damage":0,"enemies":"Cultist","floor":5,"turns":2},{"damage":28,"enemies":"Gremlin Nob","floor":6,"turns":4},{"damage":33,"enemies":"3 Sentries","floor":8,"turns":8},{"damage":0,"enemies":"Large Slime","floor":13,"turns":4},{"damage":4,"enemies":"Gremlin Gang","floor":14,"turns":5},{"damage":26,"enemies":"Slime Boss","floor":16,"turns":11},{"damage":3,"enemies":"Spheric Guardian","floor":18,"turns":3},{"damage":0,"enemies":"Book of Stabbing","floor":23,"turns":5},{"damage":48,"enemies":"Gremlin Leader","floor":25,"turns":7},{"damage":0,"enemies":"3 Byrds","floor":28,"turns":2},{"damage":15,"enemies":"Slavers","floor":29,"turns":4},{"damage":16,"enemies":"Gremlin Leader","floor":31,"turns":6},{"damage":38,"enemies":"Collector","floor":33,"turns":7},{"damage":18,"enemies":"3 Darklings","floor":35,"turns":3},{"damage":1,"enemies":"3 Shapes","floor":37,"turns":2},{"damage":16,"enemies":"Jaw Worm Horde","floor":39,"turns":3},{"damage":20,"enemies":"Giant Head","floor":42,"turns":7},{"damage":6,"enemies":"3 Darklings","floor":44,"turns":2},{"damage":0,"enemies":"Nemesis","floor":45,"turns":5},{"damage":0,"enemies":"Maw","floor":48,"turns":6},{"damage":20,"enemies":"Time Eater","floor":50,"turns":13}],"seed_played":"7643728155733685645","potions_obtained":[{"floor":6,"key":"SkillPotion"},{"floor":8,"key":"SpeedPotion"},{"floor":14,"key":"Poison Potion"},{"floor":21,"key":"Regen Potion"},{"floor":25,"key":"Explosive Potion"},{"floor":42,"key":"GamblersBrew"},{"floor":45,"key":"Strength Potion"},{"floor":48,"key":"Ancient Potion"}],"is_trial":false,"path_per_floor":["M","?","M","$","M","E","R","E","T","R","?","$","M","M","R","B",null,"M","$","?","?","?","E","?","E","T","R","M","E","?","E","R","B",null,"M","?","M","T","M","R","?","E","T","M","E","$","?","M","R","B",null],"character_chosen":"THE_SILENT","items_purchased":["Vajra","Masterful Stab","Backflip","Omamori","Concentrate+1"],"campfire_rested":5,"item_purchase_floors":[4,4,19,19,46],"current_hp_per_floor":[70,70,69,69,69,41,41,8,8,29,15,15,15,11,32,6,70,67,67,67,67,67,67,67,19,19,40,40,32,32,22,37,22,53,35,35,36,36,24,39,34,16,16,10,14,14,46,46,46,31],"gold":3,"neow_bonus":"ONE_RANDOM_RARE_CARD","is_prod":false,"is_daily":false,"chose_seed":false,"campfire_upgraded":2,"win_rate":0,"timestamp":1563999090,"path_taken":["M","?","M","$","M","E","R","E","T","R","?","?","M","M","R","BOSS","M","$","?","?","?","E","?","E","T","R","M","E","?","E","R","BOSS","M","?","M","?","M","R","?","E","T","M","E","$","?","M","R","BOSS"],"build_version":"2019-07-18","purchased_purges":1,"victory":true,"max_hp_per_floor":[70,70,70,70,70,70,70,70,70,70,70,70,70,70,70,70,70,70,70,70,70,70,70,70,70,70,70,70,77,53,53,53,53,53,53,53,53,53,53,53,53,53,53,53,53,53,46,46,46,46],"card_choices":[{"not_picked":["Flechettes","Blade Dance"],"picked":"Deadly Poison","floor":1},{"not_picked":["Leg Sweep","Deflect"],"picked":"Deadly Poison","floor":3},{"not_picked":["Underhanded Strike","Blade Dance"],"picked":"Noxious Fumes","floor":5},{"not_picked":["Setup","A Thousand Cuts"],"picked":"Prepared","floor":6},{"not_picked":["Cloak And Dagger","Finisher"],"picked":"Riddle With Holes","floor":8},{"not_picked":["Reflex","Infinite Blades"],"picked":"Escape Plan","floor":13},{"not_picked":["Deflect","PiercingWail"],"picked":"Crippling Poison","floor":14},{"not_picked":["Die Die Die","Doppelganger"],"picked":"Storm of Steel","floor":16},{"not_picked":["Blade Dance","All Out Attack"],"picked":"PiercingWail","floor":18},{"not_picked":["Blade Dance","Sucker Punch+1"],"picked":"Dash+1","floor":23},{"not_picked":["Bullet Time","A Thousand Cuts","Outmaneuver"],"picked":"SKIP","floor":25},{"not_picked":["Tactician+1","Distraction+1"],"picked":"Prepared+1","floor":28},{"not_picked":["Flying Knee+1","Blade Dance+1"],"picked":"Poisoned Stab+1","floor":29},{"not_picked":["Dagger Throw","Acrobatics+1"],"picked":"Corpse Explosion+1","floor":31},{"not_picked":["A Thousand Cuts","Wraith Form v2"],"picked":"Adrenaline+1","floor":33},{"not_picked":["Dagger Spray+1","Acrobatics+1"],"picked":"Outmaneuver+1","floor":35},{"not_picked":["Acrobatics+1","Footwork"],"picked":"Catalyst+1","floor":37},{"not_picked":["Dash","Tools of the Trade","Slice+1"],"picked":"SKIP","floor":39},{"not_picked":["Blade Dance+1","Dagger Throw"],"picked":"Deflect+1","floor":42},{"not_picked":["Deadly Poison+1","Prepared+1"],"picked":"Dodge and Roll+1","floor":44},{"not_picked":["Flying Knee","Flechettes+1"],"picked":"Noxious Fumes+1","floor":45},{"not_picked":["Corpse Explosion+1","Dash+1"],"picked":"Backflip+1","floor":48}],"player_experience":114735,"relics_obtained":[{"floor":6,"key":"Juzu Bracelet"},{"floor":8,"key":"Bag of Marbles"},{"floor":9,"key":"Lantern"},{"floor":23,"key":"Oddly Smooth Stone"},{"floor":25,"key":"Unceasing Top"},{"floor":26,"key":"Toxic Egg 2"},{"floor":29,"key":"Strawberry"},{"floor":31,"key":"Boot"},{"floor":38,"key":"MawBank"},{"floor":42,"key":"PreservedInsect"},{"floor":43,"key":"Darkstone Periapt"},{"floor":45,"key":"Incense Burner"}],"event_choices":[{"damage_healed":0,"gold_gain":175,"player_choice":"AGREE","damage_taken":0,"max_hp_gain":0,"max_hp_loss":0,"event_name":"Liars Game","floor":2,"gold_loss":0,"cards_obtained":["Doubt"]},{"damage_healed":0,"gold_gain":0,"player_choice":"Entered Light","damage_taken":14,"max_hp_gain":0,"max_hp_loss":0,"event_name":"Shining Light","floor":11,"gold_loss":0,"cards_upgraded":["Survivor","Deadly Poison"]},{"damage_healed":0,"gold_gain":0,"player_choice":"Simplicity","damage_taken":0,"max_hp_gain":0,"max_hp_loss":0,"event_name":"Back to Basics","floor":20,"gold_loss":0,"cards_upgraded":["Strike_G","Strike_G","Strike_G","Strike_G","Strike_G","Defend_G","Defend_G","Defend_G","Defend_G","Defend_G"]},{"damage_healed":0,"gold_gain":0,"player_choice":"Got Potions","damage_taken":0,"max_hp_gain":0,"max_hp_loss":0,"event_name":"Lab","floor":21,"gold_loss":0},{"damage_healed":0,"gold_gain":0,"player_choice":"Opened","damage_taken":0,"relics_obtained":["The Specimen"],"max_hp_gain":0,"max_hp_loss":0,"event_name":"The Mausoleum","floor":22,"gold_loss":0,"cards_obtained":["Writhe"]},{"damage_healed":0,"gold_gain":0,"player_choice":"1 cards matched","damage_taken":0,"max_hp_gain":0,"max_hp_loss":0,"event_name":"Match and Keep!","floor":24,"gold_loss":0,"cards_obtained":["Corpse Explosion"]},{"damage_healed":0,"gold_gain":0,"player_choice":"Became a vampire","damage_taken":0,"max_hp_gain":0,"max_hp_loss":24,"event_name":"Vampires","floor":30,"gold_loss":0,"cards_obtained":["Bite","Bite","Bite","Bite","Bite"]},{"cards_removed":["Poisoned Stab"],"damage_healed":0,"gold_gain":0,"player_choice":"Removed Attack","damage_taken":0,"max_hp_gain":0,"max_hp_loss":0,"event_name":"Falling","floor":36,"gold_loss":0},{"damage_healed":0,"gold_gain":0,"player_choice":"Damaged","damage_taken":5,"max_hp_gain":0,"max_hp_loss":0,"event_name":"Wheel of Change","floor":41,"gold_loss":0},{"damage_healed":46,"gold_gain":0,"player_choice":"Heal","damage_taken":0,"max_hp_gain":0,"max_hp_loss":7,"event_name":"The Moai Head","floor":47,"gold_loss":0}],"is_beta":true,"boss_relics":[{"not_picked":["HoveringKite","Eternal Feather"],"picked":"Ectoplasm"},{"not_picked":["Ring of the Serpent","Snecko Eye"],"picked":"Runic Pyramid"}],"items_purged_floors":[4],"is_endless":false,"potions_floor_spawned":[6,8,14,25,29,31,42,45,48],"ascension_level":4}