{"gold_per_floor":[118,118,118,68,79,79,112,112,137,149,492,504,541,573,585,699,711,736,722,1009,19,34,63,63,80,80,80,110,29,29,59,59,159,159,179,0,0,0,0,31,66,66,90,90,120,145,145,175,175,175],"floor_reached":51,"playtime":2479,"items_purged":[],"score":1070,"play_id":"a06f9a50-a54b-4fa0-9752-ddb23defc487","local_time":"20190731145412","is_ascension_mode":true,"campfire_choices":[{"data":"Zap","floor":6,"key":"SMITH"},{"data":"Core Surge","floor":8,"key":"SMITH"},{"data":"Beam Cell","floor":10,"key":"SMITH"},{"data":"Glacier","floor":15,"key":"SMITH"},{"floor":24,"key":"REST"},{"floor":30,"key":"REST"},{"data":"Defragment","floor":32,"key":"SMITH"},{"data":"Defragment","floor":42,"key":"SMITH"},{"data":"Pain","floor":44,"key":"PURGE"},{"data":"Regret","floor":49,"key":"PURGE"}],"neow_cost":"NONE","seed_source_timestamp":1467350786143800,"circlet_count":0,"master_deck":["Strike_B+1","Strike_B+1","Strike_B","Defend_B","Defend_B","Defend_B","Defend_B+1","Zap+1","Dualcast","Defragment+1","Conserve Battery","Beam Cell+1","Core Surge+1","Sunder","Leap","Coolheaded","Glacier+1","Core Surge","Self Repair","Barrage+1","Defragment+1","Sadistic Nature","Good Instincts+1","Defragment+1","Loop","Reboot","Beam Cell+1","Madness","Madness","Thinking Ahead","Panacea","Violence","Barrage+1","Lockon","Beam Cell+1","Stack+1","Conserve Battery"],"relics":["Cracked Core","NeowsBlessing","Smiling Mask","Bottled Tornado","MawBank","Old Coin","Omamori","Black Star","Emotion Chip","Boot","TheAbacus","Pantograph","Sundial","Meat on the Bone","Peace Pipe","War Paint","Cables","Juzu Bracelet","Torii","Cursed Key","Red Mask","Letter Opener","WingedGreaves","PreservedInsect","Strawberry","Ancient Tea Set","Whetstone","Potion Belt","Dream Catcher","Orichalcum","Bag of Preparation","Du-Vu Doll","Happy Flower"],"potions_floor_usage":[13,23,28,28,33,48,50,50,50,50,50,50,50],"damage_taken":[{"damage":0,"enemies":"Cultist","floor":1,"turns":1},{"damage":0,"enemies":"Jaw Worm","floor":5,"turns":1},{"damage":0,"enemies":"Lagavulin","floor":7,"turns":1},{"damage":20,"enemies":"Gremlin Nob","floor":11,"turns":4},{"damage":9,"enemies":"Lagavulin","floor":13,"turns":5},{"damage":9,"enemies":"Small Slimes","floor":14,"turns":3},{"damage":12,"enemies":"Hexaghost","floor":16,"turns":10},{"damage":12,"enemies":"Shell Parasite","floor":18,"turns":7},{"damage":37,"enemies":"2 Thieves","floor":19,"turns":5},{"damage":16,"enemies":"Snake Plant","floor":22,"turns":6},{"damage":3,"enemies":"Book of Stabbing","floor":23,"turns":7},{"damage":29,"enemies":"Centurion and Healer","floor":25,"turns":7},{"damage":17,"enemies":"Gremlin Leader","floor":28,"turns":11},{"damage":32,"enemies":"Slavers","floor":31,"turns":7},{"damage":20,"enemies":"Champ","floor":33,"turns":10},{"damage":1,"enemies":"Orb Walker","floor":35,"turns":3},{"damage":6,"enemies":"Nemesis","floor":40,"turns":6},{"damage":12,"enemies":"Giant Head","floor":41,"turns":10},{"damage":18,"enemies":"Nemesis","floor":45,"turns":3},{"damage":8,"enemies":"Reptomancer","floor":46,"turns":4},{"damage":32,"enemies":"Nemesis","floor":48,"turns":5},{"damage":31,"enemies":"Time Eater","floor":50,"turns":10}],"seed_played":"-914266753605706442","potions_obtained":[{"floor":11,"key":"Regen Potion"},{"floor":18,"key":"SpeedPotion"},{"floor":22,"key":"Strength Potion"},{"floor":23,"key":"Weak Potion"},{"floor":28,"key":"SteroidPotion"},{"floor":31,"key":"Explosive Potion"},{"floor":37,"key":"Energy Potion"},{"floor":37,"key":"EntropicBrew"},{"floor":37,"key":"SkillPotion"},{"floor":48,"key":"Strength Potion"}],"is_trial":false,"path_per_floor":["M","?","?","$","M","R","E","R","T","R","E","?","E","M","R","B",null,"M","M","?","$","M","E","R","M","T","?","E","$","R","E","R","B",null,"M","?","?","?","?","E","E","R","T","R","E","E","T","E","R","B",null],"character_chosen":"DEFECT","items_purchased":["Conserve Battery","Emotion Chip","Boot","TheAbacus","Defragment","Sadistic Nature","Good Instincts","Loop"],"campfire_rested":2,"item_purchase_floors":[4,21,21,21,21,21,21,29],"current_hp_per_floor":[75,60,53,53,53,53,53,53,53,53,33,33,36,27,27,15,75,63,26,26,26,17,21,43,21,21,21,23,23,45,25,25,49,75,74,74,74,65,55,56,58,58,58,58,59,51,51,38,38,44],"gold":175,"neow_bonus":"THREE_ENEMY_KILL","is_prod":false,"is_daily":false,"chose_seed":false,"campfire_upgraded":6,"win_rate":0,"timestamp":1564577652,"path_taken":["M","?","?","$","M","R","E","R","T","R","E","?","E","M","R","BOSS","M","M","?","$","M","E","R","?","T","?","E","$","R","E","R","BOSS","M","?","?","?","?","E","E","R","T","R","E","E","?","E","R","BOSS"],"build_version":"2019-07-18","purchased_purges":0,"victory":true,"max_hp_per_floor":[75,75,75,75,75,75,75,75,75,75,75,75,75,75,75,75,75,75,75,75,75,75,75,75,75,75,75,75,75,75,75,75,75,75,75,75,75,75,75,75,82,82,82,82,82,82,82,82,82,82],"card_choices":[{"not_picked":["Conserve Battery","Coolheaded"],"picked":"Defragment","floor":1},{"not_picked":["Steam","FTL"],"picked":"Beam Cell","floor":5},{"not_picked":["Lockon","Rebound"],"picked":"Core Surge","floor":7},{"not_picked":["Defragment","Gash"],"picked":"Sunder","floor":11},{"not_picked":["Undo","Streamline"],"picked":"Coolheaded","floor":13},{"not_picked":["Barrage","Coolheaded"],"picked":"Glacier","floor":14},{"not_picked":["Thunder Strike","Seek"],"picked":"Core Surge","floor":16},{"not_picked":["Sweeping Beam+1","Aggregate+1"],"picked":"Self Repair","floor":18},{"not_picked":["Sweeping Beam","Rip and Tear"],"picked":"Barrage+1","floor":19},{"not_picked":["Gash","Barrage","Ball Lightning"],"picked":"SKIP","floor":22},{"not_picked":["Compile Driver","Double Energy","Gash"],"picked":"SKIP","floor":23},{"not_picked":["Steam","Reprogram"],"picked":"Defragment","floor":25},{"not_picked":["Ball Lightning","Heatsinks","Fusion"],"picked":"SKIP","floor":28},{"not_picked":["Lockon+1","Static Discharge","Creative AI"],"picked":"SKIP","floor":31},{"not_picked":["Meteor Strike","Fission"],"picked":"Reboot","floor":33},{"not_picked":["Ball Lightning","Coolheaded+1"],"picked":"Beam Cell","floor":35},{"not_picked":["Chrysalis","Purity"],"picked":"Thinking Ahead","floor":39},{"not_picked":["Jack Of All Trades","Transmutation"],"picked":"Panacea","floor":39},{"not_picked":["Mind Blast","Metamorphosis"],"picked":"Violence","floor":39},{"not_picked":["Sweeping Beam+1","Turbo+1"],"picked":"Barrage+1","floor":40},{"not_picked":["Stack","FTL"],"picked":"Lockon","floor":41},{"not_picked":["Force Field+1","Streamline"],"picked":"Beam Cell+1","floor":45},{"not_picked":["Auto Shields+1","BootSequence+1"],"picked":"Stack+1","floor":46},{"not_picked":["Scrape","Darkness"],"picked":"Conserve Battery","floor":48}],"player_experience":122396,"relics_obtained":[{"floor":7,"key":"Bottled Tornado"},{"floor":9,"key":"MawBank"},{"floor":11,"key":"Old Coin"},{"floor":13,"key":"Omamori"},{"floor":23,"key":"Pantograph"},{"floor":23,"key":"Sundial"},{"floor":26,"key":"Meat on the Bone"},{"floor":28,"key":"War Paint"},{"floor":28,"key":"Cables"},{"floor":31,"key":"Juzu Bracelet"},{"floor":31,"key":"Torii"},{"floor":40,"key":"Letter Opener"},{"floor":40,"key":"WingedGreaves"},{"floor":41,"key":"PreservedInsect"},{"floor":41,"key":"Strawberry"},{"floor":43,"key":"Ancient Tea Set"},{"floor":45,"key":"Whetstone"},{"floor":45,"key":"Potion Belt"},{"floor":46,"key":"Dream Catcher"},{"floor":46,"key":"Orichalcum"},{"floor":47,"key":"Bag of Preparation"},{"floor":48,"key":"Du-Vu Doll"},{"floor":48,"key":"Happy Flower"}],"event_choices":[{"damage_healed":0,"gold_gain":0,"player_choice":"Entered Light","damage_taken":15,"max_hp_gain":0,"max_hp_loss":0,"event_name":"Shining Light","floor":2,"gold_loss":0,"cards_upgraded":["Strike_B","Defragment"]},{"damage_healed":0,"gold_gain":0,"player_choice":"Success","damage_taken":7,"relics_obtained":["Smiling Mask"],"max_hp_gain":0,"max_hp_loss":0,"event_name":"Scrap Ooze","floor":3,"gold_loss":0},{"damage_healed":0,"gold_gain":0,"cards_transformed":["Strike_B"],"player_choice":"Change","damage_taken":0,"max_hp_gain":0,"max_hp_loss":0,"event_name":"Living Wall","floor":12,"gold_loss":0,"cards_obtained":["Leap"]},{"damage_healed":0,"gold_gain":275,"player_choice":"Desecrate","damage_taken":0,"max_hp_gain":0,"max_hp_loss":0,"event_name":"Golden Shrine","floor":20,"gold_loss":0,"cards_obtained":["Regret"]},{"damage_healed":0,"gold_gain":0,"player_choice":"Stole Relic","damage_taken":0,"relics_obtained":["Peace Pipe"],"max_hp_gain":0,"max_hp_loss":0,"event_name":"Addict","floor":27,"gold_loss":0,"cards_obtained":["Shame"]},{"damage_healed":0,"gold_gain":0,"player_choice":"Paid","damage_taken":0,"relics_obtained":["Red Mask"],"max_hp_gain":0,"max_hp_loss":0,"event_name":"Tomb of Lord Red Mask","floor":36,"gold_loss":179},{"damage_healed":0,"gold_gain":0,"player_choice":"Got Potions","damage_taken":0,"max_hp_gain":0,"max_hp_loss":0,"event_name":"Lab","floor":37,"gold_loss":0},{"damage_healed":0,"gold_gain":0,"player_choice":"Embrace Madness","damage_taken":9,"max_hp_gain":0,"max_hp_loss":0,"event_name":"Winding Halls","floor":38,"gold_loss":0,"cards_obtained":["Madness","Madness"]},{"damage_healed":0,"gold_gain":0,"player_choice":"Memory 3","damage_taken":10,"max_hp_gain":0,"max_hp_loss":0,"event_name":"SensoryStone","floor":39,"gold_loss":0}],"is_beta":true,"boss_relics":[{"not_picked":["Fusion Hammer","Sozu"],"picked":"Black Star"},{"not_picked":["FrozenCore","Runic Dome"],"picked":"Cursed Key"}],"items_purged_floors":[],"is_endless":false,"potions_floor_spawned":[11,18,22,23,28,31,40,48],"ascension_level":2}