{"gold_per_floor":[117,117,117,42,55,83,83,103,126,151,162,180,213,226,226,321,321,338,63,63,92,116,116,130,130,153,181,181,181],"floor_reached":29,"playtime":1049,"items_purged":["Strike_R","Strike_R"],"score":327,"play_id":"f74e8656-2f0d-4dde-92e4-ffdc7f7f56ab","local_time":"20190504130522","is_ascension_mode":true,"campfire_choices":[{"data":"Headbutt","floor":7,"key":"SMITH"},{"data":"Strike_R","floor":15,"key":"PURGE"},{"floor":23,"key":"REST"},{"data":"RitualDagger","floor":28,"key":"SMITH"}],"neow_cost":"NONE","seed_source_timestamp":6935825900100,"circlet_count":0,"master_deck":["Strike_R+1","Strike_R+1","Defend_R+1","Defend_R","Defend_R+1","Defend_R+1","Bash","Bludgeon+1","Shockwave+1","Warcry","Headbutt+1","Shrug It Off","Iron Wave","Rampage","Shrug It Off","Brutality","Metamorphosis","Seeing Red","Headbutt","Dual Wield+1","RitualDagger+1","Warcry+1"],"relics":["Burning Blood","Whetstone","Blood Vial","Peace Pipe","War Paint","Black Star","Red Mask","Regal Pillow","Centennial Puzzle","Gremlin Horn","PreservedInsect"],"potions_floor_usage":[27],"damage_taken":[{"damage":10,"enemies":"Jaw Worm","floor":1,"turns":4},{"damage":2,"enemies":"Small Slimes","floor":5,"turns":5},{"damage":5,"enemies":"Lagavulin","floor":6,"turns":4},{"damage":2,"enemies":"2 Louse","floor":8,"turns":3},{"damage":19,"enemies":"Gremlin Nob","floor":10,"turns":4},{"damage":10,"enemies":"Looter","floor":11,"turns":2},{"damage":1,"enemies":"Blue Slaver","floor":12,"turns":2},{"damage":14,"enemies":"3 Sentries","floor":13,"turns":5},{"damage":16,"enemies":"Gremlin Gang","floor":14,"turns":5},{"damage":0,"enemies":"Slime Boss","floor":16,"turns":7},{"damage":33,"enemies":"Spheric Guardian","floor":18,"turns":4},{"damage":29,"enemies":"Masked Bandits","floor":21,"turns":5},{"damage":16,"enemies":"3 Byrds","floor":24,"turns":5},{"damage":22,"enemies":"Book of Stabbing","floor":27,"turns":5},{"damage":45,"enemies":"Slavers","floor":29,"turns":5}],"seed_played":"-8746164948615379285","potions_obtained":[{"floor":1,"key":"Dexterity Potion"},{"floor":10,"key":"FearPotion"},{"floor":12,"key":"SteroidPotion"}],"is_trial":false,"path_per_floor":["M","?","?","$","M","E","R","M","T","E","M","M","E","M","R","B",null,"M","$","?","?","T","R","M","?","T","E","R","E"],"character_chosen":"IRONCLAD","items_purchased":["Metamorphosis"],"campfire_rested":1,"item_purchase_floors":[19],"current_hp_per_floor":[76,60,60,60,64,65,65,69,69,58,56,63,57,49,49,57,80,53,53,53,32,32,71,63,57,57,43,43,0],"gold":181,"neow_bonus":"ONE_RANDOM_RARE_CARD","is_prod":false,"is_daily":false,"chose_seed":false,"campfire_upgraded":2,"win_rate":0,"timestamp":1556967922,"path_taken":["M","?","?","?","M","E","R","M","T","E","M","M","E","M","R","BOSS","M","$","?","?","?","R","?","?","T","E","R","E"],"build_version":"2019-04-23","purchased_purges":2,"victory":false,"max_hp_per_floor":[80,80,80,80,80,80,80,80,80,80,80,80,80,80,80,80,80,80,80,80,80,80,80,80,80,80,80,80,80],"card_choices":[{"not_picked":["Rupture","Perfected Strike"],"picked":"Shockwave","floor":1},{"not_picked":["Heavy Blade","Flex"],"picked":"Warcry","floor":5},{"not_picked":["Second Wind","Shrug It Off"],"picked":"Headbutt","floor":6},{"not_picked":["Pummel","Flex"],"picked":"Shrug It Off","floor":8},{"not_picked":["Impervious","Spot Weakness"],"picked":"Iron Wave","floor":10},{"not_picked":["Body Slam","True Grit","Bloodletting"],"picked":"SKIP","floor":11},{"not_picked":["Flex","Perfected Strike","Inflame"],"picked":"SKIP","floor":12},{"not_picked":["Evolve","Anger"],"picked":"Rampage","floor":13},{"not_picked":["Sword Boomerang","Clash"],"picked":"Shrug It Off","floor":14},{"not_picked":["Limit Break","Exhume"],"picked":"Brutality","floor":16},{"not_picked":["Perfected Strike","Wild Strike","Sever Soul"],"picked":"SKIP","floor":18},{"not_picked":["Sword Boomerang+1","Clash"],"picked":"Headbutt","floor":21},{"not_picked":["Intimidate","Havoc+1"],"picked":"Dual Wield+1","floor":24},{"not_picked":["Spot Weakness","Feel No Pain"],"picked":"Warcry+1","floor":27}],"player_experience":48737,"relics_obtained":[{"floor":6,"key":"Whetstone"},{"floor":9,"key":"Blood Vial"},{"floor":10,"key":"Peace Pipe"},{"floor":13,"key":"War Paint"},{"floor":21,"key":"Red Mask"},{"floor":22,"key":"Regal Pillow"},{"floor":26,"key":"Centennial Puzzle"},{"floor":27,"key":"Gremlin Horn"},{"floor":27,"key":"PreservedInsect"}],"event_choices":[{"damage_healed":0,"gold_gain":0,"player_choice":"Entered Light","damage_taken":16,"max_hp_gain":0,"max_hp_loss":0,"event_name":"Shining Light","floor":2,"gold_loss":0,"cards_upgraded":["Defend_R","Shockwave"]},{"damage_healed":0,"gold_gain":0,"player_choice":"Grow","damage_taken":0,"max_hp_gain":0,"max_hp_loss":0,"event_name":"Living Wall","floor":3,"gold_loss":0,"cards_upgraded":["Bludgeon"]},{"damage_healed":0,"gold_gain":0,"player_choice":"Read","damage_taken":0,"max_hp_gain":0,"max_hp_loss":0,"event_name":"The Library","floor":20,"gold_loss":0,"cards_obtained":["Seeing Red"]},{"damage_healed":0,"gold_gain":0,"player_choice":"Fought Bandits","damage_taken":0,"max_hp_gain":0,"max_hp_loss":0,"event_name":"Masked Bandits","floor":21,"gold_loss":0},{"damage_healed":0,"gold_gain":0,"player_choice":"Joined the Cult","damage_taken":6,"max_hp_gain":0,"max_hp_loss":0,"event_name":"Nest","floor":25,"gold_loss":0,"cards_obtained":["RitualDagger"]}],"is_beta":true,"boss_relics":[{"not_picked":["Lizard Tail","Orrery"],"picked":"Black Star"}],"items_purged_floors":[4,19],"is_endless":false,"potions_floor_spawned":[1,10,12,16],"killed_by":"Slavers","ascension_level":1}