{"gold_per_floor":[216,216,179,179,189,189,218,230,230,230,230,230,246,261,261,361,361,378,209,209,227,227,227,227,227],"floor_reached":25,"playtime":1154,"items_purged":[],"score":254,"play_id":"6e0dc764-b116-46fc-90d3-c2001e8adad8","local_time":"20191020164542","is_ascension_mode":true,"campfire_choices":[{"data":"Darkness","floor":6.0,"key":"SMITH"},{"data":"Hologram","floor":10.0,"key":"SMITH"},{"floor":15,"key":"REST"},{"data":"Defragment","floor":23,"key":"SMITH"}],"neow_cost":"NONE","seed_source_timestamp":332136670982600,"circlet_count":0,"master_deck":["Strike_B","Defend_B","Defend_B","Defend_B","Defend_B","Zap","Dualcast","Darkness+1","Lockon","Hologram+1","Cold Snap","Multi-Cast","Leap","Self Repair","Buffer","Defragment+1","Darkness","Ghostly","Ghostly","Ghostly","Ghostly","Ghostly"],"special_seed":0,"relics":["Cracked Core","Singing Bowl","Shuriken","Lizard Tail","Nuclear Battery"],"potions_floor_usage":[14,25],"damage_taken":[{"damage":8.0,"enemies":"Jaw Worm","floor":1.0,"turns":4.0},{"damage":0.0,"enemies":"Cultist","floor":5.0,"turns":3.0},{"damage":25.0,"enemies":"Lagavulin","floor":7.0,"turns":6.0},{"damage":4.0,"enemies":"Small Slimes","floor":8.0,"turns":3.0},{"damage":7.0,"enemies":"Looter","floor":13.0,"turns":3.0},{"damage":52,"enemies":"Gremlin Gang","floor":14,"turns":6},{"damage":26,"enemies":"Slime Boss","floor":16,"turns":5},{"damage":16,"enemies":"Chosen","floor":18,"turns":5},{"damage":0,"enemies":"Shell Parasite","floor":21,"turns":3},{"damage":45,"enemies":"Gremlin Leader","floor":25,"turns":9}],"seed_played":"-5138194812147449392","potions_obtained":[{"floor":5.0,"key":"PotionOfCapacity"},{"floor":7.0,"key":"Swift Potion"},{"floor":14,"key":"SmokeBomb"},{"floor":21,"key":"PowerPotion"}],"is_trial":false,"path_per_floor":["M","?","$","T","M","R","E","M","T","R","?","?","M","M","R","B",null,"M","$","?","M","?","R","?","E"],"character_chosen":"DEFECT","items_purchased":["Lockon","Defragment","EssenceOfDarkness"],"campfire_rested":1,"item_purchase_floors":[3,19,19],"current_hp_per_floor":[67,67,67,67,69,69,44,40,40,40,33,33,26,12,35,16,77,70,70,70,72,40,40,40,0],"gold":227,"neow_bonus":"HUNDRED_GOLD","is_prod":false,"is_daily":false,"chose_seed":false,"campfire_upgraded":3,"win_rate":0,"timestamp":1571582742,"path_taken":["M","?","$","?","M","R","E","M","T","R","?","?","?","M","R","BOSS","M","$","?","M","?","R","?","E"],"build_version":"2019-10-18","purchased_purges":0,"victory":false,"max_hp_per_floor":[75,75,75,75,77,77,77,77,77,77,77,77,77,77,77,77,77,79,79,79,81,40,40,40,40],"card_choices":[{"not_picked":["Streamline","Conserve Battery"],"picked":"Darkness","floor":1.0},{"not_picked":["Conserve Battery","Hologram","Barrage"],"picked":"Singing Bowl","floor":5.0},{"not_picked":["Lockon","Meteor Strike"],"picked":"Hologram","floor":7.0},{"not_picked":["Melter","Go for the Eyes"],"picked":"Cold Snap","floor":8.0},{"not_picked":["Chill","Steam"],"picked":"Leap","floor":13.0},{"not_picked":["Leap","Coolheaded"],"picked":"Self Repair","floor":14},{"not_picked":["Multi-Cast","Machine Learning"],"picked":"Buffer","floor":16},{"not_picked":["Cold Snap","Auto Shields","Compile Driver"],"picked":"Singing Bowl","floor":18},{"not_picked":["Beam Cell","Go for the Eyes","Leap"],"picked":"Singing Bowl","floor":21}],"player_experience":171997,"relics_obtained":[{"floor":4.0,"key":"Singing Bowl"},{"floor":7.0,"key":"Shuriken"},{"floor":9.0,"key":"Lizard Tail"}],"event_choices":[{"cards_removed":["Strike_B"],"damage_healed":0.0,"max_hp_gain":0.0,"max_hp_loss":0.0,"gold_gain":0.0,"event_name":"Bonfire Elementals","player_choice":"Offered Basic","floor":2.0,"gold_loss":0.0,"damage_taken":0.0},{"cards_removed":["Strike_B"],"damage_healed":0.0,"max_hp_gain":0.0,"max_hp_loss":0.0,"gold_gain":0.0,"event_name":"Golden Wing","player_choice":"Card Removal","floor":11.0,"gold_loss":0.0,"damage_taken":7.0},{"damage_healed":0.0,"max_hp_gain":0.0,"max_hp_loss":0.0,"gold_gain":0.0,"cards_transformed":["Strike_B"],"event_name":"Transmorgrifier","player_choice":"Transformed","floor":12.0,"gold_loss":0.0,"damage_taken":0.0,"cards_obtained":["Multi-Cast"]},{"damage_healed":0,"gold_gain":0,"player_choice":"Read","damage_taken":0,"max_hp_gain":0,"max_hp_loss":0,"event_name":"The Library","floor":20,"gold_loss":0,"cards_obtained":["Darkness"]},{"damage_healed":0,"gold_gain":0,"player_choice":"Became a Ghost","damage_taken":0,"max_hp_gain":0,"max_hp_loss":41,"event_name":"Ghosts","floor":22,"gold_loss":0,"cards_obtained":["Ghostly","Ghostly","Ghostly","Ghostly","Ghostly"]},{"damage_healed":0,"gold_gain":0,"player_choice":"Ignored","damage_taken":0,"max_hp_gain":0,"max_hp_loss":0,"event_name":"Vampires","floor":24,"gold_loss":0}],"is_beta":true,"boss_relics":[{"not_picked":["FrozenCore","Empty Cage"],"picked":"Nuclear Battery"}],"items_purged_floors":[],"is_endless":false,"potions_floor_spawned":[5,7,14,21],"killed_by":"Gremlin Leader","ascension_level":3}