{"gold_per_floor":[119,394,56,71,82,82,117,117,195,215,215,235,265,285,285,382,382,398,408,181,96,96,96,127,127,182,0,12,39,39,50,50,153,153,164,1163,1163,1163,205,236,236],"floor_reached":41,"playtime":1978,"items_purged":["Regret","Strike_B","Defend_B","Normality"],"score":665,"play_id":"75f4fbed-e15a-4039-b9e0-05985732af04","local_time":"20191021120558","is_ascension_mode":true,"campfire_choices":[{"data":"Zap","floor":6,"key":"SMITH"},{"data":"Dualcast","floor":8,"key":"SMITH"},{"floor":11,"key":"REST"},{"floor":15,"key":"REST"},{"floor":23,"key":"REST"},{"floor":25,"key":"REST"},{"floor":32,"key":"REST"}],"neow_cost":"NONE","seed_source_timestamp":614248498461200,"circlet_count":0,"master_deck":["Strike_B+1","Strike_B+1","Strike_B+1","Defend_B+1","Defend_B+1","Defend_B+1","Zap+1","Dualcast+1","Blizzard","Panache","Heatsinks","FTL","Coolheaded","Conserve Battery","Force Field","Defragment","Cold Snap","Glacier","White Noise","Gash","Glacier+1","Self Repair","White Noise","Cold Snap","Capacitor","Coolheaded","Gash","Gash","Echo Form","Normality","Mayhem","Gash"],"relics":["Cracked Core","Strawberry","Dream Catcher","Matryoshka","Cables","Orrery","Smiling Mask","Vajra","Potion Belt","PreservedInsect","Bronze Scales","Cursed Key","ClockworkSouvenir","Mercury Hourglass","Sundial","Bottled Flame"],"potions_floor_usage":[7,7,16,16,35,40,40,40],"damage_taken":[{"damage":2,"enemies":"2 Louse","floor":1,"turns":3},{"damage":6,"enemies":"Cultist","floor":4,"turns":4},{"damage":14,"enemies":"Small Slimes","floor":5,"turns":3},{"damage":57,"enemies":"Lagavulin","floor":7,"turns":8},{"damage":11,"enemies":"2 Fungi Beasts","floor":10,"turns":3},{"damage":2,"enemies":"Large Slime","floor":12,"turns":5},{"damage":11,"enemies":"3 Sentries","floor":13,"turns":7},{"damage":0,"enemies":"Looter","floor":14,"turns":3},{"damage":9,"enemies":"The Guardian","floor":16,"turns":13},{"damage":11,"enemies":"Shell Parasite","floor":18,"turns":5},{"damage":25,"enemies":"3 Byrds","floor":19,"turns":6},{"damage":53,"enemies":"Slavers","floor":24,"turns":6},{"damage":6,"enemies":"Centurion and Healer","floor":28,"turns":7},{"damage":0,"enemies":"Book of Stabbing","floor":29,"turns":7},{"damage":17,"enemies":"Sentry and Sphere","floor":31,"turns":5},{"damage":14,"enemies":"Champ","floor":33,"turns":13},{"damage":6,"enemies":"3 Shapes","floor":35,"turns":5},{"damage":73,"enemies":"Reptomancer","floor":40,"turns":4},{"damage":10,"enemies":"3 Darklings","floor":41,"turns":1}],"seed_played":"2342638612606180144","potions_obtained":[{"floor":4,"key":"Regen Potion"},{"floor":5,"key":"SkillPotion"},{"floor":12,"key":"Block Potion"},{"floor":14,"key":"AttackPotion"},{"floor":28,"key":"Fire Potion"},{"floor":29,"key":"Swift Potion"},{"floor":35,"key":"Weak Potion"}],"is_trial":false,"path_per_floor":["M","?","$","M","M","R","E","R","T","M","R","M","E","M","R","B",null,"M","M","$","?","?","R","E","R","T","$","M","E","?","M","R","B",null,"M","?","?","?","$","E","M"],"character_chosen":"DEFECT","items_purchased":["Panache","Heatsinks","Self Repair","Swift Potion","Capacitor","Coolheaded","ClockworkSouvenir","Mercury Hourglass","Sundial","Mayhem"],"campfire_rested":5,"item_purchase_floors":[3,3,20,20,27,27,39,39,39,39],"current_hp_per_floor":[80,80,80,74,60,60,18,18,18,7,31,29,18,18,42,33,70,59,34,34,34,34,58,12,36,36,36,37,44,44,34,58,51,74,75,75,75,75,75,9,0],"gold":236,"neow_bonus":"RANDOM_COMMON_RELIC","is_prod":false,"is_daily":false,"chose_seed":false,"campfire_upgraded":2,"win_rate":0,"timestamp":1571673958,"path_taken":["M","?","?","M","M","R","E","R","T","M","R","M","E","M","R","BOSS","M","M","?","?","?","R","E","R","T","$","M","E","?","M","R","BOSS","M","?","?","?","$","E","?"],"build_version":"2019-07-17","purchased_purges":4,"victory":false,"max_hp_per_floor":[82,82,82,82,82,82,82,82,82,82,82,82,82,82,82,82,82,82,82,82,82,82,82,82,82,82,82,82,82,82,82,82,82,82,82,82,82,82,82,82,82],"card_choices":[{"not_picked":["Barrage","Conserve Battery"],"picked":"Blizzard","floor":1},{"not_picked":["Streamline","Barrage","Steam"],"picked":"SKIP","floor":4},{"not_picked":["Barrage","Conserve Battery"],"picked":"FTL","floor":5},{"not_picked":["Compile Driver","Chaos","Redo"],"picked":"SKIP","floor":7},{"not_picked":["Leap","Barrage"],"picked":"Coolheaded","floor":10},{"not_picked":["Stack","Machine Learning"],"picked":"Conserve Battery","floor":11},{"not_picked":["Coolheaded","Rebound"],"picked":"Force Field","floor":12},{"not_picked":["Static Discharge","Scrape","Consume"],"picked":"SKIP","floor":13},{"not_picked":["Compile Driver","Scrape"],"picked":"Defragment","floor":14},{"not_picked":["Hologram","Double Energy"],"picked":"Cold Snap","floor":15},{"not_picked":["Ball Lightning","Genetic Algorithm"],"picked":"Glacier","floor":17},{"not_picked":["Compile Driver","Rebound"],"picked":"White Noise","floor":17},{"not_picked":["Beam Cell","Doom and Gloom"],"picked":"Gash","floor":17},{"not_picked":["Chaos+1","Sunder","Compile Driver"],"picked":"SKIP","floor":18},{"not_picked":["Reprogram","Turbo"],"picked":"Glacier+1","floor":19},{"not_picked":["Barrage+1","Aggregate","Steam Power"],"picked":"SKIP","floor":24},{"not_picked":["FTL+1","Redo"],"picked":"Cold Snap","floor":25},{"not_picked":["Conserve Battery","Coolheaded"],"picked":"Gash","floor":28},{"not_picked":["Double Energy+1","Echo Form"],"picked":"Gash","floor":29},{"not_picked":["Conserve Battery","Hologram+1","Streamline"],"picked":"SKIP","floor":31},{"not_picked":["Rainbow","Core Surge"],"picked":"Echo Form","floor":33},{"not_picked":["Recycle+1","Compile Driver+1","Barrage"],"picked":"SKIP","floor":35},{"not_picked":["Hologram","Rebound"],"picked":"Gash","floor":40}],"player_experience":238723,"relics_obtained":[{"floor":7,"key":"Dream Catcher"},{"floor":9,"key":"Matryoshka"},{"floor":13,"key":"Cables"},{"floor":24,"key":"Vajra"},{"floor":26,"key":"Potion Belt"},{"floor":26,"key":"PreservedInsect"},{"floor":29,"key":"Bronze Scales"},{"floor":40,"key":"Bottled Flame"}],"event_choices":[{"damage_healed":0,"gold_gain":275,"player_choice":"Desecrate","damage_taken":0,"max_hp_gain":0,"max_hp_loss":0,"event_name":"Golden Shrine","floor":2,"gold_loss":0,"cards_obtained":["Regret"]},{"damage_healed":0,"gold_gain":0,"player_choice":"Obtained Relic","damage_taken":0,"relics_obtained":["Smiling Mask"],"max_hp_gain":0,"max_hp_loss":0,"event_name":"Addict","floor":21,"gold_loss":85},{"damage_healed":0,"gold_gain":0,"player_choice":"Read","damage_taken":0,"max_hp_gain":0,"max_hp_loss":0,"event_name":"The Library","floor":22,"gold_loss":0,"cards_obtained":["White Noise"]},{"damage_healed":0,"gold_gain":0,"player_choice":"Simplicity","damage_taken":0,"max_hp_gain":0,"max_hp_loss":0,"event_name":"Back to Basics","floor":30,"gold_loss":0,"cards_upgraded":["Strike_B","Strike_B","Strike_B","Defend_B","Defend_B","Defend_B"]},{"damage_healed":0,"gold_gain":999,"player_choice":"Gold","damage_taken":0,"max_hp_gain":0,"max_hp_loss":0,"event_name":"MindBloom","floor":36,"gold_loss":0,"cards_obtained":["Normality","Normality"]},{"damage_healed":0,"gold_gain":0,"player_choice":"Ignored","damage_taken":0,"max_hp_gain":0,"max_hp_loss":0,"event_name":"Mysterious Sphere","floor":37,"gold_loss":0},{"damage_healed":0,"gold_gain":0,"player_choice":"Ignored","damage_taken":0,"max_hp_gain":0,"max_hp_loss":0,"event_name":"Tomb of Lord Red Mask","floor":38,"gold_loss":0}],"is_beta":false,"boss_relics":[{"not_picked":["Astrolabe","Velvet Choker"],"picked":"Orrery"},{"not_picked":["Tiny House","Pandora\u0027s Box"],"picked":"Cursed Key"}],"items_purged_floors":[3,20,27,39],"is_endless":false,"potions_floor_spawned":[4,5,12,14,28,29,35],"killed_by":"3 Darklings","ascension_level":5}