{"gold_per_floor":[110,110,120,120,120,120,151,151,199,214,200,375,385,89,89,89],"floor_reached":16,"playtime":567,"items_purged":["Doubt"],"score":144,"play_id":"928fc388-7529-4ef7-b9e9-2609b1e15b82","local_time":"20191020161840","is_ascension_mode":true,"campfire_choices":[{"data":"Dualcast","floor":6,"key":"SMITH"},{"data":"Force Field","floor":8,"key":"SMITH"},{"data":"Capacitor","floor":15,"key":"SMITH"}],"neow_cost":"NONE","seed_source_timestamp":331133114342900,"circlet_count":0,"master_deck":["Strike_B","Strike_B","Strike_B","Defend_B","Defend_B","Defend_B","Defend_B","Zap+1","Dualcast+1","Storm","Glacier","Force Field+1","BootSequence","Force Field","Capacitor+1"],"relics":["Cracked Core","NeowsBlessing","Kunai","Boot","DataDisk"],"potions_floor_usage":[13,16],"damage_taken":[{"damage":0,"enemies":"Jaw Worm","floor":1,"turns":1},{"damage":0,"enemies":"Cultist","floor":3,"turns":1},{"damage":0,"enemies":"Gremlin Nob","floor":7,"turns":1},{"damage":0,"enemies":"Small Slimes","floor":10,"turns":4},{"damage":9,"enemies":"Exordium Thugs","floor":11,"turns":5},{"damage":40,"enemies":"Gremlin Gang","floor":13,"turns":6},{"damage":27,"enemies":"Hexaghost","floor":16,"turns":16}],"seed_played":"4508735776875320907","potions_obtained":[{"floor":1,"key":"LiquidMemories"},{"floor":7,"key":"PotionOfCapacity"}],"is_trial":false,"path_per_floor":["M","?","M","?","$","R","E","R","T","M","M","?","M","$","R","B"],"character_chosen":"DEFECT","items_purchased":["DataDisk","Capacitor"],"campfire_rested":0,"item_purchase_floors":[14,14],"current_hp_per_floor":[75,75,75,75,75,75,75,75,75,75,66,66,26,26,26,0],"gold":89,"neow_bonus":"THREE_ENEMY_KILL","is_prod":false,"is_daily":false,"chose_seed":false,"campfire_upgraded":3,"win_rate":0,"timestamp":1571581120,"path_taken":["M","?","?","?","?","R","E","R","T","M","?","?","M","$","R","BOSS"],"build_version":"2019-10-18","purchased_purges":1,"victory":false,"max_hp_per_floor":[75,75,75,75,75,75,75,75,75,75,75,75,75,75,75,75],"card_choices":[{"not_picked":["Compile Driver","Hello World"],"picked":"Storm","floor":1},{"not_picked":["Coolheaded","Streamline"],"picked":"Glacier","floor":3},{"not_picked":["Glacier","Beam Cell"],"picked":"Force Field","floor":7},{"not_picked":["Rip and Tear","Chill"],"picked":"BootSequence","floor":10},{"not_picked":["Barrage","Redo","Beam Cell"],"picked":"SKIP","floor":11},{"not_picked":["Compile Driver","Lockon"],"picked":"Force Field","floor":13}],"player_experience":171013,"relics_obtained":[{"floor":7,"key":"Kunai"},{"floor":9,"key":"Boot"}],"event_choices":[{"damage_healed":0,"gold_gain":0,"player_choice":"Upgraded","damage_taken":0,"max_hp_gain":0,"max_hp_loss":0,"event_name":"Upgrade Shrine","floor":2,"gold_loss":0,"cards_upgraded":["Zap"]},{"cards_removed":["Strike_B"],"damage_healed":0,"gold_gain":0,"player_choice":"Offered Basic","damage_taken":0,"max_hp_gain":0,"max_hp_loss":0,"event_name":"Bonfire Elementals","floor":4,"gold_loss":0},{"damage_healed":0,"gold_gain":175,"player_choice":"AGREE","damage_taken":0,"max_hp_gain":0,"max_hp_loss":0,"event_name":"Liars Game","floor":12,"gold_loss":0,"cards_obtained":["Doubt"]}],"is_beta":true,"boss_relics":[],"items_purged_floors":[14],"is_endless":false,"potions_floor_spawned":[1,7],"killed_by":"Hexaghost","ascension_level":3}