{"gold_per_floor":[113,113,288,308,308,308,333,345,422,436,108,125,125,152,152,253,253,267,278,278,203,203,203,218,238,238,266,301,301,314,371,371,466,466,477,477,14,25,125,125],"floor_reached":40,"playtime":1935,"items_purged":["Doubt"],"score":524,"play_id":"e5ac0d4c-89dd-4d3a-aa8e-b3fb8be08902","local_time":"20190502231410","is_ascension_mode":false,"campfire_choices":[{"data":"White Noise","floor":6,"key":"SMITH"},{"floor":15,"key":"REST"},{"data":"Fission","floor":23,"key":"SMITH"},{"floor":32,"key":"REST"}],"neow_cost":"NONE","seed_source_timestamp":1294707332690900,"circlet_count":0,"master_deck":["Defend_B","Defend_B","Defend_B","Zap","Dualcast","Leap","Buffer","White Noise+1","Rainbow","Compile Driver","Double Energy","Capacitor","Panacea","Biased Cognition","Ball Lightning","Fission+1","Cold Snap","Capacitor","Necronomicurse","Bite","Bite","Bite","Bite","Bite","Barrage","Conserve Battery","Capacitor+1","Leap","BootSequence","Streamline","Thunder Strike","Conserve Battery+1","Reprogram+1","Barrage+1"],"relics":["Cracked Core","NeowsBlessing","Dodecahedron","Bronze Scales","Meat on the Bone","Oddly Smooth Stone","Odd Mushroom","Sozu","Necronomicon","Ornamental Fan","Shovel","Red Mask","Ancient Tea Set","Tiny Chest","Incense Burner","Juzu Bracelet","Bird Faced Urn"],"potions_floor_usage":[27,27,40],"damage_taken":[{"damage":0,"enemies":"Jaw Worm","floor":1,"turns":1},{"damage":0,"enemies":"Cultist","floor":4,"turns":1},{"damage":0,"enemies":"Lagavulin","floor":7,"turns":1},{"damage":0,"enemies":"Small Slimes","floor":8,"turns":3},{"damage":27,"enemies":"Exordium Wildlife","floor":10,"turns":4},{"damage":2,"enemies":"3 Louse","floor":12,"turns":4},{"damage":19,"enemies":"The Mushroom Lair","floor":14,"turns":4},{"damage":0,"enemies":"Slime Boss","floor":16,"turns":6},{"damage":4,"enemies":"3 Byrds","floor":18,"turns":3},{"damage":0,"enemies":"Chosen","floor":19,"turns":5},{"damage":12,"enemies":"Snecko","floor":24,"turns":4},{"damage":30,"enemies":"Centurion and Healer","floor":25,"turns":4},{"damage":8,"enemies":"Gremlin Leader","floor":27,"turns":6},{"damage":13,"enemies":"Masked Bandits","floor":28,"turns":4},{"damage":9,"enemies":"Shelled Parasite and Fungi","floor":30,"turns":6},{"damage":36,"enemies":"Book of Stabbing","floor":31,"turns":6},{"damage":66,"enemies":"Champ","floor":33,"turns":17},{"damage":0,"enemies":"3 Shapes","floor":35,"turns":8},{"damage":4,"enemies":"Orb Walker","floor":38,"turns":4},{"damage":0,"enemies":"Mind Bloom Boss Battle","floor":39,"turns":3},{"damage":74,"enemies":"Nemesis","floor":40,"turns":6}],"seed_played":"5437514942746724659","potions_obtained":[{"floor":1,"key":"FocusPotion"},{"floor":7,"key":"Fire Potion"},{"floor":8,"key":"Strength Potion"}],"is_trial":false,"path_per_floor":["M","?","?","M","T","R","E","M","T","M","$","M","?","?","R","B",null,"M","M","?","$","?","R","M","M","T","E","?","?","M","E","R","B",null,"M","?","$","M","?","E"],"character_chosen":"DEFECT","items_purchased":["Oddly Smooth Stone","Capacitor","Panacea","Incense Burner","Juzu Bracelet"],"campfire_rested":2,"item_purchase_floors":[11,11,11,37,37],"current_hp_per_floor":[75,75,75,75,75,75,75,75,75,48,48,46,71,52,74,74,75,71,71,55,55,52,52,44,36,36,40,37,37,40,28,43,14,52,52,52,52,52,52,0],"gold":125,"neow_bonus":"THREE_ENEMY_KILL","is_prod":false,"is_daily":false,"chose_seed":false,"campfire_upgraded":2,"win_rate":0.0,"timestamp":1556831650,"path_taken":["M","?","?","M","?","R","E","M","T","M","$","?","?","?","R","BOSS","M","M","?","$","?","R","M","M","T","E","?","?","M","E","R","BOSS","M","?","?","M","?","E"],"build_version":"2019-04-23","purchased_purges":1,"victory":false,"max_hp_per_floor":[75,75,75,75,75,75,75,75,75,75,75,75,75,75,75,75,75,75,75,75,75,52,52,52,52,52,52,52,52,52,52,52,52,52,52,52,52,52,52,52],"card_choices":[{"not_picked":["Melter","Steam Power"],"picked":"Leap","floor":1},{"not_picked":["Compile Driver","Gash"],"picked":"White Noise","floor":4},{"not_picked":["Steam","All For One"],"picked":"Rainbow","floor":7},{"not_picked":["Steam","Sweeping Beam"],"picked":"Compile Driver","floor":8},{"not_picked":["Cold Snap","Barrage"],"picked":"Double Energy","floor":10},{"not_picked":["Streamline","Beam Cell"],"picked":"Biased Cognition","floor":12},{"not_picked":["Go for the Eyes","Lockon"],"picked":"Ball Lightning","floor":14},{"not_picked":["Reboot","Buffer"],"picked":"Fission","floor":16},{"not_picked":["Go for the Eyes","Streamline"],"picked":"Cold Snap","floor":18},{"not_picked":["Streamline+1","Compile Driver"],"picked":"Capacitor","floor":19},{"not_picked":["Redo","Steam Power"],"picked":"Barrage","floor":24},{"not_picked":["Compile Driver","Stack+1"],"picked":"Conserve Battery","floor":25},{"not_picked":["Go for the Eyes+1","Beam Cell"],"picked":"Capacitor+1","floor":27},{"not_picked":["Compile Driver+1","Heatsinks"],"picked":"Leap","floor":28},{"not_picked":["Beam Cell","Stack"],"picked":"BootSequence","floor":30},{"not_picked":["Capacitor+1","Ball Lightning+1"],"picked":"Streamline","floor":31},{"not_picked":["Rainbow","Reboot"],"picked":"Thunder Strike","floor":33},{"not_picked":["Scrape","Gash"],"picked":"Conserve Battery+1","floor":35},{"not_picked":["Redo+1","Cold Snap+1"],"picked":"Reprogram+1","floor":38},{"not_picked":["Blizzard","Doom and Gloom+1"],"picked":"Barrage+1","floor":39}],"player_experience":16617,"relics_obtained":[{"floor":5,"key":"Dodecahedron"},{"floor":7,"key":"Bronze Scales"},{"floor":9,"key":"Meat on the Bone"},{"floor":14,"key":"Odd Mushroom"},{"floor":20,"key":"Necronomicon"},{"floor":26,"key":"Ornamental Fan"},{"floor":27,"key":"Shovel"},{"floor":28,"key":"Red Mask"},{"floor":31,"key":"Tiny Chest"},{"floor":39,"key":"Bird Faced Urn"}],"event_choices":[{"damage_healed":0,"gold_gain":0,"cards_transformed":["Strike_B"],"player_choice":"Change","damage_taken":0,"max_hp_gain":0,"max_hp_loss":0,"event_name":"Living Wall","floor":2,"gold_loss":0,"cards_obtained":["Buffer"]},{"damage_healed":0,"gold_gain":175,"player_choice":"AGREE","damage_taken":0,"max_hp_gain":0,"max_hp_loss":0,"event_name":"Liars Game","floor":3,"gold_loss":0,"cards_obtained":["Doubt"]},{"damage_healed":25,"gold_gain":0,"player_choice":"Banana","damage_taken":0,"max_hp_gain":0,"max_hp_loss":0,"event_name":"Big Fish","floor":13,"gold_loss":0},{"damage_healed":0,"gold_gain":0,"player_choice":"Fought Mushrooms","damage_taken":0,"max_hp_gain":0,"max_hp_loss":0,"event_name":"Mushrooms","floor":14,"gold_loss":0},{"damage_healed":0,"gold_gain":0,"player_choice":"Obtained Book","damage_taken":16,"max_hp_gain":0,"max_hp_loss":0,"event_name":"Cursed Tome","floor":20,"gold_loss":0},{"damage_healed":0,"gold_gain":0,"player_choice":"Became a vampire","damage_taken":0,"max_hp_gain":0,"max_hp_loss":23,"event_name":"Vampires","floor":22,"gold_loss":0,"cards_obtained":["Bite","Bite","Bite","Bite","Bite"]},{"damage_healed":0,"gold_gain":0,"player_choice":"Fought Bandits","damage_taken":0,"max_hp_gain":0,"max_hp_loss":0,"event_name":"Masked Bandits","floor":28,"gold_loss":0},{"damage_healed":0,"gold_gain":0,"player_choice":"Opened","damage_taken":0,"relics_obtained":["Ancient Tea Set"],"max_hp_gain":0,"max_hp_loss":0,"event_name":"The Mausoleum","floor":29,"gold_loss":0},{"cards_removed":["Defend_B"],"damage_healed":0,"gold_gain":0,"player_choice":"Purged","damage_taken":0,"max_hp_gain":0,"max_hp_loss":0,"event_name":"Purifier","floor":36,"gold_loss":0},{"damage_healed":0,"gold_gain":0,"player_choice":"Fight","damage_taken":0,"max_hp_gain":0,"max_hp_loss":0,"event_name":"MindBloom","floor":39,"gold_loss":0}],"is_beta":true,"boss_relics":[{"not_picked":["Fusion Hammer","Busted Crown"],"picked":"Sozu"},{"not_picked":["Inserter","Runic Pyramid","Coffee Dripper"]}],"items_purged_floors":[21],"is_endless":false,"potions_floor_spawned":[1,7,8,12,18,27,28,31,38],"killed_by":"Nemesis","ascension_level":0}