{"gold_per_floor":[111,130,305,305,305,333,333,368,368,368],"floor_reached":10,"playtime":174,"items_purged":[],"score":134,"play_id":"3ecc68ce-c615-4bda-92f4-561269b559b5","local_time":"20190825015706","is_ascension_mode":true,"campfire_choices":[{"data":"Flame Barrier","floor":7,"key":"SMITH"}],"neow_cost":"NONE","seed_source_timestamp":372296668348100,"circlet_count":0,"master_deck":["Strike_R","Strike_R","Strike_R","Strike_R","Strike_R","Defend_R","Defend_R","Defend_R","Defend_R","Bash","Flame Barrier+1","Body Slam"],"relics":["Burning Blood","NeowsBlessing","Art of War","Mummified Hand","Bottled Lightning","Toxic Egg 2"],"potions_floor_usage":[8,10],"damage_taken":[{"damage":0,"enemies":"Cultist","floor":1,"turns":1},{"damage":0,"enemies":"Small Slimes","floor":2,"turns":1},{"damage":0,"enemies":"3 Sentries","floor":6,"turns":2},{"damage":28,"enemies":"Gremlin Nob","floor":8,"turns":5},{"damage":60,"enemies":"Lagavulin","floor":10,"turns":7}],"seed_played":"7506960502570559114","potions_obtained":[{"floor":1,"key":"GamblersBrew"},{"floor":6,"key":"GamblersBrew"}],"is_trial":false,"path_per_floor":["M","M","?","?","T","E","R","E","T","E"],"character_chosen":"IRONCLAD","items_purchased":[],"campfire_rested":0,"item_purchase_floors":[],"current_hp_per_floor":[78,80,80,73,73,79,79,57,57,0],"gold":368,"neow_bonus":"THREE_ENEMY_KILL","is_prod":false,"is_daily":false,"chose_seed":false,"campfire_upgraded":1,"win_rate":0,"timestamp":1566716226,"path_taken":["M","?","?","?","?","E","R","E","T","E"],"build_version":"2019-07-17","purchased_purges":0,"victory":false,"max_hp_per_floor":[80,80,80,80,80,80,80,80,80,80],"card_choices":[{"not_picked":["Sentinel","Clothesline","Feel No Pain"],"picked":"SKIP","floor":1},{"not_picked":["Warcry","Flex"],"picked":"Flame Barrier","floor":2},{"not_picked":["Power Through","Hemokinesis","Pommel Strike"],"picked":"SKIP","floor":6},{"not_picked":["Disarm","Evolve"],"picked":"Body Slam","floor":8}],"player_experience":304630,"relics_obtained":[{"floor":5,"key":"Art of War"},{"floor":6,"key":"Mummified Hand"},{"floor":8,"key":"Bottled Lightning"},{"floor":9,"key":"Toxic Egg 2"}],"event_choices":[{"damage_healed":0,"gold_gain":175,"player_choice":"AGREE","damage_taken":0,"max_hp_gain":0,"max_hp_loss":0,"event_name":"Liars Game","floor":3,"gold_loss":0,"cards_obtained":["Doubt"]},{"cards_removed":["Doubt"],"damage_healed":0,"gold_gain":0,"player_choice":"Card Removal","damage_taken":7,"max_hp_gain":0,"max_hp_loss":0,"event_name":"Golden Wing","floor":4,"gold_loss":0}],"is_beta":false,"boss_relics":[],"items_purged_floors":[],"is_endless":false,"potions_floor_spawned":[1,6],"killed_by":"Lagavulin","ascension_level":7}