{"gold_per_floor":[114,114,140,156,67,102,102,128,128,128,160,160,160,175,175,280,280,299,299,310,310,328,356,356,371,371,390,390,402,382,393,393,493,493,508,518,531,543,455,455,455,466,537,553,553,23,39,57,57,57],"floor_reached":50,"playtime":2506,"items_purged":["Pain"],"score":561,"play_id":"1b10ed0d-76ce-4a96-bf76-6b7f07541e6b","local_time":"20191020143549","is_ascension_mode":false,"campfire_choices":[{"data":"Zap","floor":7,"key":"SMITH"},{"data":"Streamline","floor":12,"key":"SMITH"},{"data":"Sunder","floor":15,"key":"SMITH"},{"data":"Electrodynamics","floor":24,"key":"SMITH"},{"floor":28,"key":"DIG"},{"floor":32,"key":"REST"},{"floor":40,"key":"DIG"},{"data":"Buffer","floor":41,"key":"SMITH"},{"floor":45,"key":"DIG"},{"floor":49,"key":"DIG"}],"neow_cost":"NONE","seed_source_timestamp":2130673276338667,"circlet_count":0,"master_deck":["Strike_B+1","Strike_B+1","Strike_B+1","Strike_B+1","Defend_B+1","Defend_B+1","Defend_B+1","Defend_B+1","Zap+1","Dualcast","Streamline+1","Steam","Capacitor+1","Coolheaded","Compile Driver","Cold Snap","Leap","Sunder+1","Electrodynamics+1","Rip and Tear","Reinforced Body","Glacier","Rebound","Normality","Leap+1","Streamline","Blizzard","Buffer+1","Rip and Tear","Rebound+1","Steam","Auto Shields+1","Conserve Battery","Fusion+1","Capacitor","Meteor Strike","Conserve Battery","Ball Lightning+1","Parasite","Barrage+1"],"special_seed":0,"relics":["Cracked Core","NeowsBlessing","Kunai","Centennial Puzzle","Smiling Mask","Blood Vial","Letter Opener","Mango","Cursed Key","Shovel","Happy Flower","Sundial","Coffee Dripper","Potion Belt","WingedGreaves","Gremlin Horn","Pocketwatch","Meat on the Bone","PreservedInsect"],"potions_floor_usage":[16,22,22,29,30,33,42,42,47,50,50],"damage_taken":[{"damage":0,"enemies":"Cultist","floor":1,"turns":1},{"damage":0,"enemies":"Jaw Worm","floor":4,"turns":1},{"damage":0,"enemies":"Gremlin Nob","floor":6,"turns":1},{"damage":15,"enemies":"3 Sentries","floor":8,"turns":8},{"damage":21,"enemies":"Lagavulin","floor":11,"turns":6},{"damage":0,"enemies":"2 Louse","floor":14,"turns":2},{"damage":5,"enemies":"Slime Boss","floor":16,"turns":8},{"damage":15,"enemies":"2 Thieves","floor":18,"turns":2},{"damage":0,"enemies":"Spheric Guardian","floor":20,"turns":3},{"damage":0,"enemies":"Snake Plant","floor":22,"turns":5},{"damage":26,"enemies":"Slavers","floor":23,"turns":5},{"damage":6,"enemies":"Sentry and Sphere","floor":25,"turns":4},{"damage":0,"enemies":"3 Cultists","floor":27,"turns":4},{"damage":2,"enemies":"Snecko","floor":29,"turns":6},{"damage":1,"enemies":"Snake Plant","floor":31,"turns":3},{"damage":15,"enemies":"Champ","floor":33,"turns":19},{"damage":0,"enemies":"3 Shapes","floor":35,"turns":4},{"damage":7,"enemies":"Orb Walker","floor":36,"turns":3},{"damage":25,"enemies":"Jaw Worm Horde","floor":37,"turns":5},{"damage":6,"enemies":"Sphere and 2 Shapes","floor":38,"turns":3},{"damage":40,"enemies":"4 Shapes","floor":42,"turns":5},{"damage":19,"enemies":"Spire Growth","floor":44,"turns":7},{"damage":1,"enemies":"3 Darklings","floor":47,"turns":5},{"damage":0,"enemies":"Writhing Mass","floor":48,"turns":9},{"damage":39,"enemies":"Donu and Deca","floor":50,"turns":8}],"seed_played":"-4859272695103661148","potions_obtained":[{"floor":4,"key":"Energy Potion"},{"floor":11,"key":"Fire Potion"},{"floor":14,"key":"Weak Potion"},{"floor":18,"key":"Block Potion"},{"floor":22,"key":"Block Potion"},{"floor":27,"key":"AttackPotion"},{"floor":30,"key":"Fruit Juice"},{"floor":36,"key":"Block Potion"},{"floor":38,"key":"Fire Potion"},{"floor":42,"key":"SkillPotion"},{"floor":48,"key":"LiquidBronze"}],"is_trial":false,"path_per_floor":["M","?","T","M","$","E","R","E","T","?","E","R","?","M","R","B",null,"M","?","M","?","M","E","R","M","T","M","R","M","?","M","R","B",null,"M","M","M","M","?","R","R","M","T","M","R","$","M","M","R","B"],"character_chosen":"DEFECT","items_purchased":["Capacitor","Coolheaded","Meat on the Bone","Capacitor","Meteor Strike","Conserve Battery","AttackPotion"],"campfire_rested":1,"item_purchase_floors":[5,5,46,46,46,46,46],"current_hp_per_floor":[75,72,72,72,72,72,72,57,57,57,52,52,52,54,54,51,89,74,74,76,76,78,54,54,50,50,52,52,52,57,58,86,73,94,94,87,64,60,60,60,60,22,22,5,5,5,18,32,32,0],"gold":57,"neow_bonus":"THREE_ENEMY_KILL","is_prod":false,"is_daily":false,"chose_seed":false,"campfire_upgraded":5,"win_rate":0.0,"timestamp":1571596549,"path_taken":["M","?","?","?","$","E","R","E","T","?","E","R","?","M","R","BOSS","M","?","M","?","M","E","R","M","T","M","R","?","?","?","R","BOSS","M","M","?","M","?","R","R","M","T","M","R","$","M","?","R","BOSS"],"build_version":"2019-07-17","purchased_purges":1,"victory":false,"max_hp_per_floor":[75,75,75,75,75,75,75,75,75,75,89,89,89,89,89,89,89,89,89,89,89,89,89,89,89,89,89,89,89,94,94,94,94,94,94,94,94,94,94,94,94,94,94,94,94,94,94,94,94,94],"card_choices":[{"not_picked":["Stack","Steam Power"],"picked":"Streamline","floor":1},{"not_picked":["Fusion","Sweeping Beam"],"picked":"Steam","floor":4},{"not_picked":["Seek","Stack"],"picked":"Compile Driver","floor":6},{"not_picked":["Redo","Conserve Battery"],"picked":"Cold Snap","floor":8},{"not_picked":["Genetic Algorithm","Scrape"],"picked":"Leap","floor":11},{"not_picked":["Gash","Coolheaded"],"picked":"Sunder","floor":14},{"not_picked":["All For One","Echo Form"],"picked":"Electrodynamics","floor":16},{"not_picked":["Stack","Aggregate"],"picked":"Rip and Tear","floor":18},{"not_picked":["Aggregate","Cold Snap"],"picked":"Reinforced Body","floor":20},{"not_picked":["Stack+1","Redo+1","Beam Cell"],"picked":"SKIP","floor":22},{"not_picked":["Steam Power","Amplify"],"picked":"Glacier","floor":23},{"not_picked":["Tempest","Gash+1"],"picked":"Rebound","floor":25},{"not_picked":["Steam Power","Stack"],"picked":"Leap+1","floor":27},{"not_picked":["Amplify","Redo"],"picked":"Streamline","floor":29},{"not_picked":["Turbo+1","Beam Cell"],"picked":"Blizzard","floor":31},{"not_picked":["Amplify","Multi-Cast"],"picked":"Buffer","floor":33},{"not_picked":["Go for the Eyes","Reprogram+1"],"picked":"Rip and Tear","floor":35},{"not_picked":["Skim","Beam Cell"],"picked":"Rebound+1","floor":36},{"not_picked":["Turbo+1","Gash"],"picked":"Steam","floor":37},{"not_picked":["Compile Driver","Leap"],"picked":"Auto Shields+1","floor":38},{"not_picked":["Gash+1","Steam+1"],"picked":"Conserve Battery","floor":42},{"not_picked":["Stack+1","Beam Cell"],"picked":"Fusion+1","floor":44},{"not_picked":["Streamline","Static Discharge+1"],"picked":"Ball Lightning+1","floor":47},{"not_picked":["Hologram","All For One"],"picked":"Barrage+1","floor":48}],"player_experience":36900,"relics_obtained":[{"floor":3,"key":"Centennial Puzzle"},{"floor":6,"key":"Smiling Mask"},{"floor":8,"key":"Blood Vial"},{"floor":9,"key":"Letter Opener"},{"floor":11,"key":"Mango"},{"floor":23,"key":"Shovel"},{"floor":26,"key":"Happy Flower"},{"floor":28,"key":"Sundial"},{"floor":40,"key":"WingedGreaves"},{"floor":43,"key":"Gremlin Horn"},{"floor":45,"key":"Pocketwatch"},{"floor":49,"key":"PreservedInsect"}],"event_choices":[{"damage_healed":0,"gold_gain":0,"player_choice":"Success","damage_taken":3,"relics_obtained":["Kunai"],"max_hp_gain":0,"max_hp_loss":0,"event_name":"Scrap Ooze","floor":2,"gold_loss":0},{"damage_healed":0,"gold_gain":0,"player_choice":"Ignored","damage_taken":0,"max_hp_gain":0,"max_hp_loss":0,"event_name":"Liars Game","floor":10,"gold_loss":0},{"damage_healed":0,"gold_gain":0,"player_choice":"Grow","damage_taken":0,"max_hp_gain":0,"max_hp_loss":0,"event_name":"Living Wall","floor":13,"gold_loss":0,"cards_upgraded":["Capacitor"]},{"damage_healed":0,"gold_gain":0,"player_choice":"Simplicity","damage_taken":0,"max_hp_gain":0,"max_hp_loss":0,"event_name":"Back to Basics","floor":19,"gold_loss":0,"cards_upgraded":["Strike_B","Strike_B","Strike_B","Strike_B","Defend_B","Defend_B","Defend_B","Defend_B"]},{"damage_healed":0,"gold_gain":0,"player_choice":"0 cards matched","damage_taken":0,"max_hp_gain":0,"max_hp_loss":0,"event_name":"Match and Keep!","floor":21,"gold_loss":0,"cards_obtained":[]},{"damage_healed":0,"gold_gain":0,"player_choice":"Bought 1 Potion","damage_taken":0,"max_hp_gain":0,"max_hp_loss":0,"event_name":"The Woman in Blue","floor":30,"gold_loss":0},{"damage_healed":0,"gold_gain":0,"player_choice":"Paid Gold","damage_taken":0,"relics_obtained":["Potion Belt"],"max_hp_gain":0,"max_hp_loss":0,"event_name":"WeMeetAgain","floor":39,"gold_loss":88}],"is_beta":false,"boss_relics":[{"not_picked":["Tiny House","Nuclear Battery"],"picked":"Cursed Key"},{"not_picked":["Calling Bell","Eternal Feather"],"picked":"Coffee Dripper"}],"items_purged_floors":[46],"is_endless":false,"potions_floor_spawned":[4,11,14,18,22,27,36,38,42,48],"killed_by":"Donu and Deca","ascension_level":0}