{"gold_per_floor":[364,42,55,67,67,67,126,138,164,164,175,190,190,190,190,289,289,309,319,329,329,344,344],"floor_reached":23,"playtime":1075,"items_purged":["Decay"],"score":195,"play_id":"c655e726-fc5a-49d2-8047-7a238719774f","local_time":"20190503221250","is_ascension_mode":false,"campfire_choices":[{"floor":6,"key":"REST"},{"floor":13,"key":"REST"},{"data":"Armaments","floor":15,"key":"SMITH"}],"neow_cost":"CURSE","seed_source_timestamp":1378288599442400,"circlet_count":0,"master_deck":["Strike_B","Strike_B","Strike_B","Strike_B","Defend_B","Defend_B","Defend_B","Defend_B+1","Zap","Dualcast","Capacitor+1","Static Discharge","BootSequence","Armaments+1","Backflip","Compile Driver","Undo","Bandage Up","Barricade","Body Slam","Infernal Blade","Warcry+1","True Grit+1"],"relics":["Cracked Core","PrismaticShard","Tiny Chest","PreservedInsect","Nuclear Battery","Regal Pillow"],"potions_floor_usage":[7,11,16,16,16,20,23,23,23],"damage_taken":[{"damage":12,"enemies":"2 Louse","floor":1,"turns":3},{"damage":1,"enemies":"Cultist","floor":3,"turns":4},{"damage":12,"enemies":"Small Slimes","floor":4,"turns":4},{"damage":21,"enemies":"Lagavulin","floor":7,"turns":5},{"damage":2,"enemies":"Looter","floor":8,"turns":4},{"damage":0,"enemies":"Gremlin Gang","floor":11,"turns":2},{"damage":2,"enemies":"Exordium Wildlife","floor":12,"turns":5},{"damage":16,"enemies":"Slime Boss","floor":16,"turns":14},{"damage":33,"enemies":"2 Thieves","floor":18,"turns":5},{"damage":15,"enemies":"3 Byrds","floor":19,"turns":4},{"damage":5,"enemies":"Centurion and Healer","floor":20,"turns":7},{"damage":29,"enemies":"Sentry and Sphere","floor":22,"turns":6},{"damage":14,"enemies":"Gremlin Leader","floor":23,"turns":4}],"seed_played":"-8613496463623296544","potions_obtained":[{"floor":3,"key":"Fire Potion"},{"floor":4,"key":"SpeedPotion"},{"floor":8,"key":"EssenceOfSteel"},{"floor":10,"key":"EntropicBrew"},{"floor":10,"key":"Explosive Potion"},{"floor":18,"key":"Ancient Potion"},{"floor":20,"key":"Energy Potion"},{"floor":22,"key":"Fire Potion"}],"is_trial":false,"path_per_floor":["M","$","M","M","?","R","E","M","T","?","M","M","R","?","R","B",null,"M","M","M","?","M","E"],"character_chosen":"DEFECT","items_purchased":["PrismaticShard","Static Discharge"],"campfire_rested":2,"item_purchase_floors":[2,2],"current_hp_per_floor":[63,63,62,50,35,57,36,34,34,34,34,32,54,54,54,42,75,46,35,34,34,9,0],"gold":344,"neow_bonus":"TWO_FIFTY_GOLD","is_prod":false,"is_daily":false,"chose_seed":false,"campfire_upgraded":1,"win_rate":0.0,"timestamp":1556914370,"path_taken":["M","$","M","M","?","R","E","M","T","?","?","M","R","?","R","BOSS","M","M","M","?","?","E"],"build_version":"2019-04-23","purchased_purges":1,"victory":false,"max_hp_per_floor":[75,75,75,75,75,75,75,75,75,75,75,75,75,75,75,75,75,75,75,75,75,75,75],"card_choices":[{"not_picked":["Double Energy","Auto Shields"],"picked":"Capacitor","floor":1},{"not_picked":["Redo","Sucker Punch"],"picked":"BootSequence","floor":3},{"not_picked":["Dodge and Roll","Rupture"],"picked":"Impatience","floor":4},{"not_picked":["Backstab","Jack Of All Trades"],"picked":"Armaments","floor":7},{"not_picked":["Clash","Endless Agony"],"picked":"Backflip","floor":8},{"not_picked":["Poisoned Stab","Go for the Eyes"],"picked":"Compile Driver","floor":11},{"not_picked":["True Grit","Heavy Blade"],"picked":"Undo","floor":12},{"not_picked":["Amplify","Fiend Fire"],"picked":"Barricade","floor":16},{"not_picked":["Redo","Cleave"],"picked":"Body Slam","floor":18},{"not_picked":["Dagger Spray+1","Rip and Tear+1"],"picked":"Infernal Blade","floor":19},{"not_picked":["Searing Blow","Blade Dance"],"picked":"Warcry+1","floor":20},{"not_picked":["Gash+1","Sever Soul+1"],"picked":"True Grit+1","floor":22}],"player_experience":32031,"relics_obtained":[{"floor":7,"key":"Tiny Chest"},{"floor":9,"key":"PreservedInsect"}],"event_choices":[{"damage_healed":0,"gold_gain":0,"player_choice":"Entered Light","damage_taken":15,"max_hp_gain":0,"max_hp_loss":0,"event_name":"Shining Light","floor":5,"gold_loss":0,"cards_upgraded":["Capacitor","Defend_B"]},{"damage_healed":0,"gold_gain":0,"player_choice":"Got Potions","damage_taken":0,"max_hp_gain":0,"max_hp_loss":0,"event_name":"Lab","floor":10,"gold_loss":0},{"damage_healed":0,"gold_gain":0,"cards_transformed":["Impatience"],"player_choice":"Change","damage_taken":0,"max_hp_gain":0,"max_hp_loss":0,"event_name":"Living Wall","floor":14,"gold_loss":0,"cards_obtained":["Bandage Up"]},{"damage_healed":0,"gold_gain":0,"player_choice":"Gave Potion","damage_taken":0,"relics_obtained":["Regal Pillow"],"max_hp_gain":0,"max_hp_loss":0,"event_name":"WeMeetAgain","floor":21,"gold_loss":0}],"is_beta":true,"boss_relics":[{"not_picked":["Calling Bell","Coffee Dripper"],"picked":"Nuclear Battery"}],"items_purged_floors":[2],"is_endless":false,"potions_floor_spawned":[3,4,8,18,19,20,22],"killed_by":"Gremlin Leader","ascension_level":0}