{"gold_per_floor":[113,113,132,207,97,97,97,97,175,194,239,239,282,296,296,422,422,435,28,44,44,44,44,79,79],"floor_reached":25,"playtime":1121,"items_purged":["Clothesline"],"score":304,"play_id":"16cad73e-6bde-48e3-a139-ccc9ab797fe7","local_time":"20191020204841","is_ascension_mode":true,"campfire_choices":[{"data":"Blood for Blood","floor":6,"key":"SMITH"},{"data":"Bash","floor":12,"key":"SMITH"},{"data":"Cleave","floor":15,"key":"SMITH"},{"data":"Armaments","floor":23,"key":"SMITH"}],"neow_cost":"NONE","seed_source_timestamp":719738448377200,"circlet_count":0,"master_deck":["Strike_R","Strike_R","Strike_R","Defend_R","Defend_R","Defend_R","Bash+1","Blood for Blood+1","Dropkick","Cleave+1","Armaments+1","Shockwave","Searing Blow+1"],"relics":["Black Blood","Golden Idol","Meat on the Bone","Potion Belt","Gremlin Horn","Membership Card","Molten Egg 2","Lantern","Mummified Hand"],"potions_floor_usage":[],"damage_taken":[{"damage":1,"enemies":"Cultist","floor":1,"turns":4},{"damage":12,"enemies":"Jaw Worm","floor":3,"turns":3},{"damage":6,"enemies":"2 Louse","floor":10,"turns":3},{"damage":8,"enemies":"Gremlin Nob","floor":13,"turns":3},{"damage":0,"enemies":"Large Slime","floor":14,"turns":3},{"damage":60,"enemies":"The Guardian","floor":16,"turns":9},{"damage":33,"enemies":"Spheric Guardian","floor":18,"turns":4},{"damage":12,"enemies":"Chosen","floor":20,"turns":3},{"damage":47,"enemies":"Slavers","floor":24,"turns":4},{"damage":49,"enemies":"Sentry and Sphere","floor":25,"turns":5}],"seed_played":"-5395460106219304512","potions_obtained":[{"floor":3,"key":"GamblersBrew"},{"floor":14,"key":"Ancient Potion"},{"floor":16,"key":"FairyPotion"}],"is_trial":false,"path_per_floor":["M","?","M","?","$","R","?","?","T","M","T","R","E","M","R","B",null,"M","$","M","?","?","R","E","M"],"character_chosen":"IRONCLAD","items_purchased":["Blood for Blood","Membership Card","Molten Egg 2","Lantern"],"campfire_rested":0,"item_purchase_floors":[5,19,19,19],"current_hp_per_floor":[85,85,79,68,68,68,61,61,61,61,61,61,59,65,65,23,67,56,56,54,54,54,54,29,0],"gold":79,"neow_bonus":"TEN_PERCENT_HP_BONUS","is_prod":false,"is_daily":false,"chose_seed":false,"campfire_upgraded":4,"win_rate":0,"timestamp":1571622521,"path_taken":["M","?","?","?","$","R","?","?","T","M","?","R","E","M","R","BOSS","M","$","M","?","?","R","E","M"],"build_version":"2019-07-17","purchased_purges":1,"victory":false,"max_hp_per_floor":[88,88,88,88,88,88,88,81,81,81,81,81,81,81,81,81,81,81,81,81,81,81,81,81,81],"card_choices":[{"not_picked":["Warcry","Iron Wave","Havoc"],"picked":"SKIP","floor":1},{"not_picked":["Wild Strike","Reaper","Intimidate"],"picked":"SKIP","floor":3},{"not_picked":["Rampage","Feel No Pain","Clothesline"],"picked":"SKIP","floor":10},{"not_picked":["True Grit","Flex"],"picked":"Dropkick","floor":13},{"not_picked":["Intimidate","Wild Strike"],"picked":"Cleave","floor":14},{"not_picked":["Shrug It Off","Heavy Blade","Clothesline+1"],"picked":"SKIP","floor":18},{"not_picked":["Rage","Clash+1"],"picked":"Armaments","floor":20},{"not_picked":["Whirlwind+1","Evolve"],"picked":"Searing Blow+1","floor":24}],"player_experience":324100,"relics_obtained":[{"floor":9,"key":"Meat on the Bone"},{"floor":11,"key":"Potion Belt"},{"floor":13,"key":"Gremlin Horn"},{"floor":24,"key":"Mummified Hand"}],"event_choices":[{"damage_healed":0,"gold_gain":0,"cards_transformed":["Strike_R"],"player_choice":"Transformed","damage_taken":0,"max_hp_gain":0,"max_hp_loss":0,"event_name":"Transmorgrifier","floor":2,"gold_loss":0,"cards_obtained":["Clothesline"]},{"damage_healed":0,"gold_gain":75,"player_choice":"Gather Gold","damage_taken":11,"max_hp_gain":0,"max_hp_loss":0,"event_name":"World of Goop","floor":4,"gold_loss":0},{"cards_removed":["Defend_R"],"damage_healed":0,"gold_gain":0,"player_choice":"Card Removal","damage_taken":7,"max_hp_gain":0,"max_hp_loss":0,"event_name":"Golden Wing","floor":7,"gold_loss":0},{"damage_healed":0,"gold_gain":0,"player_choice":"Lose Max HP","damage_taken":0,"relics_obtained":["Golden Idol"],"max_hp_gain":0,"max_hp_loss":7,"event_name":"Golden Idol","floor":8,"gold_loss":0},{"damage_healed":0,"gold_gain":0,"player_choice":"Ignored","damage_taken":0,"max_hp_gain":0,"max_hp_loss":0,"event_name":"Cursed Tome","floor":21,"gold_loss":0},{"damage_healed":0,"gold_gain":0,"cards_transformed":["Strike_R"],"player_choice":"Transformed","damage_taken":0,"max_hp_gain":0,"max_hp_loss":0,"event_name":"Transmorgrifier","floor":22,"gold_loss":0,"cards_obtained":["Shockwave"]}],"is_beta":false,"boss_relics":[{"not_picked":["Eternal Feather","Runic Cube"],"picked":"Black Blood"}],"items_purged_floors":[5],"is_endless":false,"potions_floor_spawned":[3,14,16],"killed_by":"Sentry and Sphere","ascension_level":8}