{"gold_per_floor":[116,131,81,81,81,81,112,125,149,149,224,224,236,269,269,370,370,383,482,463,483,61,91,104,104,104,0,0,29,46,76,76,176,176,196,296,296,314,340,370,281,312,339,339,9,9,9,26,26,26],"floor_reached":51,"playtime":2381,"items_purged":["Defend_B"],"score":1017,"play_id":"446c0217-9f20-4ccd-9eb9-b05448d440eb","local_time":"20191021105211","is_ascension_mode":true,"campfire_choices":[{"data":"Melter","floor":6,"key":"SMITH"},{"data":"Dualcast","floor":10,"key":"SMITH"},{"data":"Defend_B","floor":12,"key":"SMITH"},{"data":"Chill","floor":15,"key":"SMITH"},{"floor":25,"key":"REST"},{"floor":28,"key":"REST"},{"data":"Defragment","floor":32,"key":"SMITH"},{"data":"Blizzard","floor":46,"key":"SMITH"},{"data":"Conserve Battery","floor":49,"key":"SMITH"}],"neow_cost":"NONE","seed_source_timestamp":609400382948400,"circlet_count":0,"master_deck":["Strike_B","Strike_B","Defend_B","Defend_B+1","Defend_B+1","Zap+1","Dualcast+1","Melter+1","Conserve Battery+1","Chill+1","Machine Learning","Gash","Conserve Battery+1","Cold Snap","Defragment+1","Gash+1","All For One","Cold Snap+1","Hologram","Loop+1","Blizzard+1","Parasite"],"relics":["FrozenCore","Kunai","Incense Burner","War Paint","Tiny Chest","Juzu Bracelet","Runic Pyramid","DataDisk","Strange Spoon","Bag of Preparation","Letter Opener","Unceasing Top","Gremlin Horn","Thread and Needle","Calipers","Ancient Tea Set","Oddly Smooth Stone","Dream Catcher","Happy Flower","Orichalcum","Shuriken"],"potions_floor_usage":[7,16,23,24,24,36,40,48,48],"damage_taken":[{"damage":0,"enemies":"Cultist","floor":1,"turns":3},{"damage":2,"enemies":"Jaw Worm","floor":2,"turns":3},{"damage":25,"enemies":"3 Sentries","floor":7,"turns":7},{"damage":0,"enemies":"2 Louse","floor":8,"turns":2},{"damage":0,"enemies":"Looter","floor":13,"turns":3},{"damage":3,"enemies":"Lagavulin","floor":14,"turns":5},{"damage":7,"enemies":"The Guardian","floor":16,"turns":12},{"damage":2,"enemies":"Shell Parasite","floor":18,"turns":4},{"damage":23,"enemies":"2 Thieves","floor":20,"turns":4},{"damage":7,"enemies":"Centurion and Healer","floor":21,"turns":7},{"damage":29,"enemies":"Book of Stabbing","floor":23,"turns":6},{"damage":0,"enemies":"Snecko","floor":24,"turns":6},{"damage":0,"enemies":"Gremlin Leader","floor":29,"turns":10},{"damage":0,"enemies":"3 Cultists","floor":30,"turns":5},{"damage":10,"enemies":"Slavers","floor":31,"turns":7},{"damage":2,"enemies":"Collector","floor":33,"turns":9},{"damage":13,"enemies":"3 Darklings","floor":35,"turns":4},{"damage":8,"enemies":"Mind Bloom Boss Battle","floor":36,"turns":6},{"damage":0,"enemies":"3 Shapes","floor":38,"turns":4},{"damage":0,"enemies":"Nemesis","floor":40,"turns":7},{"damage":19,"enemies":"Reptomancer","floor":42,"turns":6},{"damage":0,"enemies":"Writhing Mass","floor":48,"turns":6},{"damage":0,"enemies":"Donu and Deca","floor":50,"turns":9}],"seed_played":"1218548413742821351","potions_obtained":[{"floor":1,"key":"Fire Potion"},{"floor":2,"key":"FocusPotion"},{"floor":8,"key":"GamblersBrew"},{"floor":18,"key":"FocusPotion"},{"floor":23,"key":"EssenceOfSteel"},{"floor":24,"key":"Swift Potion"},{"floor":29,"key":"FearPotion"},{"floor":30,"key":"Poison Potion"},{"floor":36,"key":"Ancient Potion"},{"floor":42,"key":"Swift Potion"},{"floor":48,"key":"Energy Potion"}],"is_trial":false,"path_per_floor":["M","M","?","T","?","R","E","M","T","R","T","R","M","E","R","B",null,"M","?","M","M","$","E","M","R","T","?","R","E","M","E","R","B",null,"M","?","T","M","T","E","?","E","T","?","$","R","?","M","R","B",null],"character_chosen":"DEFECT","items_purchased":["DataDisk","Strange Spoon","Shuriken","Blizzard"],"campfire_rested":2,"item_purchase_floors":[22,22,45,45],"current_hp_per_floor":[75,73,73,73,66,66,41,41,41,41,41,41,41,38,38,31,75,73,73,50,43,43,14,14,36,36,36,58,58,58,48,48,46,75,62,54,54,54,54,54,54,35,35,35,35,35,35,35,35,35],"gold":26,"neow_bonus":"THREE_CARDS","is_prod":false,"is_daily":false,"chose_seed":false,"campfire_upgraded":7,"win_rate":0,"timestamp":1571669531,"path_taken":["M","?","?","?","?","R","E","M","T","R","?","R","M","E","R","BOSS","M","?","M","M","$","E","M","R","T","?","R","E","M","E","R","BOSS","M","?","?","M","?","E","?","E","T","?","$","R","?","M","R","BOSS"],"build_version":"2019-07-17","purchased_purges":1,"victory":true,"max_hp_per_floor":[75,75,75,75,75,75,75,75,75,75,75,75,75,75,75,75,75,75,75,75,75,75,75,75,75,75,75,75,75,75,75,75,75,75,75,75,75,75,75,75,75,75,75,75,75,75,75,75,75,75],"card_choices":[{"not_picked":["Scrape","Turbo","Stack"],"picked":"SKIP","floor":1},{"not_picked":["Barrage","Fusion"],"picked":"Melter","floor":2},{"not_picked":["Melter","Stack","Darkness"],"picked":"SKIP","floor":7},{"not_picked":["Barrage","Tempest","Stack"],"picked":"SKIP","floor":8},{"not_picked":["BootSequence","Fusion"],"picked":"Conserve Battery","floor":13},{"not_picked":["Double Energy","Rainbow"],"picked":"Chill","floor":14},{"not_picked":["Amplify","Core Surge"],"picked":"Machine Learning","floor":16},{"not_picked":["Compile Driver","Go for the Eyes+1"],"picked":"Gash","floor":18},{"not_picked":["Lockon","Steam Power","Ball Lightning+1"],"picked":"SKIP","floor":20},{"not_picked":["Leap","Beam Cell","Turbo+1"],"picked":"SKIP","floor":21},{"not_picked":["Streamline+1","Hello World"],"picked":"Conserve Battery+1","floor":23},{"not_picked":["Chaos+1","Ball Lightning"],"picked":"Cold Snap","floor":24},{"not_picked":["Reinforced Body","Go for the Eyes","Core Surge"],"picked":"SKIP","floor":29},{"not_picked":["Hologram","Redo"],"picked":"Defragment","floor":30},{"not_picked":["Steam","Ball Lightning"],"picked":"Gash+1","floor":31},{"not_picked":["Electrodynamics","Seek"],"picked":"All For One","floor":33},{"not_picked":["Leap+1","Redo","Stack+1"],"picked":"SKIP","floor":35},{"not_picked":["Barrage","Steam+1"],"picked":"Cold Snap+1","floor":38},{"not_picked":["Multi-Cast","Go for the Eyes"],"picked":"Hologram","floor":40},{"not_picked":["Fusion","Genetic Algorithm+1"],"picked":"Loop+1","floor":42},{"not_picked":["Stack+1","Hologram","Beam Cell"],"picked":"SKIP","floor":48}],"player_experience":234345,"relics_obtained":[{"floor":4,"key":"Kunai"},{"floor":7,"key":"Incense Burner"},{"floor":9,"key":"War Paint"},{"floor":11,"key":"Tiny Chest"},{"floor":14,"key":"Juzu Bracelet"},{"floor":23,"key":"Bag of Preparation"},{"floor":26,"key":"Letter Opener"},{"floor":29,"key":"Unceasing Top"},{"floor":31,"key":"Gremlin Horn"},{"floor":36,"key":"Thread and Needle"},{"floor":37,"key":"Calipers"},{"floor":39,"key":"Ancient Tea Set"},{"floor":40,"key":"Oddly Smooth Stone"},{"floor":42,"key":"Happy Flower"},{"floor":43,"key":"Orichalcum"}],"event_choices":[{"cards_removed":["Strike_B"],"damage_healed":0,"gold_gain":0,"player_choice":"Card Removal","damage_taken":0,"max_hp_gain":0,"max_hp_loss":0,"event_name":"The Cleric","floor":3,"gold_loss":50},{"cards_removed":["Strike_B"],"damage_healed":0,"gold_gain":0,"player_choice":"Card Removal","damage_taken":7,"max_hp_gain":0,"max_hp_loss":0,"event_name":"Golden Wing","floor":5,"gold_loss":0},{"damage_healed":0,"gold_gain":99,"player_choice":"Stole From Cult","damage_taken":0,"max_hp_gain":0,"max_hp_loss":0,"event_name":"Nest","floor":19,"gold_loss":0},{"damage_healed":0,"gold_gain":0,"player_choice":"Paid Fearfully","damage_taken":0,"max_hp_gain":0,"max_hp_loss":0,"event_name":"Masked Bandits","floor":27,"gold_loss":104},{"damage_healed":0,"gold_gain":0,"player_choice":"Fight","damage_taken":0,"max_hp_gain":0,"max_hp_loss":0,"event_name":"MindBloom","floor":36,"gold_loss":0},{"damage_healed":0,"gold_gain":0,"player_choice":"Paid Gold","damage_taken":0,"relics_obtained":["Dream Catcher"],"max_hp_gain":0,"max_hp_loss":0,"event_name":"WeMeetAgain","floor":41,"gold_loss":89},{"damage_healed":0,"gold_gain":0,"player_choice":"Ignored","damage_taken":0,"max_hp_gain":0,"max_hp_loss":0,"event_name":"Tomb of Lord Red Mask","floor":44,"gold_loss":0},{"damage_healed":0,"gold_gain":0,"player_choice":"Ignored","damage_taken":0,"max_hp_gain":0,"max_hp_loss":0,"event_name":"SecretPortal","floor":47,"gold_loss":0}],"is_beta":false,"boss_relics":[{"not_picked":["Empty Cage","Tiny House"],"picked":"Runic Pyramid"},{"not_picked":["Lizard Tail","Orrery"],"picked":"FrozenCore"}],"items_purged_floors":[22],"is_endless":false,"potions_floor_spawned":[1,2,8,18,23,24,29,30,33,36,42,48],"ascension_level":3}