{"gold_per_floor":[119,294,294,244,5,34,34,64,64,64,78,94,113,113,113,213,213,228,228,318,331,346,346,346,346,346,346,41,41,56,70,70,70],"floor_reached":33,"playtime":539,"items_purged":["Defend_R","Strike_R"],"score":412,"play_id":"ccf8b23e-2748-4143-a32f-5ebf5f573a42","local_time":"20190815011028","is_ascension_mode":true,"campfire_choices":[{"data":"Bash","floor":10,"key":"SMITH"},{"data":"Double Tap","floor":15,"key":"SMITH"},{"floor":23,"key":"REST"},{"data":"Defend_R","floor":25,"key":"SMITH"},{"data":"Defend_R","floor":27,"key":"SMITH"},{"data":"Defend_R","floor":32,"key":"SMITH"}],"neow_cost":"NONE","seed_source_timestamp":82707866016415,"circlet_count":0,"master_deck":["Strike_R","Strike_R","Defend_R+1","Defend_R+1","Defend_R+1","Bash+1","Immolate+1","Double Tap+1","Shockwave+1","Cleave+1","Immolate+1"],"relics":["Burning Blood","NeowsBlessing","Dream Catcher","Meat on the Bone","Pocketwatch","Regal Pillow","Runic Cube","Pantograph","DollysMirror"],"potions_floor_usage":[16,16,24,33,33,33],"damage_taken":[{"damage":0,"enemies":"2 Louse","floor":1,"turns":1},{"damage":0,"enemies":"Gremlin Nob","floor":6,"turns":1},{"damage":0,"enemies":"Lagavulin","floor":8,"turns":1},{"damage":0,"enemies":"Small Slimes","floor":11,"turns":1},{"damage":7,"enemies":"Jaw Worm","floor":12,"turns":2},{"damage":11,"enemies":"Looter","floor":13,"turns":2},{"damage":2,"enemies":"Slime Boss","floor":16,"turns":5},{"damage":28,"enemies":"Shell Parasite","floor":18,"turns":3},{"damage":11,"enemies":"Spheric Guardian","floor":21,"turns":3},{"damage":10,"enemies":"Snecko","floor":22,"turns":3},{"damage":0,"enemies":"Snake Plant","floor":24,"turns":1},{"damage":23,"enemies":"Centurion and Healer","floor":30,"turns":2},{"damage":0,"enemies":"3 Cultists","floor":31,"turns":2},{"damage":94,"enemies":"Automaton","floor":33,"turns":6}],"seed_played":"6658288421830015010","potions_obtained":[{"floor":8,"key":"GamblersBrew"},{"floor":12,"key":"Explosive Potion"},{"floor":13,"key":"Fire Potion"},{"floor":21,"key":"Dexterity Potion"},{"floor":22,"key":"SmokeBomb"},{"floor":30,"key":"SteroidPotion"}],"is_trial":false,"path_per_floor":["M","?","?","?","$","E","?","E","T","R","M","M","M","?","R","B",null,"M","?","?","M","M","R","M","R","T","R","$","?","M","M","R","B"],"character_chosen":"IRONCLAD","items_purchased":["Immolate","DollysMirror"],"campfire_rested":1,"item_purchase_floors":[5,28],"current_hp_per_floor":[78,78,71,71,71,77,77,80,80,80,80,79,74,74,74,78,80,58,43,27,34,42,82,85,85,85,85,85,85,68,74,74,0],"gold":70,"neow_bonus":"THREE_ENEMY_KILL","is_prod":false,"is_daily":false,"chose_seed":false,"campfire_upgraded":5,"win_rate":0,"timestamp":1565849428,"path_taken":["M","?","?","?","$","E","?","E","T","R","M","?","M","?","R","BOSS","M","?","?","?","M","R","M","R","T","R","$","?","?","M","R","BOSS"],"build_version":"2019-07-17","purchased_purges":2,"victory":false,"max_hp_per_floor":[80,80,80,80,80,80,80,80,80,80,80,80,80,80,80,80,80,80,85,85,85,85,85,85,85,85,85,85,85,85,85,85,85],"card_choices":[{"not_picked":["Iron Wave","Flex","Clash"],"picked":"SKIP","floor":1},{"not_picked":["Clothesline","Perfected Strike"],"picked":"Double Tap","floor":6},{"not_picked":["Havoc","Power Through","Body Slam"],"picked":"SKIP","floor":8},{"not_picked":["True Grit","Heavy Blade","Flex"],"picked":"SKIP","floor":11},{"not_picked":["Iron Wave","Dual Wield","Reckless Charge"],"picked":"SKIP","floor":12},{"not_picked":["Reckless Charge","Metallicize","Body Slam"],"picked":"SKIP","floor":13},{"not_picked":["Cleave+1","Heavy Blade","Feel No Pain"],"picked":"SKIP","floor":18},{"not_picked":["Sword Boomerang","Shrug It Off+1"],"picked":"Shockwave+1","floor":21},{"not_picked":["Shrug It Off","Rampage"],"picked":"Cleave+1","floor":22},{"not_picked":["Inflame","Twin Strike","Sword Boomerang"],"picked":"SKIP","floor":30},{"not_picked":["Headbutt+1","Dropkick","Demon Form"],"picked":"SKIP","floor":31}],"player_experience":300038,"relics_obtained":[{"floor":6,"key":"Dream Catcher"},{"floor":8,"key":"Meat on the Bone"},{"floor":9,"key":"Pocketwatch"},{"floor":26,"key":"Pantograph"}],"event_choices":[{"damage_healed":0,"gold_gain":175,"player_choice":"AGREE","damage_taken":0,"max_hp_gain":0,"max_hp_loss":0,"event_name":"Liars Game","floor":2,"gold_loss":0,"cards_obtained":["Doubt"]},{"cards_removed":["Doubt"],"damage_healed":0,"gold_gain":0,"player_choice":"Card Removal","damage_taken":7,"max_hp_gain":0,"max_hp_loss":0,"event_name":"Golden Wing","floor":3,"gold_loss":0},{"cards_removed":["Strike_R"],"damage_healed":0,"gold_gain":0,"player_choice":"Card Removal","damage_taken":0,"max_hp_gain":0,"max_hp_loss":0,"event_name":"The Cleric","floor":4,"gold_loss":50},{"damage_healed":0,"gold_gain":0,"player_choice":"Grow","damage_taken":0,"max_hp_gain":0,"max_hp_loss":0,"event_name":"Living Wall","floor":7,"gold_loss":0,"cards_upgraded":["Immolate"]},{"damage_healed":0,"gold_gain":0,"player_choice":"Searched \u00272\u0027 times","damage_taken":0,"relics_obtained":["Regal Pillow"],"max_hp_gain":0,"max_hp_loss":0,"event_name":"Dead Adventurer","floor":14,"gold_loss":0},{"damage_healed":0,"gold_gain":0,"player_choice":"Shed Blood","damage_taken":20,"max_hp_gain":5,"max_hp_loss":0,"event_name":"Forgotten Altar","floor":19,"gold_loss":0},{"damage_healed":0,"gold_gain":90,"player_choice":"GOLD ","damage_taken":16,"max_hp_gain":0,"max_hp_loss":0,"event_name":"Knowing Skull","floor":20,"potions_obtained":[],"gold_loss":0,"cards_obtained":[]},{"cards_removed":["Strike_R"],"damage_healed":0,"gold_gain":0,"player_choice":"Offered Basic","damage_taken":0,"max_hp_gain":0,"max_hp_loss":0,"event_name":"Bonfire Elementals","floor":29,"gold_loss":0}],"is_beta":false,"boss_relics":[{"not_picked":["White Beast Statue","Pandora\u0027s Box"],"picked":"Runic Cube"}],"items_purged_floors":[5,28],"is_endless":false,"potions_floor_spawned":[8,12,13,21,22,30],"killed_by":"Automaton","ascension_level":7}