{"gold_per_floor":[112,112,123,138,156,156,231,247,328,344,344,364,37,57,57,154,154,174,47,0,0],"floor_reached":21,"playtime":609,"items_purged":["Parasite","Defend_R"],"score":216,"play_id":"3ecd90fb-7ca7-47bc-97d2-9cb04ea43a97","local_time":"20190811171646","is_ascension_mode":true,"campfire_choices":[{"data":"Bash","floor":6,"key":"SMITH"},{"data":"Strike_R","floor":15,"key":"SMITH"}],"neow_cost":"TEN_PERCENT_HP_LOSS","seed_source_timestamp":52067582227828,"circlet_count":0,"master_deck":["Strike_R+1","Strike_R","Strike_R","Strike_R","Strike_R","Defend_R","Defend_R","Defend_R","Bash+1","Demon Form","Armaments","Pommel Strike"],"relics":["Black Blood","Charon\u0027s Ashes","Blue Candle","Gremlin Horn"],"potions_floor_usage":[10,14,16,16,18],"damage_taken":[{"damage":7,"enemies":"2 Louse","floor":1,"turns":3},{"damage":6,"enemies":"Cultist","floor":3,"turns":3},{"damage":8,"enemies":"Small Slimes","floor":4,"turns":4},{"damage":12,"enemies":"Looter","floor":5,"turns":3},{"damage":21,"enemies":"2 Fungi Beasts","floor":8,"turns":4},{"damage":1,"enemies":"Red Slaver","floor":10,"turns":4},{"damage":13,"enemies":"Large Slime","floor":12,"turns":5},{"damage":26,"enemies":"Exordium Thugs","floor":14,"turns":4},{"damage":44,"enemies":"Slime Boss","floor":16,"turns":14},{"damage":52,"enemies":"2 Thieves","floor":18,"turns":5},{"damage":28,"enemies":"Spheric Guardian","floor":21,"turns":3}],"seed_played":"7265455916583859658","potions_obtained":[{"floor":4,"key":"Dexterity Potion"},{"floor":8,"key":"Weak Potion"},{"floor":10,"key":"BloodPotion"},{"floor":14,"key":"Block Potion"},{"floor":18,"key":"Fruit Juice"}],"is_trial":false,"path_per_floor":["M","?","M","M","M","R","?","M","T","M","?","M","$","M","R","B",null,"M","$","?","M"],"character_chosen":"IRONCLAD","items_purchased":["Gremlin Horn","Pommel Strike"],"campfire_rested":0,"item_purchase_floors":[13,19],"current_hp_per_floor":[71,71,71,69,63,63,52,37,37,42,60,53,53,50,50,12,55,18,18,18,0],"gold":0,"neow_bonus":"ONE_RARE_RELIC","is_prod":false,"is_daily":false,"chose_seed":false,"campfire_upgraded":2,"win_rate":0,"timestamp":1565561806,"path_taken":["M","?","?","?","?","R","?","M","T","M","?","M","$","M","R","BOSS","M","$","?","M"],"build_version":"2019-07-17","purchased_purges":2,"victory":false,"max_hp_per_floor":[72,72,72,72,72,72,72,72,72,72,72,72,69,69,69,69,69,74,74,74,74],"card_choices":[{"not_picked":["Sword Boomerang","Armaments","Searing Blow"],"picked":"SKIP","floor":1},{"not_picked":["Warcry","Flex","True Grit"],"picked":"SKIP","floor":3},{"not_picked":["Cleave","Clothesline","Flame Barrier"],"picked":"SKIP","floor":4},{"not_picked":["Battle Trance","Pummel","Perfected Strike"],"picked":"SKIP","floor":5},{"not_picked":["Thunderclap","Entrench","Inflame"],"picked":"SKIP","floor":8},{"not_picked":["Armaments","Havoc","Cleave"],"picked":"SKIP","floor":10},{"not_picked":["Shockwave","Seeing Red","Flame Barrier"],"picked":"SKIP","floor":12},{"not_picked":["Offering","Warcry","Armaments"],"picked":"SKIP","floor":14},{"not_picked":["Brutality","Limit Break"],"picked":"Demon Form","floor":16},{"not_picked":["Iron Wave","Havoc+1"],"picked":"Armaments","floor":18}],"player_experience":274416,"relics_obtained":[{"floor":9,"key":"Blue Candle"}],"event_choices":[{"damage_healed":0,"gold_gain":0,"player_choice":"0 cards matched","damage_taken":0,"max_hp_gain":0,"max_hp_loss":0,"event_name":"Match and Keep!","floor":2,"gold_loss":0,"cards_obtained":[]},{"damage_healed":0,"gold_gain":75,"player_choice":"Gather Gold","damage_taken":11,"max_hp_gain":0,"max_hp_loss":0,"event_name":"World of Goop","floor":7,"gold_loss":0},{"damage_healed":18,"gold_gain":0,"player_choice":"Healed and dodged fight","damage_taken":0,"max_hp_gain":0,"max_hp_loss":0,"event_name":"Mushrooms","floor":11,"gold_loss":0,"cards_obtained":["Parasite"]},{"damage_healed":0,"gold_gain":0,"player_choice":"Paid Fearfully","damage_taken":0,"max_hp_gain":0,"max_hp_loss":0,"event_name":"Masked Bandits","floor":20,"gold_loss":47}],"is_beta":false,"boss_relics":[{"not_picked":["Tiny House","Astrolabe"],"picked":"Black Blood"}],"items_purged_floors":[13,19],"is_endless":false,"potions_floor_spawned":[4,8,10,14,18],"killed_by":"Spheric Guardian","ascension_level":5}