{"gold_per_floor":[116,191,202,202,222,252,252,277,277,307,307,327,23,44,44,148,148,164,164,178,27,27,27,41,56,56,56,85,85],"floor_reached":29,"playtime":1440,"items_purged":[],"score":300,"play_id":"d8758cd4-d252-4af3-8f0d-76e0c7fecaf8","local_time":"20190821114232","is_ascension_mode":true,"campfire_choices":[{"floor":11,"key":"REST"},{"floor":15,"key":"REST"},{"floor":23,"key":"REST"},{"floor":27,"key":"REST"}],"neow_cost":"NONE","seed_source_timestamp":142060928652300,"circlet_count":0,"master_deck":["Strike_R","Strike_R","Strike_R","Strike_R","Strike_R","Defend_R","Defend_R","Defend_R","Defend_R","Bash","Havoc","Disarm","Rampage","True Grit","Rage","Entrench","Evolve+1","Evolve+1","Clothesline","Berserk+1","Barricade+1","Flame Barrier+1","J.A.X.","Blood for Blood","RitualDagger","Whirlwind","Feel No Pain+1","Sword Boomerang"],"special_seed":0,"relics":["Black Blood","NeowsBlessing","Pen Nib","Turnip","Shuriken","Letter Opener","Ornamental Fan","Frozen Egg 2","Frozen Eye","Odd Mushroom","Regal Pillow","Darkstone Periapt","Orichalcum"],"potions_floor_usage":[6,6,8,8,8,8,8,10,16,20,25,29],"damage_taken":[{"damage":0.0,"enemies":"2 Louse","floor":1.0,"turns":1.0},{"damage":0,"enemies":"Cultist","floor":3,"turns":1},{"damage":0,"enemies":"Jaw Worm","floor":5,"turns":1},{"damage":57,"enemies":"3 Sentries","floor":6,"turns":13},{"damage":23,"enemies":"Lagavulin","floor":8,"turns":4},{"damage":22,"enemies":"3 Sentries","floor":10,"turns":9},{"damage":8,"enemies":"Blue Slaver","floor":12,"turns":4},{"damage":28,"enemies":"The Mushroom Lair","floor":14,"turns":6},{"damage":23,"enemies":"Slime Boss","floor":16,"turns":10},{"damage":21,"enemies":"Chosen","floor":18,"turns":7},{"damage":33,"enemies":"2 Thieves","floor":20,"turns":4},{"damage":44,"enemies":"Snecko","floor":24,"turns":10},{"damage":34,"enemies":"Cultist and Chosen","floor":25,"turns":7},{"damage":60,"enemies":"Slavers","floor":28,"turns":9},{"damage":32,"enemies":"Centurion and Healer","floor":29,"turns":8}],"seed_played":"3410199361424495049","potions_obtained":[{"floor":3,"key":"GamblersBrew"},{"floor":5,"key":"EntropicBrew"},{"floor":6,"key":"Strength Potion"},{"floor":14,"key":"BloodPotion"},{"floor":18,"key":"AttackPotion"},{"floor":24,"key":"Regen Potion"},{"floor":28,"key":"SpeedPotion"}],"is_trial":false,"path_per_floor":["M","?","M","?","M","E","T","E","T","E","R","M","$","?","R","B",null,"M","?","M","$","?","R","M","M","T","R","E","M"],"character_chosen":"IRONCLAD","items_purchased":["Frozen Eye","Evolve+1","Clothesline","Regal Pillow"],"campfire_rested":4,"item_purchase_floors":[13,13,13,21],"current_hp_per_floor":[80,72,78,66,72,21,21,24,24,8,32,30,30,8,32,35,80,69,69,46,46,40,79,45,36,36,75,25,0],"gold":85,"neow_bonus":"THREE_ENEMY_KILL","is_prod":false,"is_daily":false,"chose_seed":false,"campfire_upgraded":0,"win_rate":0,"timestamp":1566402152,"path_taken":["M","?","?","?","M","E","?","E","T","E","R","M","?","?","R","BOSS","M","?","M","$","?","R","M","M","T","R","E","M"],"build_version":"2019-07-17","purchased_purges":0,"victory":false,"max_hp_per_floor":[80,80,80,80,80,80,80,80,80,80,80,80,80,80,80,80,80,80,80,80,80,80,80,80,80,80,80,80,80],"card_choices":[{"not_picked":["Perfected Strike","Thunderclap"],"picked":"Havoc","floor":1.0},{"not_picked":["Intimidate","Corruption"],"picked":"Disarm","floor":3},{"not_picked":["Wild Strike","Dropkick"],"picked":"Rampage","floor":5},{"not_picked":["Battle Trance","Anger"],"picked":"True Grit","floor":6},{"not_picked":["Corruption","Infernal Blade"],"picked":"Rage","floor":8},{"not_picked":["Blood for Blood","Armaments"],"picked":"Entrench","floor":10},{"not_picked":["Battle Trance","Warcry"],"picked":"Evolve+1","floor":12},{"not_picked":["Twin Strike","Perfected Strike"],"picked":"Berserk+1","floor":14},{"not_picked":["Reaper","Bludgeon"],"picked":"Barricade+1","floor":16},{"not_picked":["Corruption+1","Clash+1"],"picked":"Flame Barrier+1","floor":18},{"not_picked":["Shrug It Off","True Grit"],"picked":"Blood for Blood","floor":20},{"not_picked":["Seeing Red","Twin Strike+1"],"picked":"Whirlwind","floor":24},{"not_picked":["Searing Blow","Armaments+1"],"picked":"Feel No Pain+1","floor":25},{"not_picked":["Heavy Blade","Thunderclap+1"],"picked":"Sword Boomerang","floor":28}],"player_experience":602000,"relics_obtained":[{"floor":6,"key":"Turnip"},{"floor":7,"key":"Shuriken"},{"floor":8,"key":"Letter Opener"},{"floor":9,"key":"Ornamental Fan"},{"floor":10,"key":"Frozen Egg 2"},{"floor":14,"key":"Odd Mushroom"},{"floor":26,"key":"Darkstone Periapt"},{"floor":28,"key":"Orichalcum"}],"event_choices":[{"damage_healed":0,"gold_gain":75,"player_choice":"Touch","damage_taken":8,"max_hp_gain":0,"max_hp_loss":0,"event_name":"FaceTrader","floor":2,"gold_loss":0},{"damage_healed":0,"gold_gain":0,"player_choice":"Success","damage_taken":12,"relics_obtained":["Pen Nib"],"max_hp_gain":0,"max_hp_loss":0,"event_name":"Scrap Ooze","floor":4,"gold_loss":0},{"damage_healed":0,"gold_gain":0,"player_choice":"Fought Mushrooms","damage_taken":0,"max_hp_gain":0,"max_hp_loss":0,"event_name":"Mushrooms","floor":14,"gold_loss":0},{"damage_healed":0,"gold_gain":0,"player_choice":"Obtain J.A.X.","damage_taken":0,"max_hp_gain":0,"max_hp_loss":0,"event_name":"Drug Dealer","floor":19,"gold_loss":0,"cards_obtained":["J.A.X."]},{"damage_healed":0,"gold_gain":0,"player_choice":"Joined the Cult","damage_taken":6,"max_hp_gain":0,"max_hp_loss":0,"event_name":"Nest","floor":22,"gold_loss":0,"cards_obtained":["RitualDagger"]}],"is_beta":false,"boss_relics":[{"not_picked":["Calling Bell","Black Star"],"picked":"Black Blood"}],"items_purged_floors":[],"is_endless":false,"potions_floor_spawned":[3,5,6,14,18,24,28],"killed_by":"Centurion and Healer","ascension_level":3}