{"gold_per_floor":[112,126,144,94,269,296,296,571,571,571],"floor_reached":10,"playtime":193,"items_purged":[],"score":86,"play_id":"cdd18487-0892-4a37-8596-089601275c14","local_time":"20190812022936","is_ascension_mode":true,"campfire_choices":[{"floor":7,"key":"REST"}],"neow_cost":"NONE","seed_source_timestamp":85656184514139,"circlet_count":0,"master_deck":["Strike_R","Strike_R","Strike_R","Strike_R","Defend_R","Defend_R","Defend_R","Defend_R","Bash+1","Cleave","Feed","Doubt","Feed","Regret"],"relics":["Burning Blood","Letter Opener","Dream Catcher"],"potions_floor_usage":[6],"damage_taken":[{"damage":6,"enemies":"Cultist","floor":1,"turns":3},{"damage":12,"enemies":"Jaw Worm","floor":2,"turns":3},{"damage":0,"enemies":"Small Slimes","floor":3,"turns":3},{"damage":63,"enemies":"Lagavulin","floor":6,"turns":8},{"damage":43,"enemies":"Gremlin Gang","floor":10,"turns":2}],"seed_played":"1410415093569254510","potions_obtained":[{"floor":2,"key":"Block Potion"}],"is_trial":false,"path_per_floor":["M","M","M","?","?","E","R","?","T","M"],"character_chosen":"IRONCLAD","items_purchased":[],"campfire_rested":1,"item_purchase_floors":[],"current_hp_per_floor":[72,66,72,72,72,15,39,39,39,0],"gold":571,"neow_bonus":"UPGRADE_CARD","is_prod":false,"is_daily":false,"chose_seed":false,"campfire_upgraded":0,"win_rate":0,"timestamp":1565594976,"path_taken":["M","M","M","?","?","E","R","?","T","M"],"build_version":"2019-07-17","purchased_purges":0,"victory":false,"max_hp_per_floor":[80,80,80,80,80,80,80,80,80,83],"card_choices":[{"not_picked":["Body Slam","Wild Strike"],"picked":"Cleave","floor":1},{"not_picked":["Cleave","Clothesline"],"picked":"Feed","floor":2},{"not_picked":["Entrench","Wild Strike","Sentinel"],"picked":"SKIP","floor":3},{"not_picked":["Blood for Blood","Body Slam"],"picked":"Feed","floor":6}],"player_experience":286111,"relics_obtained":[{"floor":6,"key":"Letter Opener"},{"floor":9,"key":"Dream Catcher"}],"event_choices":[{"cards_removed":["Strike_R"],"damage_healed":0,"gold_gain":0,"player_choice":"Card Removal","damage_taken":0,"max_hp_gain":0,"max_hp_loss":0,"event_name":"The Cleric","floor":4,"gold_loss":50},{"damage_healed":0,"gold_gain":175,"player_choice":"AGREE","damage_taken":0,"max_hp_gain":0,"max_hp_loss":0,"event_name":"Liars Game","floor":5,"gold_loss":0,"cards_obtained":["Doubt"]},{"damage_healed":0,"gold_gain":275,"player_choice":"Desecrate","damage_taken":0,"max_hp_gain":0,"max_hp_loss":0,"event_name":"Golden Shrine","floor":8,"gold_loss":0,"cards_obtained":["Regret"]}],"is_beta":false,"boss_relics":[],"items_purged_floors":[],"is_endless":false,"potions_floor_spawned":[2],"killed_by":"Gremlin Gang","ascension_level":6}