{"gold_per_floor":[112,112,130,147,163,163,179,179,228,403,403,438,58,58,58,157,157,172,3,18,28,48,60,90,116,116,116],"floor_reached":27,"playtime":1189,"items_purged":["Doubt","Defend_G"],"score":258,"play_id":"1e5d6c25-4efb-44b6-a612-12a3a05b61fb","local_time":"20190422235914","is_ascension_mode":true,"campfire_choices":[{"data":"Neutralize","floor":6,"key":"SMITH"},{"floor":8,"key":"REST"},{"data":"Deflect","floor":15,"key":"SMITH"}],"neow_cost":"NONE","seed_source_timestamp":434164699931600,"circlet_count":0,"master_deck":["Defend_G","Defend_G","Strike_G","Strike_G","Strike_G","Strike_G","Survivor","Neutralize+1","Prepared","Terror","Flying Knee","Backflip","Poisoned Stab","Malaise","Acrobatics","Noxious Fumes","Deflect+1","Neutralize","Burst","Tactician+1","Poisoned Stab","Prepared","Leg Sweep+1","Dagger Spray+1","Poisoned Stab+1","Dash","Shame"],"relics":["Ring of the Snake","NeowsBlessing","Bag of Marbles","Ornamental Fan","TwistedFunnel","Empty Cage","Tiny Chest","Dream Catcher","Oddly Smooth Stone"],"potions_floor_usage":[21],"damage_taken":[{"damage":0,"enemies":"Small Slimes","floor":1,"turns":1},{"damage":0,"enemies":"Cultist","floor":3,"turns":1},{"damage":0,"enemies":"2 Louse","floor":4,"turns":1},{"damage":14,"enemies":"2 Fungi Beasts","floor":5,"turns":4},{"damage":34,"enemies":"Gremlin Gang","floor":7,"turns":6},{"damage":12,"enemies":"Lagavulin","floor":12,"turns":11},{"damage":10,"enemies":"Hexaghost","floor":16,"turns":10},{"damage":3,"enemies":"Spheric Guardian","floor":18,"turns":4},{"damage":1,"enemies":"Chosen","floor":20,"turns":5},{"damage":20,"enemies":"Snecko","floor":21,"turns":9},{"damage":9,"enemies":"Snake Plant","floor":22,"turns":4},{"damage":28,"enemies":"Shelled Parasite and Fungi","floor":23,"turns":6},{"damage":13,"enemies":"3 Cultists","floor":27,"turns":5}],"seed_played":"6304136254579431805","potions_obtained":[{"floor":1,"key":"FearPotion"},{"floor":2,"key":"Swift Potion"},{"floor":2,"key":"FearPotion"},{"floor":2,"key":"GhostInAJar"}],"is_trial":false,"path_per_floor":["M","?","M","M","M","R","M","R","T","?","?","E","$","?","R","B",null,"M","$","M","M","M","M","?","T","T","M"],"character_chosen":"THE_SILENT","items_purchased":["TwistedFunnel","Noxious Fumes","Deflect","Poisoned Stab","Prepared"],"campfire_rested":1,"item_purchase_floors":[13,13,13,19,19],"current_hp_per_floor":[70,70,70,70,56,56,22,43,43,43,43,31,31,31,31,21,70,67,67,66,46,37,9,9,9,9,0],"gold":116,"neow_bonus":"THREE_ENEMY_KILL","is_prod":false,"is_daily":false,"chose_seed":false,"campfire_upgraded":2,"win_rate":0,"timestamp":1555970354,"path_taken":["M","?","?","M","M","R","M","R","T","?","?","E","$","?","R","BOSS","M","$","M","M","?","M","?","?","T","M"],"build_version":"2019-01-23","purchased_purges":2,"victory":false,"max_hp_per_floor":[70,70,70,70,70,70,70,70,70,70,70,70,70,70,70,70,70,70,70,70,70,70,70,70,70,70,70],"card_choices":[{"not_picked":["Distraction","Outmaneuver"],"picked":"Prepared","floor":1},{"not_picked":["PiercingWail","Eviscerate"],"picked":"Terror","floor":3},{"not_picked":["Bane","Outmaneuver"],"picked":"Flying Knee","floor":4},{"not_picked":["Poisoned Stab","Concentrate"],"picked":"Backflip","floor":5},{"not_picked":["All Out Attack","Backstab"],"picked":"Poisoned Stab","floor":7},{"not_picked":["Sucker Punch","Flying Knee"],"picked":"Acrobatics","floor":12},{"not_picked":["Glass Knife","Unload"],"picked":"Burst","floor":16},{"not_picked":["Accuracy","Flying Knee"],"picked":"Tactician+1","floor":18},{"not_picked":["All Out Attack","Underhanded Strike"],"picked":"Leg Sweep+1","floor":20},{"not_picked":["Bane","Flying Knee+1"],"picked":"Dagger Spray+1","floor":21},{"not_picked":["Underhanded Strike","Caltrops"],"picked":"Poisoned Stab+1","floor":22},{"not_picked":["Blade Dance","Cloak And Dagger"],"picked":"Dash","floor":23}],"player_experience":297190,"relics_obtained":[{"floor":9,"key":"Bag of Marbles"},{"floor":12,"key":"Ornamental Fan"},{"floor":25,"key":"Dream Catcher"},{"floor":26,"key":"Oddly Smooth Stone"}],"event_choices":[{"damage_healed":0,"gold_gain":0,"player_choice":"Got Potions","damage_taken":0,"max_hp_gain":0,"max_hp_loss":0,"event_name":"Lab","floor":2,"gold_loss":0},{"damage_healed":0,"gold_gain":175,"player_choice":"AGREE","damage_taken":0,"max_hp_gain":0,"max_hp_loss":0,"event_name":"Liars Game","floor":10,"gold_loss":0,"cards_obtained":["Doubt"]},{"damage_healed":0,"gold_gain":0,"cards_transformed":["Strike_G"],"player_choice":"Change","damage_taken":0,"max_hp_gain":0,"max_hp_loss":0,"event_name":"Living Wall","floor":11,"gold_loss":0,"cards_obtained":["Malaise"]},{"damage_healed":0,"gold_gain":0,"player_choice":"1 cards matched","damage_taken":0,"max_hp_gain":0,"max_hp_loss":0,"event_name":"Match and Keep!","floor":14,"gold_loss":0,"cards_obtained":["Neutralize"]},{"damage_healed":0,"gold_gain":0,"player_choice":"Stole Relic","damage_taken":0,"relics_obtained":["Tiny Chest"],"max_hp_gain":0,"max_hp_loss":0,"event_name":"Addict","floor":24,"gold_loss":0,"cards_obtained":["Shame"]}],"is_beta":false,"boss_relics":[{"not_picked":["Runic Dome","Ring of the Serpent"],"picked":"Empty Cage"}],"items_purged_floors":[13,19],"is_endless":false,"potions_floor_spawned":[1,3,4,20],"killed_by":"3 Cultists","ascension_level":4}