{"gold_per_floor":[112,112,112,137,137,137,181,202,202,225,244,262,47,61,61,192,192,211,0,0,20,20,20,55,79,79,29,128,0,0,0,0,123,123,139,139,152,175,28,28,153,168,168,192,192],"floor_reached":45,"playtime":1298,"items_purged":["Intimidate","Pain","Decay","Injury"],"score":652,"play_id":"aef1d82f-daa2-4d9a-8bc4-6e915f1d5d5b","local_time":"20190813024655","is_ascension_mode":true,"campfire_choices":[{"data":"Bash","floor":6,"key":"SMITH"},{"data":"Cleave","floor":15,"key":"SMITH"},{"floor":23,"key":"REST"},{"floor":32,"key":"REST"},{"floor":40,"key":"REST"}],"neow_cost":"NONE","seed_source_timestamp":171993170869662,"circlet_count":0,"master_deck":["Strike_R+1","Strike_R+1","Strike_R+1","Strike_R+1","Defend_R+1","Defend_R+1","Defend_R+1","Defend_R+1","Bash+1","Limit Break","Inflame","Cleave+1","Limit Break+1","Feed","Heavy Blade+1","Seeing Red+1","Inflame+1","Demon Form"],"relics":["Burning Blood","NeowsBlessing","Matryoshka","Golden Idol","Ancient Tea Set","Toxic Egg 2","Self Forming Clay","Calling Bell","Smiling Mask","Ice Cream","Pear","Bottled Flame","Kunai","Prayer Wheel","Lizard Tail","Du-Vu Doll","Question Card","Happy Flower"],"potions_floor_usage":[14,16,24,25,33,33,37,38,41,42,45],"damage_taken":[{"damage":0,"enemies":"2 Louse","floor":1,"turns":1},{"damage":0,"enemies":"Small Slimes","floor":4,"turns":1},{"damage":0,"enemies":"3 Sentries","floor":7,"turns":2},{"damage":4,"enemies":"Cultist","floor":8,"turns":3},{"damage":6,"enemies":"3 Louse","floor":10,"turns":3},{"damage":16,"enemies":"Looter","floor":11,"turns":3},{"damage":11,"enemies":"2 Fungi Beasts","floor":12,"turns":3},{"damage":10,"enemies":"Gremlin Gang","floor":14,"turns":2},{"damage":28,"enemies":"The Guardian","floor":16,"turns":7},{"damage":38,"enemies":"Spheric Guardian","floor":18,"turns":6},{"damage":35,"enemies":"2 Thieves","floor":21,"turns":5},{"damage":35,"enemies":"Slavers","floor":24,"turns":5},{"damage":39,"enemies":"Snecko","floor":25,"turns":5},{"damage":46,"enemies":"Champ","floor":33,"turns":8},{"damage":24,"enemies":"3 Shapes","floor":35,"turns":6},{"damage":33,"enemies":"3 Darklings","floor":37,"turns":8},{"damage":54,"enemies":"Writhing Mass","floor":38,"turns":5},{"damage":13,"enemies":"Mind Bloom Boss Battle","floor":41,"turns":5},{"damage":32,"enemies":"Sphere and 2 Shapes","floor":42,"turns":4},{"damage":55,"enemies":"Spire Growth","floor":45,"turns":4}],"seed_played":"-3969733516631977793","potions_obtained":[{"floor":1,"key":"LiquidBronze"},{"floor":8,"key":"FairyPotion"},{"floor":12,"key":"Strength Potion"},{"floor":14,"key":"AttackPotion"},{"floor":21,"key":"SkillPotion"},{"floor":24,"key":"SkillPotion"},{"floor":35,"key":"Fire Potion"},{"floor":37,"key":"Poison Potion"},{"floor":42,"key":"Poison Potion"}],"is_trial":false,"path_per_floor":["M","?","?","M","?","R","E","M","T","M","M","M","$","M","R","B",null,"M","?","?","M","$","R","E","M","T","$","?","$","?","$","R","B",null,"M","?","M","M","$","R","?","M","T","T","M"],"character_chosen":"IRONCLAD","items_purchased":["Limit Break+1","BloodPotion","Energy Potion","AttackPotion"],"campfire_rested":3,"item_purchase_floors":[13,29,39,39],"current_hp_per_floor":[78,66,66,72,72,72,74,74,74,74,64,59,59,55,55,33,74,42,42,70,44,44,70,41,8,8,8,8,8,8,8,34,15,69,54,54,27,50,50,77,70,47,47,47,0],"gold":192,"neow_bonus":"THREE_ENEMY_KILL","is_prod":false,"is_daily":false,"chose_seed":false,"campfire_upgraded":2,"win_rate":0,"timestamp":1565682415,"path_taken":["M","?","?","M","?","R","E","M","T","M","?","M","$","M","R","BOSS","M","?","?","M","$","R","E","M","T","$","?","$","?","?","R","BOSS","M","?","?","M","$","R","?","M","T","?","?"],"build_version":"2019-07-17","purchased_purges":4,"victory":false,"max_hp_per_floor":[80,80,74,74,74,74,74,74,74,74,74,74,74,74,74,74,84,84,84,84,87,87,87,87,87,87,87,87,87,87,87,87,87,87,90,90,90,90,90,90,90,93,93,93,93],"card_choices":[{"not_picked":["Uppercut","Power Through","Sword Boomerang"],"picked":"SKIP","floor":1},{"not_picked":["Body Slam","Rage","Shockwave"],"picked":"SKIP","floor":4},{"not_picked":["Pummel","Entrench"],"picked":"Limit Break","floor":7},{"not_picked":["Shrug It Off","Clash"],"picked":"Inflame","floor":8},{"not_picked":["Blood for Blood","Body Slam"],"picked":"Cleave","floor":10},{"not_picked":["Battle Trance+1","Carnage","Shrug It Off+1"],"picked":"SKIP","floor":11},{"not_picked":["Fire Breathing","Wild Strike","Havoc+1"],"picked":"SKIP","floor":12},{"not_picked":["Clash","Havoc+1","True Grit+1"],"picked":"SKIP","floor":14},{"not_picked":["Exhume+1","Brutality"],"picked":"Feed","floor":16},{"not_picked":["Sword Boomerang+1","Corruption"],"picked":"Heavy Blade+1","floor":18},{"not_picked":["Sever Soul","Sword Boomerang","Twin Strike"],"picked":"SKIP","floor":21},{"not_picked":["Corruption+1","Perfected Strike"],"picked":"Seeing Red+1","floor":24},{"not_picked":["Heavy Blade","Clash","Warcry+1"],"picked":"SKIP","floor":25},{"not_picked":["Battle Trance+1","Metallicize","Sever Soul"],"picked":"SKIP","floor":35},{"not_picked":["Heavy Blade","Thunderclap+1","Rupture+1"],"picked":"SKIP","floor":35},{"not_picked":["Pummel","Perfected Strike+1","Sword Boomerang+1"],"picked":"SKIP","floor":37},{"not_picked":["Iron Wave+1","Whirlwind","Headbutt+1"],"picked":"SKIP","floor":37},{"not_picked":["Sword Boomerang","Body Slam"],"picked":"Inflame+1","floor":38},{"not_picked":["Dropkick","Clothesline","Perfected Strike"],"picked":"SKIP","floor":38},{"not_picked":["Wild Strike","Pommel Strike+1"],"picked":"Demon Form","floor":42},{"not_picked":["Havoc+1","Bloodletting+1","Body Slam+1"],"picked":"SKIP","floor":42}],"player_experience":292347,"relics_obtained":[{"floor":7,"key":"Ancient Tea Set"},{"floor":9,"key":"Toxic Egg 2"},{"floor":9,"key":"Self Forming Clay"},{"floor":17,"key":"Smiling Mask"},{"floor":17,"key":"Ice Cream"},{"floor":17,"key":"Pear"},{"floor":24,"key":"Bottled Flame"},{"floor":26,"key":"Kunai"},{"floor":26,"key":"Prayer Wheel"},{"floor":41,"key":"Du-Vu Doll"},{"floor":43,"key":"Question Card"},{"floor":44,"key":"Happy Flower"}],"event_choices":[{"damage_healed":0,"gold_gain":0,"player_choice":"Success","damage_taken":12,"relics_obtained":["Matryoshka"],"max_hp_gain":0,"max_hp_loss":0,"event_name":"Scrap Ooze","floor":2,"gold_loss":0},{"damage_healed":0,"gold_gain":0,"player_choice":"Lose Max HP","damage_taken":0,"relics_obtained":["Golden Idol"],"max_hp_gain":0,"max_hp_loss":6,"event_name":"Golden Idol","floor":3,"gold_loss":0},{"damage_healed":0,"gold_gain":0,"cards_transformed":["Strike_R"],"player_choice":"Transformed","damage_taken":0,"max_hp_gain":0,"max_hp_loss":0,"event_name":"Transmorgrifier","floor":5,"gold_loss":0,"cards_obtained":["Intimidate"]},{"damage_healed":0,"gold_gain":0,"player_choice":"Paid Fearfully","damage_taken":0,"max_hp_gain":0,"max_hp_loss":0,"event_name":"Masked Bandits","floor":19,"gold_loss":211},{"damage_healed":28,"gold_gain":0,"player_choice":"Heal","damage_taken":0,"max_hp_gain":0,"max_hp_loss":0,"event_name":"The Library","floor":20,"gold_loss":0},{"damage_healed":0,"gold_gain":99,"player_choice":"Stole From Cult","damage_taken":0,"max_hp_gain":0,"max_hp_loss":0,"event_name":"Nest","floor":28,"gold_loss":0},{"damage_healed":0,"gold_gain":0,"player_choice":"Simplicity","damage_taken":0,"max_hp_gain":0,"max_hp_loss":0,"event_name":"Back to Basics","floor":30,"gold_loss":0,"cards_upgraded":["Strike_R","Strike_R","Strike_R","Strike_R","Defend_R","Defend_R","Defend_R","Defend_R"]},{"damage_healed":0,"gold_gain":0,"player_choice":"Ignored","damage_taken":0,"max_hp_gain":0,"max_hp_loss":0,"event_name":"Transmorgrifier","floor":36,"gold_loss":0},{"damage_healed":0,"gold_gain":0,"player_choice":"Fight","damage_taken":0,"max_hp_gain":0,"max_hp_loss":0,"event_name":"MindBloom","floor":41,"gold_loss":0}],"is_beta":false,"boss_relics":[{"not_picked":["Snecko Eye","Black Star"],"picked":"Calling Bell"},{"not_picked":["Fusion Hammer","Orrery"],"picked":"Lizard Tail"}],"items_purged_floors":[13,27,29,39],"is_endless":false,"potions_floor_spawned":[1,8,12,14,21,24,35,37,42],"killed_by":"Spire Growth","ascension_level":7}