{"gold_per_floor":[216,231,156,168,179,210,175,209,209,209,224,224,251,269,269,367,367,384,300,317,58,74,74,101,101,101,101,101],"floor_reached":28,"playtime":1182,"items_purged":["Strike_B"],"score":274,"play_id":"d3826704-18a8-47aa-ab14-21cab91619c7","local_time":"20190905210734","is_ascension_mode":true,"campfire_choices":[{"data":"Go for the Eyes","floor":10,"key":"SMITH"},{"data":"Zap","floor":12,"key":"SMITH"},{"floor":15,"key":"REST"},{"data":"Apotheosis","floor":23,"key":"SMITH"},{"data":"White Noise","floor":25,"key":"SMITH"},{"data":"Loop","floor":27,"key":"SMITH"}],"neow_cost":"NONE","seed_source_timestamp":1757877065211500,"circlet_count":0,"master_deck":["Zap+1","Dualcast","Go for the Eyes+1","Sweeping Beam","Barrage","Cold Snap","Auto Shields","Reprogram","Cold Snap","Electrodynamics","Genetic Algorithm","Seek","Auto Shields","Melter","Hologram","All For One","Conserve Battery","White Noise+1","Loop+1","Leap","Swift Strike","Redo+1","Apotheosis+1","Rip and Tear","Glacier"],"relics":["Cracked Core","Nunchaku","Bottled Flame","Dodecahedron","Pear","Pandora\u0027s Box","Red Mask","Pantograph"],"potions_floor_usage":[6,6,13,16],"damage_taken":[{"damage":1,"enemies":"Cultist","floor":1,"turns":3},{"damage":7,"enemies":"Small Slimes","floor":2,"turns":3},{"damage":2,"enemies":"2 Louse","floor":4,"turns":2},{"damage":1,"enemies":"Looter","floor":5,"turns":3},{"damage":16,"enemies":"Lagavulin","floor":6,"turns":8},{"damage":22,"enemies":"Gremlin Nob","floor":8,"turns":5},{"damage":17,"enemies":"3 Louse","floor":11,"turns":3},{"damage":11,"enemies":"Lagavulin","floor":13,"turns":5},{"damage":7,"enemies":"Blue Slaver","floor":14,"turns":3},{"damage":22,"enemies":"Hexaghost","floor":16,"turns":12},{"damage":0,"enemies":"Chosen","floor":18,"turns":3},{"damage":13,"enemies":"Spheric Guardian","floor":20,"turns":4},{"damage":10,"enemies":"Snake Plant","floor":22,"turns":4},{"damage":8,"enemies":"Masked Bandits","floor":24,"turns":2},{"damage":65,"enemies":"Gremlin Leader","floor":28,"turns":6}],"seed_played":"4993287571794325047","potions_obtained":[{"floor":1,"key":"LiquidBronze"},{"floor":2,"key":"EssenceOfSteel"},{"floor":6,"key":"Strength Potion"},{"floor":14,"key":"Poison Potion"},{"floor":18,"key":"Poison Potion"},{"floor":22,"key":"Fire Potion"}],"is_trial":false,"path_per_floor":["M","M","$","M","M","E","?","E","T","R","M","R","E","M","R","B",null,"M","$","M","$","M","R","?","R","T","R","E"],"character_chosen":"DEFECT","items_purchased":["Swift Strike","Apotheosis","Rip and Tear"],"campfire_rested":1,"item_purchase_floors":[19,21,21],"current_hp_per_floor":[74,67,67,65,64,48,66,44,44,44,27,27,26,19,44,22,85,85,85,72,72,62,62,54,54,54,54,0],"gold":101,"neow_bonus":"HUNDRED_GOLD","is_prod":false,"is_daily":false,"chose_seed":false,"campfire_upgraded":5,"win_rate":0,"timestamp":1567710454,"path_taken":["M","M","$","?","M","E","?","E","T","R","M","R","E","M","R","BOSS","M","$","M","$","M","R","?","R","T","R","E"],"build_version":"2019-08-26","purchased_purges":1,"victory":false,"max_hp_per_floor":[75,75,75,75,75,75,75,75,75,75,75,75,85,85,85,85,85,85,85,85,85,85,85,85,85,85,85,85],"card_choices":[{"not_picked":["FTL","Rebound"],"picked":"Go for the Eyes","floor":1},{"not_picked":["Ball Lightning","Hologram"],"picked":"Sweeping Beam","floor":2},{"not_picked":["Beam Cell","Steam"],"picked":"Barrage","floor":4},{"not_picked":["Thunder Strike","Go for the Eyes"],"picked":"Cold Snap","floor":5},{"not_picked":["Consume","Gash"],"picked":"Auto Shields","floor":6},{"not_picked":["Rebound","Hologram"],"picked":"Reprogram","floor":8},{"not_picked":["Sweeping Beam","Chill"],"picked":"Cold Snap","floor":11},{"not_picked":["Streamline","Hyperbeam"],"picked":"Electrodynamics","floor":13},{"not_picked":["Streamline","Rebound"],"picked":"Genetic Algorithm","floor":14},{"not_picked":["Meteor Strike","Hyperbeam"],"picked":"Seek","floor":16},{"not_picked":["FTL","Gash"],"picked":"Leap","floor":18},{"not_picked":["Go for the Eyes","Streamline"],"picked":"Redo+1","floor":20},{"not_picked":["Coolheaded+1","Barrage","Genetic Algorithm"],"picked":"SKIP","floor":22},{"not_picked":["Heatsinks","Fusion"],"picked":"Glacier","floor":24}],"player_experience":146888,"relics_obtained":[{"floor":6,"key":"Nunchaku"},{"floor":8,"key":"Bottled Flame"},{"floor":9,"key":"Dodecahedron"},{"floor":13,"key":"Pear"},{"floor":24,"key":"Red Mask"},{"floor":26,"key":"Pantograph"}],"event_choices":[{"damage_healed":18,"gold_gain":0,"player_choice":"Healed","damage_taken":0,"max_hp_gain":0,"max_hp_loss":0,"event_name":"The Cleric","floor":7,"gold_loss":35},{"damage_healed":0,"gold_gain":0,"player_choice":"Fought Bandits","damage_taken":0,"max_hp_gain":0,"max_hp_loss":0,"event_name":"Masked Bandits","floor":24,"gold_loss":0}],"is_beta":true,"boss_relics":[{"not_picked":["Eternal Feather","Philosopher\u0027s Stone"],"picked":"Pandora\u0027s Box"}],"items_purged_floors":[3],"is_endless":false,"potions_floor_spawned":[1,2,6,14,18,22],"killed_by":"Gremlin Leader","ascension_level":3}