{"gold_per_floor":[367,104,121,121,137,163,163,197,197,197,210,227,240,258,258,354,354,367,385,121,71,35,55,55],"floor_reached":24,"playtime":1046,"items_purged":["Strike_R","Strike_R"],"score":252,"play_id":"2869a466-1301-4891-b152-1745d7dfd090","local_time":"20190903214715","is_ascension_mode":true,"campfire_choices":[{"data":"The Bomb","floor":7,"key":"SMITH"},{"floor":10,"key":"REST"},{"data":"Iron Wave","floor":15,"key":"SMITH"}],"neow_cost":"PERCENT_DAMAGE","seed_source_timestamp":1587594708757800,"circlet_count":0,"master_deck":["Strike_R","Strike_R","Defend_R","Defend_R","Defend_R","Defend_R","Bash","Cleave","The Bomb+1","Headbutt","Shrug It Off","Feed","Metallicize","Intimidate+1","Ghostly Armor+1","Iron Wave+1","Iron Wave+1","Madness+1","Metallicize","Metallicize","Armaments+1"],"relics":["Burning Blood","Pantograph","Singing Bowl","Toxic Egg 2","Black Star"],"potions_floor_usage":[24,24,24],"damage_taken":[{"damage":1,"enemies":"Cultist","floor":1,"turns":4},{"damage":7,"enemies":"Jaw Worm","floor":3,"turns":3},{"damage":0,"enemies":"2 Louse","floor":5,"turns":2},{"damage":12,"enemies":"3 Sentries","floor":6,"turns":3},{"damage":51,"enemies":"Gremlin Nob","floor":8,"turns":5},{"damage":24,"enemies":"Exordium Thugs","floor":11,"turns":4},{"damage":3,"enemies":"Exordium Wildlife","floor":12,"turns":3},{"damage":0,"enemies":"Large Slime","floor":13,"turns":3},{"damage":2,"enemies":"Blue Slaver","floor":14,"turns":6},{"damage":39,"enemies":"Hexaghost","floor":16,"turns":12},{"damage":14,"enemies":"3 Byrds","floor":18,"turns":3},{"damage":21,"enemies":"Shell Parasite","floor":19,"turns":10},{"damage":7,"enemies":"Centurion and Healer","floor":23,"turns":5},{"damage":107,"enemies":"Book of Stabbing","floor":24,"turns":10}],"seed_played":"5757401701775651558","potions_obtained":[{"floor":1,"key":"Ancient Potion"},{"floor":11,"key":"Regen Potion"},{"floor":12,"key":"Dexterity Potion"},{"floor":18,"key":"BloodPotion"}],"is_trial":false,"path_per_floor":["M","$","M","?","M","E","R","E","T","R","M","M","M","M","R","B",null,"M","M","$","?","$","M","E"],"character_chosen":"IRONCLAD","items_purchased":["The Bomb","Madness+1","Metallicize","Metallicize"],"campfire_rested":1,"item_purchase_floors":[2,20,20,22],"current_hp_per_floor":[61,61,60,60,66,60,60,17,17,41,26,29,35,39,39,33,87,81,66,66,66,66,65,0],"gold":55,"neow_bonus":"TWO_FIFTY_GOLD","is_prod":false,"is_daily":false,"chose_seed":false,"campfire_upgraded":2,"win_rate":0,"timestamp":1567540035,"path_taken":["M","$","?","?","M","E","R","E","T","R","M","?","M","M","R","BOSS","M","M","$","?","?","M","E"],"build_version":"2019-08-26","purchased_purges":2,"victory":false,"max_hp_per_floor":[80,80,80,80,80,80,80,82,82,82,85,85,85,85,85,87,87,89,89,89,89,89,89,89],"card_choices":[{"not_picked":["Infernal Blade","Twin Strike"],"picked":"Cleave","floor":1},{"not_picked":["Perfected Strike","True Grit"],"picked":"Headbutt","floor":3},{"not_picked":["Clash","Heavy Blade"],"picked":"Shrug It Off","floor":5},{"not_picked":["Dual Wield","Blood for Blood"],"picked":"Feed","floor":6},{"not_picked":["Evolve","Reckless Charge","Demon Form"],"picked":"Singing Bowl","floor":8},{"not_picked":["Anger","Wild Strike"],"picked":"Metallicize","floor":11},{"not_picked":["Rage+1","True Grit+1"],"picked":"Intimidate+1","floor":12},{"not_picked":["Inflame","Wild Strike"],"picked":"Ghostly Armor+1","floor":13},{"not_picked":["Rage+1","Clothesline"],"picked":"Iron Wave","floor":14},{"not_picked":["Dark Embrace","Limit Break+1","Bludgeon"],"picked":"Singing Bowl","floor":16},{"not_picked":["Warcry+1","Evolve","Clash"],"picked":"Singing Bowl","floor":18},{"not_picked":["Infernal Blade+1","Perfected Strike"],"picked":"Iron Wave+1","floor":19},{"not_picked":["Pommel Strike+1","Juggernaut"],"picked":"Armaments+1","floor":23}],"player_experience":144905,"relics_obtained":[{"floor":6,"key":"Pantograph"},{"floor":8,"key":"Singing Bowl"},{"floor":9,"key":"Toxic Egg 2"}],"event_choices":[{"cards_removed":["Strike_R"],"damage_healed":0,"gold_gain":0,"player_choice":"Purged","damage_taken":0,"max_hp_gain":0,"max_hp_loss":0,"event_name":"Purifier","floor":4,"gold_loss":0},{"damage_healed":0,"gold_gain":0,"player_choice":"Bet on Murderer","damage_taken":0,"max_hp_gain":0,"max_hp_loss":0,"event_name":"The Joust","floor":21,"gold_loss":50}],"is_beta":true,"boss_relics":[{"not_picked":["Pandora\u0027s Box","Orrery"],"picked":"Black Star"}],"items_purged_floors":[2,20],"is_endless":false,"potions_floor_spawned":[1,11,12,18,23],"killed_by":"Book of Stabbing","ascension_level":4}