{"gold_per_floor":[118,137,153,167,167,202,202,246,325,325,356,356,379,417,417,537,537,556,397,397,522,542,542],"floor_reached":23,"playtime":988,"items_purged":[],"score":230,"play_id":"17252572-b950-44dc-8b8f-d2ee5895eaec","local_time":"20190504132158","is_ascension_mode":true,"campfire_choices":[{"floor":7,"key":"REST"},{"data":"Demon Form","floor":12,"key":"SMITH"},{"floor":15,"key":"REST"}],"neow_cost":"TEN_PERCENT_HP_LOSS","seed_source_timestamp":7992867793500,"circlet_count":0,"master_deck":["Strike_R","Strike_R","Strike_R","Strike_R","Strike_R","Defend_R","Defend_R","Defend_R","Defend_R","Bash","Demon Form+1","Heavy Blade","Spot Weakness","Evolve","Flame Barrier","Shrug It Off","Anger","Bloodletting","Infernal Blade","Fiend Fire","Sword Boomerang","Limit Break","Havoc+1","Seeing Red"],"relics":["Burning Blood","Golden Idol","Boot","Pocketwatch","Shuriken","Omamori","Letter Opener","Busted Crown","Magic Flower","Bird Faced Urn","Mummified Hand"],"potions_floor_usage":[4,8,11,21,23],"damage_taken":[{"damage":1,"enemies":"Cultist","floor":1,"turns":4},{"damage":12,"enemies":"2 Louse","floor":2,"turns":3},{"damage":10,"enemies":"Jaw Worm","floor":3,"turns":5},{"damage":9,"enemies":"3 Louse","floor":4,"turns":3},{"damage":32,"enemies":"Gremlin Nob","floor":6,"turns":5},{"damage":35,"enemies":"3 Sentries","floor":8,"turns":7},{"damage":25,"enemies":"Gremlin Nob","floor":11,"turns":5},{"damage":5,"enemies":"Looter","floor":13,"turns":3},{"damage":24,"enemies":"3 Sentries","floor":14,"turns":7},{"damage":32,"enemies":"Hexaghost","floor":16,"turns":6},{"damage":9,"enemies":"Chosen","floor":18,"turns":6},{"damage":25,"enemies":"Colosseum Slavers","floor":21,"turns":4},{"damage":23,"enemies":"Colosseum Nobs","floor":21,"turns":4},{"damage":21,"enemies":"Spheric Guardian","floor":22,"turns":4},{"damage":25,"enemies":"Slavers","floor":23,"turns":2}],"seed_played":"7568363235762533591","potions_obtained":[{"floor":2,"key":"SkillPotion"},{"floor":4,"key":"Regen Potion"},{"floor":6,"key":"Explosive Potion"},{"floor":16,"key":"AttackPotion"},{"floor":21,"key":"GamblersBrew"},{"floor":22,"key":"Strength Potion"}],"is_trial":false,"path_per_floor":["M","M","M","M","?","E","R","E","T","?","E","R","M","E","R","B",null,"M","$","?","?","M","E"],"character_chosen":"IRONCLAD","items_purchased":["Limit Break"],"campfire_rested":2,"item_purchase_floors":[19],"current_hp_per_floor":[72,66,62,59,59,33,53,39,39,61,42,42,43,25,45,19,67,64,64,64,34,25,0],"gold":542,"neow_bonus":"THREE_RARE_CARDS","is_prod":false,"is_daily":false,"chose_seed":false,"campfire_upgraded":1,"win_rate":0,"timestamp":1556968918,"path_taken":["M","?","M","M","?","E","R","E","T","?","E","R","M","E","R","BOSS","M","$","?","?","M","E"],"build_version":"2019-04-23","purchased_purges":0,"victory":false,"max_hp_per_floor":[72,72,72,72,67,67,67,67,67,67,67,67,67,67,67,67,67,67,67,67,67,67,67],"card_choices":[{"not_picked":["Limit Break","Berserk"],"picked":"Demon Form","floor":0},{"not_picked":["Feel No Pain","Sword Boomerang"],"picked":"Heavy Blade","floor":1},{"not_picked":["Perfected Strike","Clash","Thunderclap"],"picked":"SKIP","floor":2},{"not_picked":["Searing Blow","Armaments"],"picked":"Spot Weakness","floor":3},{"not_picked":["Warcry","Clothesline"],"picked":"Evolve","floor":4},{"not_picked":["Power Through","Body Slam"],"picked":"Flame Barrier","floor":6},{"not_picked":["Exhume","Havoc"],"picked":"Shrug It Off","floor":8},{"not_picked":["Iron Wave","Cleave"],"picked":"Anger","floor":11},{"not_picked":["Wild Strike","Dual Wield"],"picked":"Bloodletting","floor":13},{"not_picked":["Ghostly Armor","Iron Wave"],"picked":"Infernal Blade","floor":14},{"not_picked":["Dark Embrace","Barricade"],"picked":"Fiend Fire","floor":16},{"not_picked":[],"picked":"Sword Boomerang","floor":18},{"not_picked":[],"picked":"Havoc+1","floor":21},{"not_picked":[],"picked":"Seeing Red","floor":22}],"player_experience":49786,"relics_obtained":[{"floor":6,"key":"Boot"},{"floor":8,"key":"Pocketwatch"},{"floor":9,"key":"Shuriken"},{"floor":11,"key":"Omamori"},{"floor":14,"key":"Letter Opener"},{"floor":21,"key":"Bird Faced Urn"},{"floor":21,"key":"Mummified Hand"}],"event_choices":[{"damage_healed":0,"gold_gain":0,"player_choice":"Lose Max HP","damage_taken":0,"relics_obtained":["Golden Idol"],"max_hp_gain":0,"max_hp_loss":5,"event_name":"Golden Idol","floor":5,"gold_loss":0},{"damage_healed":22,"gold_gain":0,"player_choice":"Banana","damage_taken":0,"max_hp_gain":0,"max_hp_loss":0,"event_name":"Big Fish","floor":10,"gold_loss":0},{"damage_healed":0,"gold_gain":0,"player_choice":"Opened","damage_taken":0,"relics_obtained":["Magic Flower"],"max_hp_gain":0,"max_hp_loss":0,"event_name":"The Mausoleum","floor":20,"gold_loss":0},{"damage_healed":0,"gold_gain":0,"player_choice":"Fight","damage_taken":0,"max_hp_gain":0,"max_hp_loss":0,"event_name":"Colosseum","floor":21,"gold_loss":0},{"damage_healed":0,"gold_gain":0,"player_choice":"Fought Nobs","damage_taken":0,"max_hp_gain":0,"max_hp_loss":0,"event_name":"Colosseum","floor":21,"gold_loss":0}],"is_beta":true,"boss_relics":[{"not_picked":["Astrolabe","Black Blood"],"picked":"Busted Crown"}],"items_purged_floors":[],"is_endless":false,"potions_floor_spawned":[2,4,6,16,21,22],"killed_by":"Slavers","ascension_level":1}