{"gold_per_floor":[113,133,43,7,7,7,38,58,84,124,146,189,201,225,237,348,360,389,401,423,435,462,509,538,550,589,601,626,670,682,714,726,835,847,872,984,996,1024,14,41,141,168,246,257,257],"floor_reached":45,"playtime":2274,"items_purged":[],"score":664,"play_id":"6de09107-08b4-473f-9e85-3e6621b95f0a","local_time":"20190620210250","is_ascension_mode":true,"campfire_choices":[{"data":"Sunder","floor":6,"key":"SMITH"},{"floor":15,"key":"REST"},{"floor":25,"key":"REST"},{"floor":30,"key":"REST"},{"data":"Barrage","floor":32,"key":"SMITH"}],"neow_cost":"NONE","seed_source_timestamp":2687072685604500,"circlet_count":0,"master_deck":["Strike_B+1","Strike_B+1","Strike_B+1","Defend_B+1","Defend_B+1","Defend_B+1","Defend_B+1","Zap","Dualcast","Reinforced Body","Capacitor","Bandage Up","Sunder+1","Auto Shields","Capacitor","Conserve Battery","Hologram","Chill+1","Ball Lightning","Core Surge","Tempest","Lockon","RitualDagger","Rebound","Coolheaded+1","BootSequence+1","White Noise","Static Discharge","Barrage+1","Electrodynamics","Reprogram+1","Hologram","Biased Cognition","Meteor Strike","Leap","Redo","Rebound","Barrage","Barrage","Decay","Hologram+1"],"relics":["FrozenCore","NeowsBlessing","Happy Flower","Lantern","MawBank","Omamori","PreservedInsect","WarpedTongs","Cursed Key","Boot","War Paint","Strawberry","Turnip","Calipers","Medical Kit","Art of War","Dream Catcher","Vajra","Blue Candle"],"potions_floor_usage":[12,20,22,24,24,29,31,33,33,36,40,40,42],"damage_taken":[{"damage":0,"enemies":"Cultist","floor":1,"turns":1},{"damage":0,"enemies":"Small Slimes","floor":2,"turns":1},{"damage":0,"enemies":"3 Sentries","floor":7,"turns":1},{"damage":0,"enemies":"2 Louse","floor":8,"turns":2},{"damage":31,"enemies":"Lagavulin","floor":10,"turns":9},{"damage":0,"enemies":"Large Slime","floor":11,"turns":5},{"damage":25,"enemies":"Gremlin Nob","floor":12,"turns":5},{"damage":4,"enemies":"3 Louse","floor":14,"turns":4},{"damage":22,"enemies":"Hexaghost","floor":16,"turns":9},{"damage":28,"enemies":"2 Thieves","floor":18,"turns":4},{"damage":2,"enemies":"3 Byrds","floor":20,"turns":4},{"damage":16,"enemies":"3 Cultists","floor":22,"turns":5},{"damage":25,"enemies":"Gremlin Leader","floor":23,"turns":5},{"damage":19,"enemies":"Shelled Parasite and Fungi","floor":24,"turns":5},{"damage":1,"enemies":"Snake Plant","floor":28,"turns":3},{"damage":15,"enemies":"Book of Stabbing","floor":29,"turns":5},{"damage":4,"enemies":"3 Cultists","floor":31,"turns":7},{"damage":67,"enemies":"Automaton","floor":33,"turns":10},{"damage":1,"enemies":"Orb Walker","floor":35,"turns":4},{"damage":14,"enemies":"Mind Bloom Boss Battle","floor":36,"turns":7},{"damage":0,"enemies":"3 Shapes","floor":38,"turns":2},{"damage":4,"enemies":"Giant Head","floor":40,"turns":9},{"damage":62,"enemies":"Nemesis","floor":42,"turns":5},{"damage":18,"enemies":"Sphere and 2 Shapes","floor":44,"turns":6},{"damage":10,"enemies":"Reptomancer","floor":45,"turns":2}],"seed_played":"-4976338877676912843","potions_obtained":[{"floor":1,"key":"Regen Potion"},{"floor":2,"key":"Block Potion"},{"floor":7,"key":"SteroidPotion"},{"floor":10,"key":"Explosive Potion"},{"floor":16,"key":"Fire Potion"},{"floor":20,"key":"SteroidPotion"},{"floor":23,"key":"Swift Potion"},{"floor":24,"key":"GamblersBrew"},{"floor":29,"key":"FairyPotion"},{"floor":31,"key":"EntropicBrew"},{"floor":33,"key":"Block Potion"},{"floor":36,"key":"FearPotion"},{"floor":38,"key":"Swift Potion"}],"is_trial":false,"path_per_floor":["M","M","$","$","?","R","E","M","T","E","M","E","?","M","R","B",null,"M","?","M","?","M","E","M","R","T","$","M","E","R","M","R","B",null,"M","?","?","M","$","E","?","E","T","M","E"],"character_chosen":"DEFECT","items_purchased":["Bandage Up","Sunder","Biased Cognition","Calipers","Meteor Strike","Medical Kit","Leap","Redo","Art of War","Rebound"],"campfire_rested":3,"item_purchase_floors":[3,4,39,39,39,39,39,39,39,39],"current_hp_per_floor":[75,75,75,75,75,75,75,75,75,48,52,31,31,31,53,35,75,51,51,55,49,39,18,3,25,25,25,30,26,50,50,50,8,82,82,74,74,74,74,74,74,16,16,2,0],"gold":257,"neow_bonus":"THREE_ENEMY_KILL","is_prod":false,"is_daily":false,"chose_seed":false,"campfire_upgraded":2,"win_rate":0,"timestamp":1561057370,"path_taken":["M","M","?","$","?","R","E","?","T","E","M","E","?","M","R","BOSS","M","?","M","?","M","E","M","R","T","$","M","E","R","M","R","BOSS","M","?","?","M","$","E","?","E","T","M","E"],"build_version":"2019-06-19","purchased_purges":0,"victory":false,"max_hp_per_floor":[75,75,75,75,75,75,75,75,75,75,75,75,75,75,75,75,75,75,75,75,75,75,75,75,75,75,75,75,82,82,82,82,82,82,82,82,82,82,82,82,82,82,82,82,82],"card_choices":[{"not_picked":["Turbo","Undo"],"picked":"Reinforced Body","floor":1},{"not_picked":["Gash","Stack"],"picked":"Capacitor","floor":2},{"not_picked":["Storm","Steam"],"picked":"Auto Shields","floor":7},{"not_picked":["Coolheaded","Hologram"],"picked":"Capacitor","floor":8},{"not_picked":["Cold Snap","Sweeping Beam"],"picked":"Conserve Battery","floor":10},{"not_picked":["Ball Lightning","Streamline"],"picked":"Hologram","floor":11},{"not_picked":["Hello World","Buffer"],"picked":"Chill","floor":12},{"not_picked":["Auto Shields","Beam Cell"],"picked":"Ball Lightning","floor":14},{"not_picked":["Hyperbeam","Meteor Strike"],"picked":"Core Surge","floor":16},{"not_picked":["Redo+1","Beam Cell"],"picked":"Tempest","floor":18},{"not_picked":["Redo+1","White Noise"],"picked":"Lockon","floor":20},{"not_picked":["Coolheaded","Aggregate"],"picked":"Rebound","floor":22},{"not_picked":["Sweeping Beam+1","Conserve Battery"],"picked":"Coolheaded","floor":23},{"not_picked":["Leap","Chaos"],"picked":"BootSequence+1","floor":24},{"not_picked":["Compile Driver","Storm"],"picked":"White Noise","floor":28},{"not_picked":["Core Surge","Darkness+1"],"picked":"Static Discharge","floor":29},{"not_picked":["Undo","Sweeping Beam+1"],"picked":"Barrage","floor":31},{"not_picked":["All For One","Fission"],"picked":"Electrodynamics","floor":33},{"not_picked":["Steam","Cold Snap"],"picked":"Reprogram+1","floor":35},{"not_picked":["Heatsinks","Ball Lightning"],"picked":"Hologram","floor":38},{"not_picked":["Coolheaded+1","Compile Driver+1"],"picked":"Barrage","floor":40},{"not_picked":["Turbo","Chill"],"picked":"Barrage","floor":42},{"not_picked":["Compile Driver","Aggregate"],"picked":"Hologram+1","floor":44}],"player_experience":107699,"relics_obtained":[{"floor":7,"key":"Lantern"},{"floor":9,"key":"MawBank"},{"floor":10,"key":"Omamori"},{"floor":12,"key":"PreservedInsect"},{"floor":23,"key":"Boot"},{"floor":26,"key":"War Paint"},{"floor":29,"key":"Strawberry"},{"floor":36,"key":"Turnip"},{"floor":40,"key":"Dream Catcher"},{"floor":42,"key":"Vajra"},{"floor":43,"key":"Blue Candle"}],"event_choices":[{"damage_healed":0,"gold_gain":0,"player_choice":"Gave Potion","damage_taken":0,"relics_obtained":["Happy Flower"],"max_hp_gain":0,"max_hp_loss":0,"event_name":"WeMeetAgain","floor":5,"gold_loss":0},{"damage_healed":0,"gold_gain":0,"player_choice":"Rummage","damage_taken":0,"relics_obtained":["WarpedTongs"],"max_hp_gain":0,"max_hp_loss":0,"event_name":"Accursed Blacksmith","floor":13,"gold_loss":0,"cards_obtained":["Pain"]},{"damage_healed":0,"gold_gain":0,"player_choice":"Simplicity","damage_taken":0,"max_hp_gain":0,"max_hp_loss":0,"event_name":"Back to Basics","floor":19,"gold_loss":0,"cards_upgraded":["Strike_B","Strike_B","Strike_B","Strike_B","Defend_B","Defend_B","Defend_B","Defend_B"]},{"damage_healed":0,"gold_gain":0,"player_choice":"Joined the Cult","damage_taken":6,"max_hp_gain":0,"max_hp_loss":0,"event_name":"Nest","floor":21,"gold_loss":0,"cards_obtained":["RitualDagger"]},{"damage_healed":0,"gold_gain":0,"player_choice":"Fight","damage_taken":0,"max_hp_gain":0,"max_hp_loss":0,"event_name":"MindBloom","floor":36,"gold_loss":0},{"cards_removed":["Strike_B"],"damage_healed":0,"gold_gain":0,"player_choice":"Removed Attack","damage_taken":0,"max_hp_gain":0,"max_hp_loss":0,"event_name":"Falling","floor":37,"gold_loss":0},{"damage_healed":0,"gold_gain":100,"player_choice":"Pray","damage_taken":0,"max_hp_gain":0,"max_hp_loss":0,"event_name":"Golden Shrine","floor":41,"gold_loss":0}],"is_beta":true,"boss_relics":[{"not_picked":["Pandora\u0027s Box","White Beast Statue"],"picked":"Cursed Key"},{"not_picked":["Tiny House","Busted Crown"],"picked":"FrozenCore"}],"items_purged_floors":[],"is_endless":false,"potions_floor_spawned":[1,2,7,10,16,20,23,24,29,31,33,36,38],"killed_by":"Reptomancer","ascension_level":2}