{"gold_per_floor":[113,113,185,195,215,215,232,245,300,300,325,325,341,357,357,452,452,467,238,251,262,262,262,262,279,279,294,294,294,320,320],"floor_reached":31,"playtime":830,"items_purged":["Strike_R"],"score":349,"play_id":"43ae5f66-7f29-4990-8fd7-062a11904f23","local_time":"20191020220620","is_ascension_mode":true,"campfire_choices":[{"data":"Body Slam","floor":6,"key":"SMITH"},{"data":"Thunderclap","floor":10,"key":"SMITH"},{"data":"Shrug It Off","floor":12,"key":"SMITH"},{"data":"Shrug It Off","floor":15,"key":"SMITH"},{"floor":23,"key":"REST"},{"floor":28,"key":"REST"}],"neow_cost":"NONE","seed_source_timestamp":724689570094900,"circlet_count":0,"master_deck":["Strike_R","Strike_R","Strike_R","Strike_R","Defend_R","Defend_R","Defend_R","Defend_R","Bash+1","Shrug It Off+1","Body Slam+1","Thunderclap+1","Shrug It Off+1","Armaments+1","Hemokinesis","Wild Strike","Cleave","Body Slam"],"relics":["Burning Blood","NeowsBlessing","Orichalcum","Omamori","Lizard Tail","Vajra","MutagenicStrength","Anchor","Nilry\u0027s Codex","The Courier"],"potions_floor_usage":[7,16,21,21,30],"damage_taken":[{"damage":0,"enemies":"Jaw Worm","floor":1,"turns":1},{"damage":0,"enemies":"2 Louse","floor":4,"turns":1},{"damage":0,"enemies":"Small Slimes","floor":5,"turns":1},{"damage":1,"enemies":"Blue Slaver","floor":7,"turns":4},{"damage":16,"enemies":"2 Fungi Beasts","floor":8,"turns":3},{"damage":11,"enemies":"Looter","floor":13,"turns":3},{"damage":8,"enemies":"3 Louse","floor":14,"turns":3},{"damage":48,"enemies":"The Guardian","floor":16,"turns":13},{"damage":42,"enemies":"Spheric Guardian","floor":18,"turns":7},{"damage":24,"enemies":"Shell Parasite","floor":20,"turns":8},{"damage":24,"enemies":"Shelled Parasite and Fungi","floor":21,"turns":10},{"damage":19,"enemies":"Snake Plant","floor":25,"turns":3},{"damage":30,"enemies":"Snecko","floor":27,"turns":6},{"damage":39,"enemies":"Book of Stabbing","floor":30,"turns":5},{"damage":16,"enemies":"Centurion and Healer","floor":31,"turns":3}],"seed_played":"-1938023409846395885","potions_obtained":[{"floor":5,"key":"EssenceOfSteel"},{"floor":7,"key":"FairyPotion"},{"floor":14,"key":"Weak Potion"},{"floor":16,"key":"Ancient Potion"},{"floor":18,"key":"Block Potion"},{"floor":20,"key":"Dexterity Potion"},{"floor":27,"key":"Swift Potion"}],"is_trial":false,"path_per_floor":["M","?","?","M","M","R","M","M","T","R","T","R","M","M","R","B",null,"M","$","M","M","?","R","?","M","T","M","R","?","E","M"],"character_chosen":"IRONCLAD","items_purchased":["Vajra"],"campfire_rested":2,"item_purchase_floors":[19],"current_hp_per_floor":[78,78,78,80,80,80,80,70,70,70,70,70,65,63,63,21,65,29,29,11,8,8,32,32,19,19,38,62,46,13,0],"gold":320,"neow_bonus":"THREE_ENEMY_KILL","is_prod":false,"is_daily":false,"chose_seed":false,"campfire_upgraded":4,"win_rate":0,"timestamp":1571627180,"path_taken":["M","?","?","M","M","R","M","M","T","R","?","R","M","M","R","BOSS","M","$","M","M","?","R","?","?","T","M","R","?","E","M"],"build_version":"2019-07-17","purchased_purges":1,"victory":false,"max_hp_per_floor":[80,80,80,80,80,80,80,80,80,80,80,80,80,80,80,80,80,80,80,80,80,80,80,80,80,80,80,80,80,80,80],"card_choices":[{"not_picked":["Clash","Anger"],"picked":"Shrug It Off","floor":1},{"not_picked":["Combust","Flame Barrier"],"picked":"Body Slam","floor":4},{"not_picked":["Warcry","Burning Pact","Flex"],"picked":"SKIP","floor":5},{"not_picked":["Clothesline","Wild Strike"],"picked":"Thunderclap","floor":7},{"not_picked":["Havoc","Burning Pact","Headbutt"],"picked":"SKIP","floor":8},{"not_picked":["Sentinel","Shockwave","Disarm"],"picked":"SKIP","floor":13},{"not_picked":["Limit Break","Wild Strike"],"picked":"Shrug It Off","floor":14},{"not_picked":["Infernal Blade","Sword Boomerang","Intimidate"],"picked":"SKIP","floor":18},{"not_picked":["Havoc","Thunderclap","Rage+1"],"picked":"SKIP","floor":20},{"not_picked":["Power Through+1","Heavy Blade+1"],"picked":"Armaments+1","floor":21},{"not_picked":["Heavy Blade","Wild Strike+1"],"picked":"Cleave","floor":25},{"not_picked":["Warcry+1","Anger"],"picked":"Body Slam","floor":27},{"not_picked":["Twin Strike","Infernal Blade","Entrench"],"picked":"SKIP","floor":30}],"player_experience":328895,"relics_obtained":[{"floor":9,"key":"Orichalcum"},{"floor":11,"key":"Omamori"},{"floor":26,"key":"Anchor"},{"floor":29,"key":"Nilry\u0027s Codex"},{"floor":30,"key":"The Courier"}],"event_choices":[{"damage_healed":0,"gold_gain":0,"player_choice":"Grow","damage_taken":0,"max_hp_gain":0,"max_hp_loss":0,"event_name":"Living Wall","floor":2,"gold_loss":0,"cards_upgraded":["Bash"]},{"damage_healed":0,"gold_gain":72,"player_choice":"Gained Gold","damage_taken":0,"max_hp_gain":0,"max_hp_loss":0,"event_name":"Golden Wing","floor":3,"gold_loss":0},{"damage_healed":0,"gold_gain":0,"player_choice":"Inject Mutagens","damage_taken":0,"relics_obtained":["MutagenicStrength"],"max_hp_gain":0,"max_hp_loss":0,"event_name":"Drug Dealer","floor":22,"gold_loss":0},{"damage_healed":0,"gold_gain":0,"player_choice":"2 cards matched","damage_taken":0,"max_hp_gain":0,"max_hp_loss":0,"event_name":"Match and Keep!","floor":24,"gold_loss":0,"cards_obtained":["Hemokinesis","Wild Strike"]},{"damage_healed":0,"gold_gain":0,"player_choice":"Obtained Book","damage_taken":16,"max_hp_gain":0,"max_hp_loss":0,"event_name":"Cursed Tome","floor":29,"gold_loss":0}],"is_beta":false,"boss_relics":[{"not_picked":["Orrery","Coffee Dripper"],"picked":"Lizard Tail"}],"items_purged_floors":[19],"is_endless":false,"potions_floor_spawned":[5,7,14,16,18,20,27],"killed_by":"Centurion and Healer","ascension_level":8}