{"gold_per_floor":[112,112,131,82,92,120,120,136,136,151,151,151,177,177,177,279,279,294,294,294,308,319,353,366,45,45,45,64,76,76,93,93,194,194,212,228,228,228,94,126,137,137,137,137,147,157,172,186,186,186],"floor_reached":51,"playtime":3126,"items_purged":[],"score":790,"play_id":"5ad5ac1f-efdc-4755-9329-db98e6ce0bf6","local_time":"20190503235711","is_ascension_mode":false,"campfire_choices":[{"data":"Blade Dance","floor":7,"key":"SMITH"},{"data":"Blade Dance","floor":11,"key":"SMITH"},{"data":"Leg Sweep","floor":15,"key":"SMITH"},{"data":"After Image","floor":27,"key":"SMITH"},{"data":"Choke","floor":32,"key":"SMITH"},{"data":"Parasite","floor":42,"key":"PURGE"},{"floor":49,"key":"REST"}],"neow_cost":"NONE","seed_source_timestamp":1382491741783300,"circlet_count":0,"master_deck":["Defend_G","Defend_G","Defend_G","Defend_G","Defend_G","Strike_G","Strike_G","Strike_G","Strike_G","Strike_G","Survivor","Choke+1","Blade Dance+1","Leg Sweep+1","Backstab","Outmaneuver","Blade Dance+1","Dodge and Roll","After Image+1","Slice","Blur","Blade Dance","Dodge and Roll","Deflect","Infinite Blades+1","Blade Dance+1","Well Laid Plans+1","Tools of the Trade+1","Prepared+1","Quick Slash+1","Infinite Blades+1","Quick Slash","Finisher+1","Finisher","Sucker Punch+1","Deflect+1","Backflip+1","Quick Slash"],"relics":["Ring of the Snake","Regal Pillow","Kunai","Letter Opener","Meat on the Bone","Question Card","Peace Pipe","Philosopher\u0027s Stone","FossilizedHelix","Frozen Egg 2","Darkstone Periapt","Shuriken","HoveringKite","Vajra","Pear"],"potions_floor_usage":[13,16,22,23,31,35,35,37,47,48,50,50],"damage_taken":[{"damage":0,"enemies":"2 Louse","floor":1,"turns":3},{"damage":0,"enemies":"Cultist","floor":3,"turns":5},{"damage":1,"enemies":"Jaw Worm","floor":5,"turns":3},{"damage":33,"enemies":"3 Sentries","floor":6,"turns":15},{"damage":0,"enemies":"3 Louse","floor":8,"turns":4},{"damage":5,"enemies":"Exordium Wildlife","floor":10,"turns":3},{"damage":2,"enemies":"Gremlin Nob","floor":13,"turns":4},{"damage":16,"enemies":"Hexaghost","floor":16,"turns":16},{"damage":13,"enemies":"Spheric Guardian","floor":18,"turns":4},{"damage":0,"enemies":"Chosen","floor":21,"turns":6},{"damage":25,"enemies":"Shelled Parasite and Fungi","floor":22,"turns":4},{"damage":33,"enemies":"Gremlin Leader","floor":23,"turns":8},{"damage":0,"enemies":"Centurion and Healer","floor":24,"turns":6},{"damage":0,"enemies":"Snecko","floor":28,"turns":8},{"damage":7,"enemies":"Shelled Parasite and Fungi","floor":29,"turns":5},{"damage":8,"enemies":"Snake Plant","floor":31,"turns":4},{"damage":0,"enemies":"Automaton","floor":33,"turns":9},{"damage":20,"enemies":"3 Darklings","floor":35,"turns":10},{"damage":6,"enemies":"Orb Walker","floor":36,"turns":4},{"damage":5,"enemies":"Sphere and 2 Shapes","floor":37,"turns":1},{"damage":13,"enemies":"Nemesis","floor":40,"turns":9},{"damage":0,"enemies":"Writhing Mass","floor":41,"turns":6},{"damage":0,"enemies":"Spire Growth","floor":45,"turns":4},{"damage":0,"enemies":"Maw","floor":46,"turns":7},{"damage":0,"enemies":"Sphere and 2 Shapes","floor":47,"turns":5},{"damage":11,"enemies":"Jaw Worm Horde","floor":48,"turns":5},{"damage":63,"enemies":"Awakened One","floor":50,"turns":13}],"seed_played":"2645028282996160944","potions_obtained":[{"floor":1,"key":"GamblersBrew"},{"floor":8,"key":"PowerPotion"},{"floor":10,"key":"GhostInAJar"},{"floor":13,"key":"Dexterity Potion"},{"floor":18,"key":"SteroidPotion"},{"floor":20,"key":"GamblersBrew"},{"floor":20,"key":"SmokeBomb"},{"floor":28,"key":"AttackPotion"},{"floor":31,"key":"PowerPotion"},{"floor":33,"key":"Poison Potion"},{"floor":36,"key":"Dexterity Potion"},{"floor":40,"key":"EssenceOfSteel"},{"floor":46,"key":"Poison Potion"},{"floor":47,"key":"PowerPotion"},{"floor":48,"key":"Regen Potion"}],"is_trial":false,"path_per_floor":["M","?","M","$","M","E","R","M","T","M","R","?","E","?","R","B",null,"M","?","?","M","M","E","M","$","T","R","M","M","T","M","R","B",null,"M","M","M","?","$","E","M","R","T","?","M","M","M","M","R","B",null],"character_chosen":"THE_SILENT","items_purchased":["Blade Dance","Frozen Egg 2","Infinite Blades+1","Infinite Blades+1","Quick Slash"],"campfire_rested":1,"item_purchase_floors":[4,25,25,39,39],"current_hp_per_floor":[70,70,70,70,69,36,36,36,36,43,43,43,41,23,23,19,70,57,57,57,57,44,23,35,35,35,35,47,40,40,44,44,44,70,50,44,39,39,39,38,44,44,54,54,54,54,54,43,82,46],"gold":186,"neow_bonus":"RANDOM_COMMON_RELIC","is_prod":false,"is_daily":false,"chose_seed":false,"campfire_upgraded":5,"win_rate":0.0,"timestamp":1556920631,"path_taken":["M","?","M","$","M","E","R","M","T","?","R","?","E","?","R","BOSS","M","?","?","M","M","E","M","$","T","R","M","?","?","M","R","BOSS","M","M","M","?","$","E","M","R","T","?","M","M","M","M","R","BOSS"],"build_version":"2019-04-23","purchased_purges":0,"victory":true,"max_hp_per_floor":[70,70,70,70,70,70,70,70,70,70,70,70,70,70,70,70,70,70,70,70,70,70,70,70,70,70,70,70,70,70,70,70,70,70,70,70,70,70,70,70,76,73,83,83,83,83,83,83,83,83],"card_choices":[{"not_picked":["Masterful Stab","Acrobatics"],"picked":"Dash","floor":1},{"not_picked":["Backflip","Bouncing Flask"],"picked":"Choke","floor":3},{"not_picked":["Distraction","Dash"],"picked":"Leg Sweep","floor":5},{"not_picked":["Eviscerate","Heel Hook"],"picked":"Backstab","floor":6},{"not_picked":["Bane","Eviscerate"],"picked":"Outmaneuver","floor":8},{"not_picked":["Quick Slash","Crippling Poison"],"picked":"Blade Dance","floor":10},{"not_picked":["Poisoned Stab","Backflip"],"picked":"Dodge and Roll","floor":13},{"not_picked":["Glass Knife","Bullet Time","Doppelganger"],"picked":"After Image","floor":16},{"not_picked":["Reflex","Acrobatics","Choke"],"picked":"Slice","floor":18},{"not_picked":["Sucker Punch","Dagger Spray","Choke"],"picked":"Blur","floor":21},{"not_picked":["Outmaneuver","Skewer","Deadly Poison"],"picked":"Blade Dance","floor":22},{"not_picked":["Predator","Noxious Fumes","PiercingWail"],"picked":"Dodge and Roll","floor":23},{"not_picked":["Crippling Poison+1","Heel Hook","Outmaneuver"],"picked":"Deflect","floor":24},{"not_picked":["Reflex","Bouncing Flask+1","Outmaneuver+1"],"picked":"Blade Dance+1","floor":28},{"not_picked":["Noxious Fumes+1","Bouncing Flask","Bane","Poisoned Stab+1"],"picked":"SKIP","floor":29},{"not_picked":["Prepared","Underhanded Strike","Backflip"],"picked":"Well Laid Plans+1","floor":31},{"not_picked":["Night Terror","Adrenaline","Venomology"],"picked":"Tools of the Trade+1","floor":33},{"not_picked":["Underhanded Strike","Leg Sweep","Deflect"],"picked":"Prepared+1","floor":35},{"not_picked":["Outmaneuver+1","Poisoned Stab","Flying Knee"],"picked":"Quick Slash+1","floor":36},{"not_picked":["Leg Sweep+1","Deadly Poison+1","Expertise"],"picked":"Finisher+1","floor":40},{"not_picked":["Catalyst","Dagger Throw","Prepared"],"picked":"Finisher","floor":41},{"not_picked":["Unload","Underhanded Strike+1","Bane"],"picked":"Sucker Punch+1","floor":45},{"not_picked":["Dagger Spray+1","Prepared","Eviscerate"],"picked":"Deflect+1","floor":46},{"not_picked":["Prepared+1","Expertise+1","Outmaneuver+1"],"picked":"Backflip+1","floor":47},{"not_picked":["Dagger Spray","Poisoned Stab+1","Flying Knee"],"picked":"Quick Slash","floor":48}],"player_experience":36119,"relics_obtained":[{"floor":6,"key":"Letter Opener"},{"floor":9,"key":"Meat on the Bone"},{"floor":13,"key":"Question Card"},{"floor":23,"key":"FossilizedHelix"},{"floor":26,"key":"Darkstone Periapt"},{"floor":30,"key":"Shuriken"},{"floor":40,"key":"Vajra"},{"floor":43,"key":"Pear"}],"event_choices":[{"cards_removed":["Dash"],"damage_healed":0,"gold_gain":0,"player_choice":"Gave Card","damage_taken":0,"relics_obtained":["Kunai"],"max_hp_gain":0,"max_hp_loss":0,"event_name":"WeMeetAgain","floor":2,"gold_loss":0},{"damage_healed":0,"gold_gain":0,"player_choice":"Ignored","damage_taken":0,"max_hp_gain":0,"max_hp_loss":0,"event_name":"Liars Game","floor":12,"gold_loss":0},{"damage_healed":0,"gold_gain":0,"player_choice":"Success","damage_taken":18,"relics_obtained":["Peace Pipe"],"max_hp_gain":0,"max_hp_loss":0,"event_name":"Scrap Ooze","floor":14,"gold_loss":0},{"damage_healed":0,"gold_gain":0,"player_choice":"Ignored","damage_taken":0,"max_hp_gain":0,"max_hp_loss":0,"event_name":"Ghosts","floor":19,"gold_loss":0},{"damage_healed":0,"gold_gain":0,"player_choice":"Got Potions","damage_taken":0,"max_hp_gain":0,"max_hp_loss":0,"event_name":"Lab","floor":20,"gold_loss":0},{"damage_healed":0,"gold_gain":0,"player_choice":"Ignored","damage_taken":0,"max_hp_gain":0,"max_hp_loss":0,"event_name":"Tomb of Lord Red Mask","floor":38,"gold_loss":0},{"cards_removed":["Neutralize"],"damage_healed":0,"gold_gain":0,"player_choice":"Removed Attack","damage_taken":0,"max_hp_gain":0,"max_hp_loss":0,"event_name":"Falling","floor":44,"gold_loss":0}],"is_beta":true,"boss_relics":[{"not_picked":["Lizard Tail","Fusion Hammer"],"picked":"Philosopher\u0027s Stone"},{"not_picked":["Runic Dome","White Beast Statue"],"picked":"HoveringKite"}],"items_purged_floors":[],"is_endless":false,"potions_floor_spawned":[1,8,10,13,18,28,31,33,36,40,46,47,48],"ascension_level":0}