{"gold_per_floor":[118,293,15,15,25,25,56,56,56,90,146,146,161,173,173,173],"floor_reached":16,"playtime":549,"items_purged":["Doubt"],"score":124,"play_id":"32edbf92-9e9d-49d2-974b-d8be36fe329f","local_time":"20190821154115","is_ascension_mode":true,"campfire_choices":[{"data":"Iron Wave","floor":6,"key":"SMITH"},{"data":"Body Slam","floor":8,"key":"SMITH"},{"data":"Metallicize","floor":15,"key":"SMITH"}],"neow_cost":"NONE","seed_source_timestamp":157288848267100,"circlet_count":0,"master_deck":["Strike_R","Strike_R","Strike_R","Strike_R","Strike_R","Defend_R","Defend_R","Defend_R","Bash","Warcry","Iron Wave+1","Body Slam+1","Metallicize+1","Shrug It Off+1","Pain","Entrench+1","Havoc+1"],"relics":["Burning Blood","Vajra","Sling","Pen Nib","Toxic Egg 2","Bronze Scales","Mummified Hand","WarpedTongs"],"potions_floor_usage":[16,16],"damage_taken":[{"damage":0,"enemies":"Small Slimes","floor":1,"turns":3},{"damage":9,"enemies":"2 Louse","floor":5,"turns":3},{"damage":1,"enemies":"Gremlin Nob","floor":7,"turns":3},{"damage":21,"enemies":"Lagavulin","floor":10,"turns":4},{"damage":24,"enemies":"Lagavulin Event","floor":11,"turns":4},{"damage":2,"enemies":"Cultist","floor":13,"turns":4},{"damage":11,"enemies":"Exordium Wildlife","floor":14,"turns":3},{"damage":62,"enemies":"The Guardian","floor":16,"turns":9}],"seed_played":"5571006506770163180","potions_obtained":[{"floor":10,"key":"GamblersBrew"},{"floor":11,"key":"BloodPotion"},{"floor":13,"key":"Ancient Potion"}],"is_trial":false,"path_per_floor":["M","?","$","?","M","R","E","R","T","E","?","?","M","M","R","B"],"character_chosen":"IRONCLAD","items_purchased":["Sling"],"campfire_rested":0,"item_purchase_floors":[3],"current_hp_per_floor":[80,80,80,73,70,70,75,75,75,60,42,42,46,41,41,0],"gold":173,"neow_bonus":"RANDOM_COMMON_RELIC","is_prod":false,"is_daily":false,"chose_seed":false,"campfire_upgraded":3,"win_rate":0,"timestamp":1566416475,"path_taken":["M","?","$","?","M","R","E","R","T","E","?","?","M","M","R","BOSS"],"build_version":"2019-07-17","purchased_purges":1,"victory":false,"max_hp_per_floor":[80,80,80,80,80,80,80,80,80,80,80,80,80,80,80,80],"card_choices":[{"not_picked":["Wild Strike","Intimidate"],"picked":"Warcry","floor":1},{"not_picked":["Cleave","Carnage"],"picked":"Iron Wave","floor":5},{"not_picked":["Disarm","Whirlwind"],"picked":"Body Slam","floor":7},{"not_picked":["Heavy Blade","Thunderclap"],"picked":"Metallicize","floor":10},{"not_picked":["Perfected Strike","Anger"],"picked":"Shrug It Off+1","floor":11},{"not_picked":["Iron Wave","Dropkick"],"picked":"Entrench+1","floor":13},{"not_picked":["Hemokinesis","Thunderclap"],"picked":"Havoc+1","floor":14}],"player_experience":603440,"relics_obtained":[{"floor":7,"key":"Pen Nib"},{"floor":9,"key":"Toxic Egg 2"},{"floor":10,"key":"Bronze Scales"}],"event_choices":[{"damage_healed":0,"gold_gain":175,"player_choice":"AGREE","damage_taken":0,"max_hp_gain":0,"max_hp_loss":0,"event_name":"Liars Game","floor":2,"gold_loss":0,"cards_obtained":["Doubt"]},{"cards_removed":["Defend_R"],"damage_healed":0,"gold_gain":0,"player_choice":"Card Removal","damage_taken":7,"max_hp_gain":0,"max_hp_loss":0,"event_name":"Golden Wing","floor":4,"gold_loss":0},{"damage_healed":0,"gold_gain":30,"player_choice":"Searched \u00273\u0027 times","damage_taken":0,"relics_obtained":["Mummified Hand"],"max_hp_gain":0,"max_hp_loss":0,"event_name":"Dead Adventurer","floor":11,"gold_loss":0},{"damage_healed":0,"gold_gain":0,"player_choice":"Rummage","damage_taken":0,"relics_obtained":["WarpedTongs"],"max_hp_gain":0,"max_hp_loss":0,"event_name":"Accursed Blacksmith","floor":12,"gold_loss":0,"cards_obtained":["Pain"]}],"is_beta":false,"boss_relics":[],"items_purged_floors":[3],"is_endless":false,"potions_floor_spawned":[10,11,13,14],"killed_by":"The Guardian","ascension_level":3}