{"gold_per_floor":[118,118,133,50,120,153,169,189,244,14,47,59,71,101,113,248,260,295,328,365,396,431,443,455],"floor_reached":24,"playtime":980,"items_purged":[],"score":270,"play_id":"f24e6e1d-2703-4988-b69d-b2cbc34c54b5","local_time":"20190731175739","is_ascension_mode":true,"campfire_choices":[{"data":"Bash","floor":12,"key":"SMITH"},{"data":"Heavy Blade","floor":15,"key":"SMITH"},{"floor":23,"key":"REST"}],"neow_cost":"NONE","seed_source_timestamp":1479864404164400,"circlet_count":0,"master_deck":["Strike_R","Strike_R","Strike_R","Strike_R","Strike_R","Defend_R","Defend_R","Defend_R","Defend_R+1","Bash+1","Heavy Blade+1","Dropkick","Bandage Up+1","Inflame","Impervious","Warcry","Sword Boomerang","Demon Form","Iron Wave","Seeing Red+1","Havoc+1","Twin Strike+1","Ghostly Armor+1"],"relics":["Burning Blood","NeowsBlessing","Golden Idol","The Courier","Orichalcum","Bronze Scales","War Paint","MawBank","Mark of Pain"],"potions_floor_usage":[8,21,21,24,24],"damage_taken":[{"damage":0,"enemies":"2 Louse","floor":1,"turns":1},{"damage":0,"enemies":"Jaw Worm","floor":3,"turns":1},{"damage":0,"enemies":"Lagavulin","floor":6,"turns":1},{"damage":0,"enemies":"Small Slimes","floor":7,"turns":3},{"damage":5,"enemies":"Gremlin Gang","floor":8,"turns":6},{"damage":20,"enemies":"Gremlin Nob","floor":11,"turns":4},{"damage":4,"enemies":"Red Slaver","floor":14,"turns":3},{"damage":17,"enemies":"Hexaghost","floor":16,"turns":9},{"damage":24,"enemies":"2 Thieves","floor":18,"turns":4},{"damage":0,"enemies":"3 Byrds","floor":19,"turns":3},{"damage":50,"enemies":"Cultist and Chosen","floor":20,"turns":8},{"damage":26,"enemies":"Centurion and Healer","floor":21,"turns":6},{"damage":13,"enemies":"3 Cultists","floor":22,"turns":4},{"damage":45,"enemies":"Book of Stabbing","floor":24,"turns":5}],"seed_played":"4362584043752032724","potions_obtained":[{"floor":6,"key":"SmokeBomb"},{"floor":7,"key":"SkillPotion"},{"floor":11,"key":"Energy Potion"},{"floor":14,"key":"SpeedPotion"},{"floor":18,"key":"EssenceOfSteel"},{"floor":20,"key":"AttackPotion"},{"floor":21,"key":"FearPotion"}],"is_trial":false,"path_per_floor":["M","?","M","$","?","E","M","M","T","$","E","R","?","M","R","B",null,"M","M","M","M","M","R","E"],"character_chosen":"IRONCLAD","items_purchased":["Bandage Up","Bronze Scales","War Paint"],"campfire_rested":1,"item_purchase_floors":[4,10,10],"current_hp_per_floor":[80,74,74,74,74,74,74,74,74,74,60,60,60,68,68,63,74,56,68,30,16,15,37,0],"gold":455,"neow_bonus":"THREE_ENEMY_KILL","is_prod":false,"is_daily":false,"chose_seed":false,"campfire_upgraded":2,"win_rate":0,"timestamp":1564588659,"path_taken":["M","?","M","$","?","E","M","M","T","?","E","R","?","M","R","BOSS","M","M","?","M","M","R","E"],"build_version":"2019-07-18","purchased_purges":0,"victory":false,"max_hp_per_floor":[80,74,74,74,74,74,74,74,74,74,74,74,74,74,74,74,74,74,74,74,74,74,74,74],"card_choices":[{"not_picked":["True Grit","Burning Pact"],"picked":"Heavy Blade","floor":1},{"not_picked":["Clothesline","Second Wind"],"picked":"Dropkick","floor":3},{"not_picked":["Iron Wave","Blood for Blood"],"picked":"Inflame","floor":6},{"not_picked":["Searing Blow","Wild Strike"],"picked":"Impervious","floor":7},{"not_picked":["Entrench","True Grit"],"picked":"Warcry","floor":8},{"not_picked":["Perfected Strike","Clothesline"],"picked":"Sword Boomerang","floor":11},{"not_picked":["Corruption","Second Wind","Bloodletting"],"picked":"SKIP","floor":14},{"not_picked":["Berserk","Offering"],"picked":"Demon Form","floor":16},{"not_picked":["Pommel Strike","Perfected Strike"],"picked":"Iron Wave","floor":18},{"not_picked":["Body Slam","Bloodletting"],"picked":"Seeing Red+1","floor":19},{"not_picked":["Iron Wave","Warcry+1"],"picked":"Havoc+1","floor":20},{"not_picked":["Clash+1","True Grit"],"picked":"Twin Strike+1","floor":21},{"not_picked":["Anger","Dark Embrace"],"picked":"Ghostly Armor+1","floor":22}],"player_experience":125318,"relics_obtained":[{"floor":6,"key":"The Courier"},{"floor":9,"key":"Orichalcum"},{"floor":11,"key":"MawBank"}],"event_choices":[{"damage_healed":0,"gold_gain":0,"player_choice":"Lose Max HP","damage_taken":0,"relics_obtained":["Golden Idol"],"max_hp_gain":0,"max_hp_loss":6,"event_name":"Golden Idol","floor":2,"gold_loss":0},{"damage_healed":0,"gold_gain":70,"player_choice":"Gained Gold","damage_taken":0,"max_hp_gain":0,"max_hp_loss":0,"event_name":"Golden Wing","floor":5,"gold_loss":0},{"damage_healed":0,"gold_gain":0,"player_choice":"Bought 0 Potions","damage_taken":0,"max_hp_gain":0,"max_hp_loss":0,"event_name":"The Woman in Blue","floor":13,"gold_loss":0}],"is_beta":true,"boss_relics":[{"not_picked":["Coffee Dripper","Lizard Tail"],"picked":"Mark of Pain"}],"items_purged_floors":[],"is_endless":false,"potions_floor_spawned":[6,7,11,14,18,20,21],"killed_by":"Book of Stabbing","ascension_level":3}