{"gold_per_floor":[369,369,385,27,81,81,111,123,123,139,139,227,238,208],"floor_reached":14,"playtime":345,"items_purged":["Defend_R"],"score":122,"play_id":"1244fa83-2127-415c-a317-ad7693801ff4","local_time":"20190813233821","is_ascension_mode":true,"campfire_choices":[{"data":"Inflame","floor":6,"key":"SMITH"},{"data":"Pommel Strike","floor":11,"key":"SMITH"}],"neow_cost":"PERCENT_DAMAGE","seed_source_timestamp":248036548774598,"circlet_count":0,"master_deck":["Strike_R","Strike_R","Strike_R","Strike_R","Strike_R","Defend_R+1","Defend_R+1","Defend_R","Bash","Inflame+1","Pommel Strike+1"],"relics":["Burning Blood","Lee\u0027s Waffle","War Paint","Du-Vu Doll","Dodecahedron","Tiny Chest"],"potions_floor_usage":[7,12,12],"damage_taken":[{"damage":19,"enemies":"Jaw Worm","floor":1,"turns":3},{"damage":6,"enemies":"Cultist","floor":3,"turns":3},{"damage":42,"enemies":"3 Sentries","floor":7,"turns":8},{"damage":0,"enemies":"Small Slimes","floor":8,"turns":3},{"damage":8,"enemies":"2 Fungi Beasts","floor":10,"turns":4},{"damage":40,"enemies":"Lagavulin Event","floor":12,"turns":4},{"damage":20,"enemies":"Lots of Slimes","floor":13,"turns":4},{"damage":17,"enemies":"Looter","floor":14,"turns":2}],"seed_played":"807415482802217686","potions_obtained":[{"floor":3,"key":"Energy Potion"},{"floor":8,"key":"LiquidBronze"},{"floor":10,"key":"Strength Potion"},{"floor":13,"key":"SpeedPotion"}],"is_trial":false,"path_per_floor":["M","?","M","$","T","R","E","M","T","M","R","?","M","M"],"character_chosen":"IRONCLAD","items_purchased":["Inflame","Lee\u0027s Waffle"],"campfire_rested":0,"item_purchase_floors":[4,4],"current_hp_per_floor":[38,43,43,87,87,87,51,57,57,55,55,21,7,0],"gold":208,"neow_bonus":"TWO_FIFTY_GOLD","is_prod":false,"is_daily":false,"chose_seed":false,"campfire_upgraded":2,"win_rate":0,"timestamp":1565757501,"path_taken":["M","?","?","$","?","R","E","?","T","M","R","?","M","M"],"build_version":"2019-07-17","purchased_purges":1,"victory":false,"max_hp_per_floor":[80,80,80,87,87,87,87,87,87,87,87,87,87,87],"card_choices":[{"not_picked":["Iron Wave","Body Slam"],"picked":"Heavy Blade","floor":1},{"not_picked":["Infernal Blade","Clash","Wild Strike"],"picked":"SKIP","floor":3},{"not_picked":["Metallicize","Seeing Red","Wild Strike"],"picked":"SKIP","floor":7},{"not_picked":["Clash","Bloodletting","Thunderclap"],"picked":"SKIP","floor":8},{"not_picked":["Fiend Fire","Clothesline"],"picked":"Pommel Strike","floor":10},{"not_picked":["Flex","Anger","Rupture"],"picked":"SKIP","floor":13}],"player_experience":298407,"relics_obtained":[{"floor":5,"key":"War Paint"},{"floor":7,"key":"Du-Vu Doll"},{"floor":9,"key":"Dodecahedron"},{"floor":12,"key":"Tiny Chest"}],"event_choices":[{"cards_removed":["Heavy Blade"],"damage_healed":5,"gold_gain":0,"player_choice":"Offered Common","damage_taken":0,"max_hp_gain":0,"max_hp_loss":0,"event_name":"Bonfire Elementals","floor":2,"gold_loss":0},{"cards_removed":["Heavy Blade"],"damage_healed":5,"gold_gain":0,"player_choice":"Offered Special","damage_taken":0,"max_hp_gain":0,"max_hp_loss":0,"event_name":"Bonfire Elementals","floor":2,"gold_loss":0},{"damage_healed":0,"gold_gain":0,"player_choice":"Searched \u00271\u0027 times","damage_taken":0,"max_hp_gain":0,"max_hp_loss":0,"event_name":"Dead Adventurer","floor":12,"gold_loss":0}],"is_beta":false,"boss_relics":[],"items_purged_floors":[4],"is_endless":false,"potions_floor_spawned":[3,8,10,13],"killed_by":"Looter","ascension_level":7}