{"gold_per_floor":[111,131,141,141,216,249,249,80,80,94,125,144,158,177,177,305,305,328,344,344,362,18,18,59,59,359,379,420,420],"floor_reached":29,"playtime":1225,"items_purged":["Strike_B"],"score":332,"play_id":"a276a9a0-a577-4370-90db-1669af1fbf30","local_time":"20190505234455","is_ascension_mode":true,"campfire_choices":[{"floor":7.0,"key":"REST"},{"data":"Static Discharge","floor":15.0,"key":"SMITH"},{"data":"Defragment","floor":23.0,"key":"SMITH"},{"data":"Trip","floor":25.0,"key":"SMITH"}],"neow_cost":"PERCENT_DAMAGE","seed_source_timestamp":131464599322100,"circlet_count":0,"master_deck":["Strike_B","Strike_B","Strike_B","Defend_B","Defend_B","Defend_B","Defend_B","Zap","Dualcast","Bandage Up","Trip+1","Sweeping Beam","Conserve Battery","Chill","Defragment+1","Biased Cognition","Leap","White Noise","Capacitor","BootSequence","Static Discharge+1","Core Surge","Reprogram","Leap","Shame","Go for the Eyes+1","Conserve Battery","Barrage","Ball Lightning+1","Conserve Battery","Echo Form+1"],"special_seed":0,"relics":["Cracked Core","Golden Idol","Sundial","PreservedInsect","Vajra","Philosopher\u0027s Stone","Turnip","ClockworkSouvenir","Happy Flower","Old Coin","Frozen Egg 2"],"potions_floor_usage":[29,29],"damage_taken":[{"damage":2.0,"enemies":"Jaw Worm","floor":1.0,"turns":2.0},{"damage":0.0,"enemies":"2 Louse","floor":2.0,"turns":2.0},{"damage":0.0,"enemies":"Cultist","floor":3.0,"turns":3.0},{"damage":20.0,"enemies":"Gremlin Nob","floor":6.0,"turns":5.0},{"damage":0.0,"enemies":"Exordium Thugs","floor":10.0,"turns":4.0},{"damage":0.0,"enemies":"3 Sentries","floor":11.0,"turns":2.0},{"damage":2.0,"enemies":"Lots of Slimes","floor":12.0,"turns":4.0},{"damage":0.0,"enemies":"2 Fungi Beasts","floor":13.0,"turns":3.0},{"damage":3.0,"enemies":"3 Louse","floor":14.0,"turns":5.0},{"damage":23.0,"enemies":"The Guardian","floor":16.0,"turns":10.0},{"damage":21.0,"enemies":"Spheric Guardian","floor":18.0,"turns":4.0},{"damage":2.0,"enemies":"2 Thieves","floor":19.0,"turns":3.0},{"damage":9.0,"enemies":"Centurion and Healer","floor":21.0,"turns":8.0},{"damage":15.0,"enemies":"Book of Stabbing","floor":24.0,"turns":4.0},{"damage":5.0,"enemies":"Snecko","floor":27.0,"turns":5.0},{"damage":26.0,"enemies":"Slavers","floor":28.0,"turns":3.0},{"damage":7,"enemies":"Cultist and Chosen","floor":29,"turns":3}],"seed_played":"3314630670326307020","potions_obtained":[{"floor":1.0,"key":"Swift Potion"},{"floor":11.0,"key":"EssenceOfSteel"},{"floor":16.0,"key":"FearPotion"},{"floor":19.0,"key":"Poison Potion"},{"floor":21.0,"key":"LiquidBronze"}],"is_trial":false,"path_per_floor":["M","M","M","?","?","E","R","$","T","M","E","M","M","M","R","B",null,"M","M","?","M","$","R","E","R","T","M","E","M"],"character_chosen":"DEFECT","items_purchased":["Biased Cognition","Leap","ClockworkSouvenir","Conserve Battery","Barrage"],"campfire_rested":1,"item_purchase_floors":[8,8,22,22,22],"current_hp_per_floor":[56,56,60,60,49,29,49,49,49,53,57,59,63,64,64,45,69,52,50,50,45,45,45,34,34,34,29,7,0],"gold":420,"neow_bonus":"RANDOM_COLORLESS_2","is_prod":false,"is_daily":false,"chose_seed":false,"campfire_upgraded":3,"win_rate":0,"timestamp":1557092695,"path_taken":["M","M","M","?","?","E","R","$","T","M","E","M","M","M","R","BOSS","M","M","?","M","$","R","E","R","T","M","E","M"],"build_version":"2019-04-23","purchased_purges":1,"victory":false,"max_hp_per_floor":[75,75,75,69,69,69,69,69,69,69,69,69,69,69,69,69,69,69,69,69,69,69,69,69,69,69,69,69,69],"card_choices":[{"not_picked":["Reprogram","Go for the Eyes"],"picked":"Sweeping Beam","floor":1.0},{"not_picked":["Rebound","Skim"],"picked":"Conserve Battery","floor":2.0},{"not_picked":["Barrage","Sweeping Beam"],"picked":"Chill","floor":3.0},{"not_picked":["Turbo","Streamline"],"picked":"Defragment","floor":6.0},{"not_picked":["Steam Power","Ball Lightning"],"picked":"White Noise","floor":10.0},{"not_picked":["Stack","Rebound"],"picked":"Capacitor","floor":11.0},{"not_picked":["White Noise","Hello World"],"picked":"BootSequence","floor":12.0},{"not_picked":["Turbo","Meteor Strike","Sweeping Beam"],"picked":"SKIP","floor":13.0},{"not_picked":["Turbo","Chill"],"picked":"Static Discharge","floor":14.0},{"not_picked":["Amplify","Buffer"],"picked":"Core Surge","floor":16.0},{"not_picked":["Blizzard","Steam"],"picked":"Reprogram","floor":18.0},{"not_picked":["Hologram","Rebound"],"picked":"Leap","floor":19.0},{"not_picked":["White Noise","Steam"],"picked":"Go for the Eyes+1","floor":21.0},{"not_picked":["Go for the Eyes","Hologram+1"],"picked":"Ball Lightning+1","floor":24.0},{"not_picked":["Chaos","Steam Power"],"picked":"Conserve Battery","floor":27.0},{"not_picked":["Cold Snap","Tempest"],"picked":"Echo Form","floor":28.0}],"player_experience":74108,"relics_obtained":[{"floor":6.0,"key":"Sundial"},{"floor":9.0,"key":"PreservedInsect"},{"floor":11.0,"key":"Vajra"},{"floor":24.0,"key":"Happy Flower"},{"floor":26.0,"key":"Old Coin"},{"floor":28.0,"key":"Frozen Egg 2"}],"event_choices":[{"damage_healed":0.0,"max_hp_gain":0.0,"max_hp_loss":6.0,"gold_gain":0.0,"event_name":"Golden Idol","player_choice":"Lose Max HP","floor":4.0,"gold_loss":0.0,"damage_taken":0.0,"relics_obtained":["Golden Idol"]},{"damage_healed":0.0,"max_hp_gain":0.0,"max_hp_loss":0.0,"gold_gain":75.0,"event_name":"World of Goop","player_choice":"Gather Gold","floor":5.0,"gold_loss":0.0,"damage_taken":11.0},{"damage_healed":0.0,"max_hp_gain":0.0,"max_hp_loss":0.0,"gold_gain":0.0,"event_name":"Addict","player_choice":"Stole Relic","floor":20.0,"gold_loss":0.0,"damage_taken":0.0,"relics_obtained":["Turnip"],"cards_obtained":["Shame"]}],"is_beta":true,"boss_relics":[{"not_picked":["Inserter","Snecko Eye"],"picked":"Philosopher\u0027s Stone"}],"items_purged_floors":[22],"is_endless":false,"potions_floor_spawned":[1,11,16,19,21,27],"killed_by":"Cultist and Chosen","ascension_level":2}