{"gold_per_floor":[110,121,141,157,175,0,28,28,28,28,43,43,74,74,74,178,178,195,195],"floor_reached":19,"playtime":1056,"items_purged":[],"score":179,"play_id":"6483fc10-6047-41b6-b83c-35b3fe381539","local_time":"20190504111432","is_ascension_mode":false,"campfire_choices":[{"data":"Apotheosis","floor":8,"key":"SMITH"},{"data":"Fission","floor":10,"key":"SMITH"},{"floor":12,"key":"REST"},{"floor":15,"key":"REST"}],"neow_cost":"TEN_PERCENT_HP_LOSS","seed_source_timestamp":278567462400,"circlet_count":0,"master_deck":["Strike_B","Strike_B","Strike_B","Strike_B","Defend_B","Defend_B","Defend_B","Defend_B","Zap","Dualcast","Apotheosis+1","Finesse","Cold Snap","Tempest","Chaos","Self Repair","Redo","Fission+1","Barrage","Leap","Reprogram+1","Consume+1","Multi-Cast+1","Hologram+1"],"relics":["Cracked Core","Gremlin Horn","Toxic Egg 2","Molten Egg 2","Sozu"],"potions_floor_usage":[5,11,16,16,16,19,19,19],"damage_taken":[{"damage":0,"enemies":"Cultist","floor":1,"turns":3},{"damage":6,"enemies":"2 Louse","floor":2,"turns":3},{"damage":8,"enemies":"Small Slimes","floor":3,"turns":3},{"damage":0,"enemies":"3 Louse","floor":4,"turns":3},{"damage":23,"enemies":"Large Slime","floor":5,"turns":3},{"damage":18,"enemies":"Lagavulin","floor":7,"turns":5},{"damage":4,"enemies":"Gremlin Gang","floor":11,"turns":5},{"damage":23,"enemies":"3 Sentries","floor":13,"turns":7},{"damage":5,"enemies":"Slime Boss","floor":16,"turns":8},{"damage":1,"enemies":"Chosen","floor":18,"turns":3},{"damage":25,"enemies":"Colosseum Slavers","floor":19,"turns":6},{"damage":58,"enemies":"Colosseum Nobs","floor":19,"turns":3}],"seed_played":"1930540328030353886","potions_obtained":[{"floor":3,"key":"Regen Potion"},{"floor":7,"key":"GamblersBrew"},{"floor":11,"key":"Fire Potion"},{"floor":13,"key":"Block Potion"},{"floor":14,"key":"EntropicBrew"},{"floor":14,"key":"Regen Potion"}],"is_trial":false,"path_per_floor":["M","M","M","M","M","$","E","R","T","R","M","R","E","?","R","B",null,"M","?"],"character_chosen":"DEFECT","items_purchased":["Fission","Barrage"],"campfire_rested":2,"item_purchase_floors":[6,6],"current_hp_per_floor":[68,62,54,54,40,40,29,29,29,29,25,45,32,32,52,68,68,68,0],"gold":195,"neow_bonus":"RANDOM_COLORLESS_2","is_prod":false,"is_daily":false,"chose_seed":false,"campfire_upgraded":2,"win_rate":0.0,"timestamp":1556961272,"path_taken":["M","M","?","?","M","$","E","R","T","R","M","R","E","?","R","BOSS","M","?"],"build_version":"2019-04-23","purchased_purges":0,"victory":false,"max_hp_per_floor":[68,68,68,68,68,68,68,68,68,68,68,68,68,68,68,68,68,68,68],"card_choices":[{"not_picked":["Lockon","Gash"],"picked":"Cold Snap","floor":1},{"not_picked":["Go for the Eyes","Rebound"],"picked":"Tempest","floor":2},{"not_picked":["Leap","Streamline"],"picked":"Chaos","floor":3},{"not_picked":["Skim","Scrape"],"picked":"Self Repair","floor":4},{"not_picked":["Coolheaded","Static Discharge"],"picked":"Redo","floor":5},{"not_picked":["Stack","Rebound"],"picked":"Leap","floor":7},{"not_picked":["Turbo+1","Core Surge"],"picked":"Reprogram+1","floor":11},{"not_picked":["Coolheaded+1","Leap+1"],"picked":"Consume+1","floor":13},{"not_picked":["Thunder Strike+1","All For One+1"],"picked":"Multi-Cast+1","floor":16},{"not_picked":["Streamline+1","Self Repair"],"picked":"Hologram+1","floor":18}],"player_experience":42190,"relics_obtained":[{"floor":7,"key":"Gremlin Horn"},{"floor":9,"key":"Toxic Egg 2"},{"floor":13,"key":"Molten Egg 2"}],"event_choices":[{"damage_healed":0,"gold_gain":0,"player_choice":"Got Potions","damage_taken":0,"max_hp_gain":0,"max_hp_loss":0,"event_name":"Lab","floor":14,"gold_loss":0},{"damage_healed":0,"gold_gain":0,"player_choice":"Fight","damage_taken":0,"max_hp_gain":0,"max_hp_loss":0,"event_name":"Colosseum","floor":19,"gold_loss":0},{"damage_healed":0,"gold_gain":0,"player_choice":"Fought Nobs","damage_taken":0,"max_hp_gain":0,"max_hp_loss":0,"event_name":"Colosseum","floor":19,"gold_loss":0}],"is_beta":true,"boss_relics":[{"not_picked":["Tiny House","Calling Bell"],"picked":"Sozu"}],"items_purged_floors":[],"is_endless":false,"potions_floor_spawned":[3,7,11,13,18],"killed_by":"Colosseum Nobs","ascension_level":0}