{"gold_per_floor":[118,118,67,67,242,281,28,28,102,125,140,159,182,218,218,218],"floor_reached":16,"playtime":650,"items_purged":["Doubt"],"score":216,"play_id":"47ada5dd-7e68-4075-940b-27f3276fb436","local_time":"20191019124242","is_ascension_mode":true,"campfire_choices":[{"data":"Havoc","floor":8,"key":"SMITH"},{"floor":15,"key":"REST"}],"neow_cost":"NONE","seed_source_timestamp":68804025828500,"circlet_count":0,"master_deck":["AscendersBane","Strike_R","Strike_R","Strike_R","Strike_R","Strike_R","Defend_R","Defend_R","Defend_R","Defend_R","Bash","Warcry","Shrug It Off","Limit Break","Havoc+1","Warcry","Wild Strike+1","Body Slam+1","Iron Wave+1","Sword Boomerang+1"],"relics":["Burning Blood","NeowsBlessing","Meat on the Bone","Golden Idol","Bag of Preparation","Omamori","Molten Egg 2","Pen Nib"],"potions_floor_usage":[12,16,16],"damage_taken":[{"damage":0,"enemies":"Cultist","floor":1,"turns":1},{"damage":0,"enemies":"Lagavulin","floor":6,"turns":1},{"damage":0,"enemies":"2 Louse","floor":10,"turns":1},{"damage":14,"enemies":"Small Slimes","floor":11,"turns":5},{"damage":5,"enemies":"Blue Slaver","floor":12,"turns":4},{"damage":11,"enemies":"Exordium Thugs","floor":13,"turns":5},{"damage":30,"enemies":"3 Sentries","floor":14,"turns":10},{"damage":79,"enemies":"Slime Boss","floor":16,"turns":11}],"seed_played":"8658933913691430259","potions_obtained":[{"floor":10,"key":"Regen Potion"},{"floor":11,"key":"Energy Potion"},{"floor":13,"key":"Energy Potion"}],"is_trial":false,"path_per_floor":["M","?","$","?","?","E","$","R","T","M","M","M","M","E","R","B"],"character_chosen":"IRONCLAD","items_purchased":["Shrug It Off","Havoc","Omamori"],"campfire_rested":1,"item_purchase_floors":[3,7,7],"current_hp_per_floor":[78,53,53,53,53,59,59,59,59,65,57,58,53,41,63,0],"gold":218,"neow_bonus":"THREE_ENEMY_KILL","is_prod":false,"is_daily":false,"chose_seed":false,"campfire_upgraded":1,"win_rate":0,"timestamp":1571503362,"path_taken":["M","?","$","?","?","E","$","R","T","M","M","M","M","E","R","BOSS"],"build_version":"2019-07-17","purchased_purges":1,"victory":false,"max_hp_per_floor":[80,80,80,74,74,74,74,74,74,74,74,74,74,74,74,74],"card_choices":[{"not_picked":["Sword Boomerang","Headbutt"],"picked":"Warcry","floor":1},{"not_picked":["Warcry","Evolve"],"picked":"Limit Break","floor":6},{"not_picked":["Twin Strike+1","Havoc"],"picked":"Warcry","floor":10},{"not_picked":["Ghostly Armor","Clash+1"],"picked":"Wild Strike+1","floor":11},{"not_picked":["Clash+1","Perfected Strike+1"],"picked":"Body Slam+1","floor":12},{"not_picked":["Warcry","Body Slam+1"],"picked":"Iron Wave+1","floor":13},{"not_picked":["Clash+1","Sever Soul+1"],"picked":"Sword Boomerang+1","floor":14}],"player_experience":728103,"relics_obtained":[{"floor":6,"key":"Bag of Preparation"},{"floor":9,"key":"Molten Egg 2"},{"floor":14,"key":"Pen Nib"}],"event_choices":[{"damage_healed":0,"gold_gain":0,"player_choice":"Success","damage_taken":25,"relics_obtained":["Meat on the Bone"],"max_hp_gain":0,"max_hp_loss":0,"event_name":"Scrap Ooze","floor":2,"gold_loss":0},{"damage_healed":0,"gold_gain":0,"player_choice":"Lose Max HP","damage_taken":0,"relics_obtained":["Golden Idol"],"max_hp_gain":0,"max_hp_loss":6,"event_name":"Golden Idol","floor":4,"gold_loss":0},{"damage_healed":0,"gold_gain":175,"player_choice":"AGREE","damage_taken":0,"max_hp_gain":0,"max_hp_loss":0,"event_name":"Liars Game","floor":5,"gold_loss":0,"cards_obtained":["Doubt"]}],"is_beta":false,"boss_relics":[],"items_purged_floors":[7],"is_endless":false,"potions_floor_spawned":[10,11,13],"killed_by":"Slime Boss","ascension_level":12}