{"gold_per_floor":[217,234,244,258,258,288,299,325,325,349,349,360,77,105,105,200,200,210,196,196,295,109,109,134,134,134,494,494,513,513,545,545,644,644,664,387,387,397,416,445,464,496,568,586,618,618,52,68,68,68],"floor_reached":51,"playtime":3440,"items_purged":["Regret","Writhe"],"score":845,"play_id":"80b9a0d8-35fa-4a18-9355-0143cbaa7b15","local_time":"20190503213933","is_ascension_mode":false,"campfire_choices":[{"data":"Corruption","floor":11,"key":"SMITH"},{"data":"Intimidate","floor":15,"key":"SMITH"},{"data":"Dark Embrace","floor":23,"key":"SMITH"},{"data":"Double Tap","floor":25,"key":"SMITH"},{"floor":28,"key":"REST"},{"data":"Feel No Pain","floor":32,"key":"SMITH"},{"data":"Panacea","floor":46,"key":"SMITH"},{"data":"Metallicize","floor":49,"key":"SMITH"}],"neow_cost":"NONE","seed_source_timestamp":1373918236306400,"circlet_count":0,"master_deck":["Strike_R+1","Strike_R+1","Strike_R+1","Strike_R+1","Defend_R+1","Defend_R+1","Defend_R+1","Defend_R+1","Bash","Intimidate+1","Inflame","Corruption+1","Feel No Pain+1","Rampage","Warcry","Shrug It Off","Rampage+1","Metallicize+1","Disarm","Dark Embrace+1","Shrug It Off","Shrug It Off+1","Battle Trance+1","Double Tap+1","Iron Wave+1","Fire Breathing+1","Fiend Fire+1","Clumsy","Battle Trance","Panacea+1","Madness","Secret Technique","Disarm","Metallicize+1","Pommel Strike+1","Carnage","Parasite","Feel No Pain+1","Shrug It Off","Double Tap","Clothesline","Headbutt"],"relics":["Burning Blood","Bird Faced Urn","Bronze Scales","Letter Opener","Odd Mushroom","Lee\u0027s Waffle","Boot","Sozu","MutagenicStrength","Juzu Bracelet","FossilizedHelix","Lantern","War Paint","Calling Bell","Bag of Marbles","Frozen Egg 2","WingedGreaves","Sling","Happy Flower","Red Skull","Shuriken","PreservedInsect","Whetstone","HandDrill"],"potions_floor_usage":[4,7,10,24,33],"damage_taken":[{"damage":1,"enemies":"Cultist","floor":1,"turns":3},{"damage":0,"enemies":"2 Louse","floor":2,"turns":4},{"damage":1,"enemies":"Small Slimes","floor":3,"turns":4},{"damage":19,"enemies":"Exordium Thugs","floor":4,"turns":6},{"damage":31,"enemies":"3 Sentries","floor":6,"turns":11},{"damage":8,"enemies":"Looter","floor":7,"turns":4},{"damage":12,"enemies":"Lagavulin","floor":8,"turns":7},{"damage":14,"enemies":"The Mushroom Lair","floor":10,"turns":5},{"damage":20,"enemies":"Lots of Slimes","floor":12,"turns":3},{"damage":28,"enemies":"Gremlin Nob","floor":14,"turns":5},{"damage":33,"enemies":"Slime Boss","floor":16,"turns":13},{"damage":16,"enemies":"Shell Parasite","floor":18,"turns":6},{"damage":18,"enemies":"2 Thieves","floor":19,"turns":4},{"damage":29,"enemies":"Slavers","floor":24,"turns":7},{"damage":7,"enemies":"Snake Plant","floor":29,"turns":4},{"damage":22,"enemies":"Gremlin Leader","floor":31,"turns":9},{"damage":10,"enemies":"Champ","floor":33,"turns":14},{"damage":15,"enemies":"Orb Walker","floor":35,"turns":5},{"damage":11,"enemies":"3 Darklings","floor":38,"turns":6},{"damage":24,"enemies":"Transient","floor":39,"turns":5},{"damage":37,"enemies":"Reptomancer","floor":40,"turns":8},{"damage":0,"enemies":"Jaw Worm Horde","floor":41,"turns":6},{"damage":23,"enemies":"Giant Head","floor":42,"turns":8},{"damage":0,"enemies":"Writhing Mass","floor":44,"turns":6},{"damage":29,"enemies":"Reptomancer","floor":45,"turns":7},{"damage":0,"enemies":"3 Darklings","floor":48,"turns":5},{"damage":20,"enemies":"Donu and Deca","floor":50,"turns":8}],"seed_played":"-2493698556374056147","potions_obtained":[{"floor":1,"key":"Weak Potion"},{"floor":2,"key":"SpeedPotion"},{"floor":3,"key":"Block Potion"},{"floor":6,"key":"Weak Potion"},{"floor":14,"key":"Poison Potion"}],"is_trial":false,"path_per_floor":["M","M","M","M","?","E","M","E","T","?","R","M","$","E","R","B",null,"M","M","?","?","$","R","E","R","T","?","R","M","?","E","R","B",null,"M","$","?","M","M","E","M","E","T","M","E","R","$","M","R","B",null],"character_chosen":"IRONCLAD","items_purchased":["Metallicize","Lee\u0027s Waffle","Juzu Bracelet","Battle Trance","Sling","Whetstone","HandDrill","Double Tap","Clothesline"],"campfire_rested":1,"item_purchase_floors":[13,13,22,22,36,47,47,47,47],"current_hp_per_floor":[80,80,80,67,67,42,42,42,42,38,38,30,87,67,67,48,87,85,79,79,79,79,79,66,66,66,26,52,61,61,55,55,63,87,86,86,76,81,75,58,78,75,75,87,80,80,80,87,87,87],"gold":68,"neow_bonus":"HUNDRED_GOLD","is_prod":false,"is_daily":false,"chose_seed":false,"campfire_upgraded":7,"win_rate":0.0,"timestamp":1556912373,"path_taken":["M","?","M","?","?","E","M","E","T","?","R","M","$","E","R","BOSS","M","M","?","?","$","R","E","R","T","?","R","M","?","E","R","BOSS","M","$","?","M","M","E","M","E","T","M","E","R","$","M","R","BOSS"],"build_version":"2019-04-23","purchased_purges":2,"victory":true,"max_hp_per_floor":[80,80,80,80,80,80,80,80,80,80,80,80,87,87,87,87,87,87,87,87,87,87,87,87,87,87,87,87,87,87,87,87,87,87,87,87,87,87,87,87,87,87,87,87,87,87,87,87,87,87],"card_choices":[{"not_picked":["Disarm","Anger"],"picked":"Intimidate","floor":1},{"not_picked":["Rupture","Shrug It Off"],"picked":"Inflame","floor":2},{"not_picked":["Clash","Reckless Charge"],"picked":"Corruption","floor":3},{"not_picked":["Burning Pact","Combust"],"picked":"Feel No Pain","floor":4},{"not_picked":["Combust","Perfected Strike","Sword Boomerang"],"picked":"SKIP","floor":6},{"not_picked":["Demon Form","Headbutt","Armaments"],"picked":"SKIP","floor":7},{"not_picked":["Pommel Strike","Twin Strike"],"picked":"Warcry","floor":8},{"not_picked":["Seeing Red","Brutality"],"picked":"Shrug It Off","floor":10},{"not_picked":["True Grit","Twin Strike"],"picked":"Rampage","floor":12},{"not_picked":["Rage","True Grit"],"picked":"Disarm","floor":14},{"not_picked":["Limit Break","Bludgeon"],"picked":"Dark Embrace","floor":16},{"not_picked":["Body Slam+1","Dropkick"],"picked":"Shrug It Off","floor":18},{"not_picked":["Flex+1","Warcry"],"picked":"Shrug It Off","floor":19},{"not_picked":["Second Wind+1","Shockwave+1"],"picked":"Double Tap","floor":24},{"not_picked":["Perfected Strike","Clothesline"],"picked":"Iron Wave+1","floor":29},{"not_picked":["Reckless Charge+1","Uppercut+1"],"picked":"Fire Breathing+1","floor":31},{"not_picked":["Berserk","Demon Form"],"picked":"Fiend Fire","floor":33},{"not_picked":["Armaments+1","Clash"],"picked":"Battle Trance","floor":35},{"not_picked":["Good Instincts","Mind Blast"],"picked":"Panacea","floor":37},{"not_picked":["Chrysalis","Dramatic Entrance"],"picked":"Madness","floor":37},{"not_picked":["Impatience","Bandage Up"],"picked":"Secret Technique","floor":37},{"not_picked":["Blood for Blood+1","Searing Blow"],"picked":"Disarm","floor":38},{"not_picked":["Body Slam","Cleave+1"],"picked":"Metallicize+1","floor":39},{"not_picked":["Clash","Rage","Thunderclap+1"],"picked":"SKIP","floor":40},{"not_picked":["Thunderclap+1","Dropkick+1"],"picked":"Pommel Strike+1","floor":41},{"not_picked":["Wild Strike+1","Warcry+1"],"picked":"Carnage","floor":42},{"not_picked":["Evolve+1","Corruption+1"],"picked":"Feel No Pain+1","floor":44},{"not_picked":["Reckless Charge","Intimidate"],"picked":"Shrug It Off","floor":45},{"not_picked":["Warcry","Rupture+1"],"picked":"Headbutt","floor":48}],"player_experience":27707,"relics_obtained":[{"floor":6,"key":"Bird Faced Urn"},{"floor":8,"key":"Bronze Scales"},{"floor":9,"key":"Letter Opener"},{"floor":10,"key":"Odd Mushroom"},{"floor":14,"key":"Boot"},{"floor":24,"key":"FossilizedHelix"},{"floor":26,"key":"Lantern"},{"floor":31,"key":"War Paint"},{"floor":34,"key":"Bag of Marbles"},{"floor":34,"key":"Frozen Egg 2"},{"floor":34,"key":"WingedGreaves"},{"floor":40,"key":"Happy Flower"},{"floor":42,"key":"Red Skull"},{"floor":43,"key":"Shuriken"},{"floor":45,"key":"PreservedInsect"}],"event_choices":[{"damage_healed":0,"gold_gain":0,"cards_transformed":["Strike_R"],"player_choice":"Change","damage_taken":0,"max_hp_gain":0,"max_hp_loss":0,"event_name":"Living Wall","floor":5,"gold_loss":0,"cards_obtained":["Rampage"]},{"damage_healed":0,"gold_gain":0,"player_choice":"Fought Mushrooms","damage_taken":0,"max_hp_gain":0,"max_hp_loss":0,"event_name":"Mushrooms","floor":10,"gold_loss":0},{"damage_healed":0,"gold_gain":0,"player_choice":"Inject Mutagens","damage_taken":0,"relics_obtained":["MutagenicStrength"],"max_hp_gain":0,"max_hp_loss":0,"event_name":"Drug Dealer","floor":20,"gold_loss":0},{"damage_healed":0,"gold_gain":99,"player_choice":"Stole From Cult","damage_taken":0,"max_hp_gain":0,"max_hp_loss":0,"event_name":"Nest","floor":21,"gold_loss":0},{"damage_healed":0,"gold_gain":360,"player_choice":"GOLD GOLD GOLD GOLD ","damage_taken":40,"max_hp_gain":0,"max_hp_loss":0,"event_name":"Knowing Skull","floor":27,"potions_obtained":[],"gold_loss":0,"cards_obtained":[]},{"damage_healed":0,"gold_gain":0,"player_choice":"Simplicity","damage_taken":0,"max_hp_gain":0,"max_hp_loss":0,"event_name":"Back to Basics","floor":30,"gold_loss":0,"cards_upgraded":["Strike_R","Strike_R","Strike_R","Strike_R","Defend_R","Defend_R","Defend_R","Defend_R"]},{"damage_healed":0,"gold_gain":0,"player_choice":"Memory 3","damage_taken":10,"max_hp_gain":0,"max_hp_loss":0,"event_name":"SensoryStone","floor":37,"gold_loss":0}],"is_beta":true,"boss_relics":[{"not_picked":["White Beast Statue","Runic Dome"],"picked":"Sozu"},{"not_picked":["Lizard Tail","Runic Pyramid"],"picked":"Calling Bell"}],"items_purged_floors":[36,47],"is_endless":false,"potions_floor_spawned":[1,2,3,6,14,18,24,31,33,40,42,44,48],"ascension_level":0}