{"gold_per_floor":[111,124,299,37,112,112,143,62,62,74,110,147,3,47,47,170,170,183,227,227,250,273,273],"floor_reached":23,"playtime":879,"items_purged":["Doubt"],"score":229,"play_id":"bd92c45f-3a37-43b3-8cec-edfd09ef898c","local_time":"20190731220120","is_ascension_mode":true,"campfire_choices":[{"data":"Blind","floor":6,"key":"SMITH"},{"floor":15,"key":"REST"}],"neow_cost":"NONE","seed_source_timestamp":1494586110561800,"circlet_count":0,"master_deck":["Strike_R","Strike_R","Strike_R","Strike_R","Strike_R","Defend_R","Defend_R","Defend_R","Defend_R","Bash","Blind+1","Cleave","Havoc","Metallicize","Rampage","Shrug It Off","Battle Trance","Carnage","Pommel Strike","Immolate","Headbutt+1","Rage","Bloodletting+1"],"relics":["Burning Blood","Matryoshka","Dream Catcher","MawBank","Bottled Tornado","Golden Idol","Boot","Philosopher\u0027s Stone","Red Mask","Letter Opener"],"potions_floor_usage":[7,14,16,19,23],"damage_taken":[{"damage":10,"enemies":"Jaw Worm","floor":1,"turns":4},{"damage":6,"enemies":"2 Louse","floor":2,"turns":3},{"damage":43,"enemies":"Lagavulin","floor":7,"turns":9},{"damage":4,"enemies":"Small Slimes","floor":11,"turns":4},{"damage":3,"enemies":"Red Slaver","floor":12,"turns":6},{"damage":24,"enemies":"Gremlin Nob","floor":14,"turns":4},{"damage":22,"enemies":"The Guardian","floor":16,"turns":13},{"damage":8,"enemies":"3 Byrds","floor":18,"turns":4},{"damage":0,"enemies":"Masked Bandits","floor":19,"turns":2},{"damage":25,"enemies":"Spheric Guardian","floor":21,"turns":4},{"damage":9,"enemies":"Snake Plant","floor":22,"turns":4},{"damage":57,"enemies":"Gremlin Leader","floor":23,"turns":5}],"seed_played":"-3938555887609427368","potions_obtained":[{"floor":2,"key":"Block Potion"},{"floor":12,"key":"Strength Potion"},{"floor":14,"key":"Strength Potion"},{"floor":18,"key":"AttackPotion"},{"floor":19,"key":"Explosive Potion"},{"floor":22,"key":"LiquidBronze"}],"is_trial":false,"path_per_floor":["M","M","?","$","?","R","E","$","T","?","M","M","$","E","R","B",null,"M","?","?","M","M","E"],"character_chosen":"IRONCLAD","items_purchased":["Matryoshka","Rampage","Battle Trance"],"campfire_rested":1,"item_purchase_floors":[4,8,13],"current_hp_per_floor":[76,76,76,76,65,65,28,28,28,28,30,33,33,15,37,21,74,72,74,74,55,52,0],"gold":273,"neow_bonus":"RANDOM_COLORLESS","is_prod":false,"is_daily":false,"chose_seed":false,"campfire_upgraded":1,"win_rate":0,"timestamp":1564603280,"path_taken":["M","M","?","$","?","R","E","$","T","?","M","M","?","E","R","BOSS","M","?","?","?","M","E"],"build_version":"2019-07-18","purchased_purges":1,"victory":false,"max_hp_per_floor":[80,80,80,80,80,80,80,80,80,74,74,74,74,74,74,74,74,74,74,74,74,74,74],"card_choices":[{"not_picked":["Reckless Charge","Flex"],"picked":"Cleave","floor":1},{"not_picked":["Anger","Thunderclap"],"picked":"Havoc","floor":2},{"not_picked":["Exhume","True Grit"],"picked":"Metallicize","floor":7},{"not_picked":["Intimidate","Body Slam"],"picked":"Shrug It Off","floor":11},{"not_picked":["Clash","True Grit","Heavy Blade"],"picked":"SKIP","floor":12},{"not_picked":["Havoc","Twin Strike"],"picked":"Carnage","floor":14},{"not_picked":["Combust","Havoc"],"picked":"Pommel Strike","floor":15},{"not_picked":["Brutality","Juggernaut"],"picked":"Immolate","floor":16},{"not_picked":["Warcry","Perfected Strike+1","Twin Strike"],"picked":"SKIP","floor":18},{"not_picked":["Bloodletting+1","Twin Strike+1"],"picked":"Headbutt+1","floor":19},{"not_picked":["Perfected Strike","Warcry+1"],"picked":"Rage","floor":21},{"not_picked":["Body Slam","Rage"],"picked":"Bloodletting+1","floor":22}],"player_experience":132309,"relics_obtained":[{"floor":7,"key":"Dream Catcher"},{"floor":9,"key":"MawBank"},{"floor":9,"key":"Bottled Tornado"},{"floor":14,"key":"Boot"},{"floor":19,"key":"Red Mask"}],"event_choices":[{"damage_healed":0,"gold_gain":175,"player_choice":"AGREE","damage_taken":0,"max_hp_gain":0,"max_hp_loss":0,"event_name":"Liars Game","floor":3,"gold_loss":0,"cards_obtained":["Doubt"]},{"damage_healed":0,"gold_gain":75,"player_choice":"Gather Gold","damage_taken":11,"max_hp_gain":0,"max_hp_loss":0,"event_name":"World of Goop","floor":5,"gold_loss":0},{"damage_healed":0,"gold_gain":0,"player_choice":"Lose Max HP","damage_taken":0,"relics_obtained":["Golden Idol"],"max_hp_gain":0,"max_hp_loss":6,"event_name":"Golden Idol","floor":10,"gold_loss":0},{"damage_healed":0,"gold_gain":0,"player_choice":"Fought Bandits","damage_taken":0,"max_hp_gain":0,"max_hp_loss":0,"event_name":"Masked Bandits","floor":19,"gold_loss":0},{"damage_healed":0,"gold_gain":0,"player_choice":"Gave Potion","damage_taken":0,"relics_obtained":["Letter Opener"],"max_hp_gain":0,"max_hp_loss":0,"event_name":"WeMeetAgain","floor":20,"gold_loss":0}],"is_beta":true,"boss_relics":[{"not_picked":["Fusion Hammer","Tiny House"],"picked":"Philosopher\u0027s Stone"}],"items_purged_floors":[13],"is_endless":false,"potions_floor_spawned":[2,12,14,18,19,22],"killed_by":"Gremlin Leader","ascension_level":3}