{"gold_per_floor":[217,11,11,11,27,27,43,70,95,170,170,140,166,241,241,344,344,357,374,374,104,104,104,136,136],"floor_reached":25,"playtime":674,"items_purged":["Demon Form"],"score":304,"play_id":"7095d1a7-ed54-45ab-bcaf-8501b6ff9ed8","local_time":"20191016025017","is_ascension_mode":true,"campfire_choices":[{"data":"Body Slam","floor":6,"key":"SMITH"},{"floor":11,"key":"REST"},{"floor":15,"key":"REST"},{"floor":23,"key":"REST"}],"neow_cost":"NONE","seed_source_timestamp":309868836163300,"circlet_count":0,"master_deck":["Strike_R","Strike_R","Strike_R","Strike_R","Defend_R","Defend_R","Defend_R","Defend_R","Bash+1","Body Slam+1","Metallicize","Feed"],"relics":["Burning Blood","Membership Card","Ancient Tea Set","Juzu Bracelet","StoneCalendar","Runic Cube","MutagenicStrength","Brimstone","Omamori","Enchiridion","Gremlin Horn"],"potions_floor_usage":[8,16,18,24,24],"damage_taken":[{"damage":20,"enemies":"Small Slimes","floor":1,"turns":3},{"damage":3,"enemies":"2 Louse","floor":5,"turns":3},{"damage":6,"enemies":"Cultist","floor":7,"turns":3},{"damage":7,"enemies":"Gremlin Nob","floor":8,"turns":4},{"damage":38,"enemies":"Lagavulin","floor":13,"turns":6},{"damage":45,"enemies":"The Guardian","floor":16,"turns":12},{"damage":20,"enemies":"3 Byrds","floor":18,"turns":6},{"damage":39,"enemies":"Chosen","floor":19,"turns":6},{"damage":33,"enemies":"Book of Stabbing","floor":24,"turns":3},{"damage":17,"enemies":"Snake Plant","floor":25,"turns":2}],"seed_played":"914974737759266363","potions_obtained":[{"floor":1,"key":"SpeedPotion"},{"floor":12,"key":"FairyPotion"},{"floor":12,"key":"EssenceOfSteel"},{"floor":13,"key":"Explosive Potion"},{"floor":16,"key":"Dexterity Potion"}],"is_trial":false,"path_per_floor":["M","$","?","?","M","R","M","E","T","?","R","?","E","?","R","B",null,"M","M","?","$","?","R","E","M"],"character_chosen":"IRONCLAD","items_purchased":["Membership Card","Brimstone","LiquidBronze","Fire Potion","Omamori"],"campfire_rested":3,"item_purchase_floors":[2,21,21,21,21],"current_hp_per_floor":[58,58,58,58,61,61,61,60,60,49,73,73,41,41,65,26,67,56,23,23,23,7,31,14,0],"gold":136,"neow_bonus":"HUNDRED_GOLD","is_prod":false,"is_daily":false,"chose_seed":false,"campfire_upgraded":1,"win_rate":0,"timestamp":1571212217,"path_taken":["M","$","?","?","M","R","M","E","T","?","R","?","E","?","R","BOSS","M","M","?","$","?","R","E","M"],"build_version":"2019-07-17","purchased_purges":1,"victory":false,"max_hp_per_floor":[80,80,80,80,80,80,80,80,80,80,80,80,80,80,80,80,80,83,83,83,83,83,83,83,83],"card_choices":[{"not_picked":["Fire Breathing","Warcry","Dual Wield"],"picked":"SKIP","floor":1},{"not_picked":["Rupture","Pommel Strike"],"picked":"Metallicize","floor":5},{"not_picked":["Anger","Twin Strike","Iron Wave"],"picked":"SKIP","floor":7},{"not_picked":["Havoc","Rage","Wild Strike"],"picked":"SKIP","floor":8},{"not_picked":["Pommel Strike","Anger"],"picked":"Feed","floor":13},{"not_picked":["Dark Embrace","Limit Break"],"picked":"Demon Form","floor":16},{"not_picked":["Second Wind","Wild Strike","Twin Strike+1"],"picked":"SKIP","floor":18},{"not_picked":["Havoc+1","Wild Strike","Dropkick"],"picked":"SKIP","floor":19},{"not_picked":["Sentinel","Feel No Pain","Shrug It Off"],"picked":"SKIP","floor":24}],"player_experience":312114,"relics_obtained":[{"floor":8,"key":"Ancient Tea Set"},{"floor":9,"key":"Juzu Bracelet"},{"floor":13,"key":"StoneCalendar"},{"floor":22,"key":"Enchiridion"},{"floor":24,"key":"Gremlin Horn"}],"event_choices":[{"damage_healed":0,"gold_gain":0,"player_choice":"Grow","damage_taken":0,"max_hp_gain":0,"max_hp_loss":0,"event_name":"Living Wall","floor":3,"gold_loss":0,"cards_upgraded":["Bash"]},{"damage_healed":0,"gold_gain":0,"cards_transformed":["Strike_R"],"player_choice":"Transformed","damage_taken":0,"max_hp_gain":0,"max_hp_loss":0,"event_name":"Transmorgrifier","floor":4,"gold_loss":0,"cards_obtained":["Body Slam"]},{"damage_healed":0,"gold_gain":75,"player_choice":"Gather Gold","damage_taken":11,"max_hp_gain":0,"max_hp_loss":0,"event_name":"World of Goop","floor":10,"gold_loss":0},{"damage_healed":0,"gold_gain":0,"player_choice":"Bought 2 Potions","damage_taken":0,"max_hp_gain":0,"max_hp_loss":0,"event_name":"The Woman in Blue","floor":12,"gold_loss":0},{"damage_healed":0,"gold_gain":75,"player_choice":"Gained Gold","damage_taken":0,"max_hp_gain":0,"max_hp_loss":0,"event_name":"Golden Wing","floor":14,"gold_loss":0},{"damage_healed":0,"gold_gain":0,"player_choice":"Inject Mutagens","damage_taken":0,"relics_obtained":["MutagenicStrength"],"max_hp_gain":0,"max_hp_loss":0,"event_name":"Drug Dealer","floor":20,"gold_loss":0},{"damage_healed":0,"gold_gain":0,"player_choice":"Obtained Book","damage_taken":16,"max_hp_gain":0,"max_hp_loss":0,"event_name":"Cursed Tome","floor":22,"gold_loss":0}],"is_beta":false,"boss_relics":[{"not_picked":["Orrery","Coffee Dripper"],"picked":"Runic Cube"}],"items_purged_floors":[21],"is_endless":false,"potions_floor_spawned":[1,13,16],"killed_by":"Snake Plant","ascension_level":7}