{"gold_per_floor":[114,114,128,149,74,108,128,128,153,206,60,60,60,103,103,103],"floor_reached":16,"playtime":250,"items_purged":["Strike_R"],"score":146,"play_id":"3dc1bd58-bc13-49ef-bbe4-a99439844282","local_time":"20190815011450","is_ascension_mode":true,"campfire_choices":[{"data":"Immolate","floor":8,"key":"SMITH"},{"data":"Bash","floor":12,"key":"SMITH"},{"floor":15,"key":"REST"}],"neow_cost":"NONE","seed_source_timestamp":83260110264008,"circlet_count":0,"master_deck":["Strike_R","Strike_R","Strike_R","Strike_R","Defend_R","Defend_R","Defend_R","Defend_R","Bash+1","Immolate+1","Cleave","Parasite"],"relics":["Burning Blood","Golden Idol","Bag of Marbles","Art of War","Lantern","Dream Catcher"],"potions_floor_usage":[6,6,16],"damage_taken":[{"damage":0,"enemies":"2 Louse","floor":1,"turns":1},{"damage":12,"enemies":"Jaw Worm","floor":3,"turns":2},{"damage":0,"enemies":"Cultist","floor":4,"turns":2},{"damage":28,"enemies":"Lagavulin","floor":6,"turns":5},{"damage":13,"enemies":"Blue Slaver","floor":7,"turns":2},{"damage":29,"enemies":"Gremlin Nob","floor":14,"turns":4},{"damage":79,"enemies":"Hexaghost","floor":16,"turns":9}],"seed_played":"8506339601416396732","potions_obtained":[{"floor":1,"key":"AttackPotion"},{"floor":3,"key":"Block Potion"},{"floor":14,"key":"Regen Potion"}],"is_trial":false,"path_per_floor":["M","?","M","M","$","E","M","R","T","?","$","R","?","E","R","B"],"character_chosen":"IRONCLAD","items_purchased":["Lantern"],"campfire_rested":1,"item_purchase_floors":[11],"current_hp_per_floor":[78,74,68,74,74,52,45,45,45,45,45,45,63,40,62,0],"gold":103,"neow_bonus":"ONE_RANDOM_RARE_CARD","is_prod":false,"is_daily":false,"chose_seed":false,"campfire_upgraded":2,"win_rate":0,"timestamp":1565849690,"path_taken":["M","?","M","M","$","E","M","R","T","?","?","R","?","E","R","BOSS"],"build_version":"2019-07-17","purchased_purges":1,"victory":false,"max_hp_per_floor":[80,74,74,74,74,74,74,74,74,74,74,74,74,74,74,74],"card_choices":[{"not_picked":["Seeing Red","Dual Wield","Anger"],"picked":"SKIP","floor":1},{"not_picked":["Metallicize","Sword Boomerang","Flex"],"picked":"SKIP","floor":3},{"not_picked":["Flex","Iron Wave"],"picked":"Cleave","floor":4},{"not_picked":["Disarm","Pommel Strike","Bloodletting"],"picked":"SKIP","floor":6},{"not_picked":["Headbutt","Infernal Blade","Entrench"],"picked":"SKIP","floor":7},{"not_picked":["Sword Boomerang","Juggernaut","Inflame"],"picked":"SKIP","floor":14}],"player_experience":300577,"relics_obtained":[{"floor":6,"key":"Bag of Marbles"},{"floor":9,"key":"Art of War"},{"floor":14,"key":"Dream Catcher"}],"event_choices":[{"damage_healed":0,"gold_gain":0,"player_choice":"Lose Max HP","damage_taken":0,"relics_obtained":["Golden Idol"],"max_hp_gain":0,"max_hp_loss":6,"event_name":"Golden Idol","floor":2,"gold_loss":0},{"damage_healed":0,"gold_gain":53,"player_choice":"Gained Gold","damage_taken":0,"max_hp_gain":0,"max_hp_loss":0,"event_name":"Golden Wing","floor":10,"gold_loss":0},{"damage_healed":18,"gold_gain":0,"player_choice":"Healed and dodged fight","damage_taken":0,"max_hp_gain":0,"max_hp_loss":0,"event_name":"Mushrooms","floor":13,"gold_loss":0,"cards_obtained":["Parasite"]}],"is_beta":false,"boss_relics":[],"items_purged_floors":[5],"is_endless":false,"potions_floor_spawned":[1,3,14],"killed_by":"Hexaghost","ascension_level":7}