{"gold_per_floor":[11,22,33,52,1,1,36,48,85,97,109,121,166,198,210,324,336,367,379,401,413,440,481,493,539,576,588,206,225,235,59,59,156,156,174,184,194,194,194,194,209,244,244,244,263,14,27,47,47,47],"floor_reached":51,"playtime":2860,"items_purged":["Pain"],"score":788,"play_id":"68e22c73-a4e8-4751-b7ea-144779f9046a","local_time":"20190505113125","is_ascension_mode":true,"campfire_choices":[{"data":"Havoc","floor":6,"key":"SMITH"},{"floor":15,"key":"REST"},{"data":"Dark Embrace","floor":24,"key":"SMITH"},{"data":"Sentinel","floor":32,"key":"SMITH"},{"data":"Body Slam","floor":40,"key":"SMITH"},{"data":"Corruption","floor":44,"key":"SMITH"},{"data":"Double Tap","floor":49,"key":"SMITH"}],"neow_cost":"NO_GOLD","seed_source_timestamp":85879587385900,"circlet_count":0,"master_deck":["Bash+1","Havoc","Carnage+1","Havoc+1","Fire Breathing","Battle Trance","Battle Trance","Corruption+1","Fiend Fire","Intimidate","Rage","Uppercut","Sentinel+1","Warcry","Dropkick","Dark Embrace+1","Twin Strike","Second Wind","Feel No Pain","Rampage","Feel No Pain","Dropkick","Immolate","Fire Breathing+1","Havoc","Double Tap+1","Wild Strike","Ghostly Armor+1","Body Slam+1","Brutality+1","Body Slam+1","Rupture+1","Headbutt+1","Havoc+1","Ghostly Armor+1"],"relics":["Black Blood","Incense Burner","MawBank","Bag of Preparation","Happy Flower","Pandora\u0027s Box","WarpedTongs","Omamori","Bag of Marbles","Lantern","Red Skull","Frozen Egg 2","Ancient Tea Set","Question Card","Gremlin Horn"],"potions_floor_usage":[16,23,25,25,33,50,50],"damage_taken":[{"damage":10,"enemies":"Cultist","floor":1,"turns":4},{"damage":9,"enemies":"2 Louse","floor":2,"turns":3},{"damage":7,"enemies":"Small Slimes","floor":3,"turns":3},{"damage":6,"enemies":"Looter","floor":4,"turns":3},{"damage":27,"enemies":"Lagavulin","floor":7,"turns":6},{"damage":6,"enemies":"Gremlin Nob","floor":13,"turns":3},{"damage":9,"enemies":"Exordium Thugs","floor":14,"turns":3},{"damage":33,"enemies":"The Guardian","floor":16,"turns":9},{"damage":0,"enemies":"Spheric Guardian","floor":18,"turns":3},{"damage":12,"enemies":"2 Thieves","floor":20,"turns":3},{"damage":21,"enemies":"Shelled Parasite and Fungi","floor":22,"turns":4},{"damage":15,"enemies":"Book of Stabbing","floor":23,"turns":5},{"damage":29,"enemies":"Gremlin Leader","floor":25,"turns":6},{"damage":3,"enemies":"Snake Plant","floor":29,"turns":4},{"damage":0,"enemies":"3 Cultists","floor":30,"turns":4},{"damage":33,"enemies":"Champ","floor":33,"turns":9},{"damage":13,"enemies":"Orb Walker","floor":35,"turns":3},{"damage":1,"enemies":"3 Shapes","floor":36,"turns":4},{"damage":11,"enemies":"3 Darklings","floor":37,"turns":6},{"damage":5,"enemies":"Spire Growth","floor":41,"turns":4},{"damage":4,"enemies":"Giant Head","floor":42,"turns":4},{"damage":4,"enemies":"Jaw Worm Horde","floor":45,"turns":4},{"damage":3,"enemies":"3 Darklings","floor":47,"turns":3},{"damage":5,"enemies":"Maw","floor":48,"turns":5},{"damage":62,"enemies":"Awakened One","floor":50,"turns":9}],"seed_played":"6554355491339055804","potions_obtained":[{"floor":13,"key":"Fire Potion"},{"floor":14,"key":"Fire Potion"},{"floor":16,"key":"Poison Potion"},{"floor":18,"key":"Dexterity Potion"},{"floor":23,"key":"EssenceOfSteel"},{"floor":27,"key":"SmokeBomb"},{"floor":27,"key":"GamblersBrew"},{"floor":33,"key":"Dexterity Potion"},{"floor":35,"key":"AttackPotion"},{"floor":45,"key":"Regen Potion"}],"is_trial":false,"path_per_floor":["M","M","M","M","$","R","E","$","T","?","?","?","E","M","R","B",null,"M","?","M","$","M","E","R","E","T","?","$","M","M","$","R","B",null,"M","M","M","?","?","R","M","E","T","R","M","$","M","M","R","B",null],"character_chosen":"IRONCLAD","items_purchased":["Havoc","Red Skull","Frozen Egg 2","Fire Breathing+1","Havoc","Gremlin Horn"],"campfire_rested":1,"item_purchase_floors":[5,28,28,31,31,46],"current_hp_per_floor":[76,73,72,72,72,72,51,51,51,35,35,35,35,32,56,29,80,80,80,74,74,59,50,50,27,27,27,27,30,36,36,36,9,80,77,80,79,79,79,79,80,80,80,80,80,80,80,80,80,43],"gold":47,"neow_bonus":"ONE_RARE_RELIC","is_prod":false,"is_daily":false,"chose_seed":false,"campfire_upgraded":6,"win_rate":0,"timestamp":1557048685,"path_taken":["M","?","M","M","?","R","E","$","T","?","?","?","E","M","R","BOSS","M","?","M","?","M","E","R","E","T","?","$","?","M","$","R","BOSS","M","M","M","?","?","R","M","E","T","R","M","$","M","?","R","BOSS"],"build_version":"2019-04-23","purchased_purges":1,"victory":true,"max_hp_per_floor":[80,80,80,80,80,80,80,80,80,80,80,80,80,80,80,80,80,80,80,80,80,80,80,80,80,80,80,80,80,80,80,80,80,80,80,80,80,80,80,80,80,80,80,80,80,80,80,80,80,80],"card_choices":[{"not_picked":["Heavy Blade","Sword Boomerang"],"picked":"Havoc","floor":1},{"not_picked":["Body Slam","True Grit"],"picked":"Carnage","floor":2},{"not_picked":["Warcry","Clash"],"picked":"Second Wind","floor":3},{"not_picked":["Flex","Perfected Strike","Twin Strike"],"picked":"SKIP","floor":4},{"not_picked":["Dual Wield","Sword Boomerang"],"picked":"Fire Breathing","floor":7},{"not_picked":["Barricade","Clash"],"picked":"Battle Trance","floor":13},{"not_picked":["Heavy Blade","True Grit"],"picked":"Corruption","floor":14},{"not_picked":["Limit Break","Offering"],"picked":"Fiend Fire","floor":16},{"not_picked":["Disarm","Sword Boomerang"],"picked":"Second Wind","floor":18},{"not_picked":["Iron Wave","Clash"],"picked":"Feel No Pain","floor":20},{"not_picked":["Corruption","Thunderclap+1"],"picked":"Rampage","floor":22},{"not_picked":["Anger","Flex"],"picked":"Feel No Pain","floor":23},{"not_picked":["Sword Boomerang","True Grit"],"picked":"Rage","floor":25},{"not_picked":["Clothesline","Armaments"],"picked":"Dropkick","floor":29},{"not_picked":["Dual Wield+1","Spot Weakness"],"picked":"Immolate","floor":30},{"not_picked":["Brutality+1","Bludgeon"],"picked":"Double Tap","floor":33},{"not_picked":["Combust+1","Searing Blow"],"picked":"Wild Strike","floor":35},{"not_picked":["Wild Strike","Clash"],"picked":"Ghostly Armor+1","floor":36},{"not_picked":["Rage","Clash"],"picked":"Body Slam","floor":37},{"not_picked":["Headbutt+1","Clash+1"],"picked":"Body Slam+1","floor":41},{"not_picked":["Berserk+1","Sword Boomerang+1"],"picked":"Rupture+1","floor":42},{"not_picked":["Spot Weakness","Clothesline","Perfected Strike+1"],"picked":"Headbutt+1","floor":45},{"not_picked":["Wild Strike","Shrug It Off","Twin Strike+1"],"picked":"Havoc+1","floor":47},{"not_picked":["Carnage","Armaments+1","Flex"],"picked":"Ghostly Armor+1","floor":48}],"player_experience":55526,"relics_obtained":[{"floor":7,"key":"MawBank"},{"floor":9,"key":"Bag of Preparation"},{"floor":13,"key":"Happy Flower"},{"floor":23,"key":"Omamori"},{"floor":25,"key":"Bag of Marbles"},{"floor":26,"key":"Lantern"},{"floor":42,"key":"Ancient Tea Set"},{"floor":43,"key":"Question Card"}],"event_choices":[{"damage_healed":0,"gold_gain":0,"player_choice":"Entered Light","damage_taken":16,"max_hp_gain":0,"max_hp_loss":0,"event_name":"Shining Light","floor":10,"gold_loss":0,"cards_upgraded":["Carnage","Bash"]},{"damage_healed":0,"gold_gain":0,"cards_transformed":["Second Wind"],"player_choice":"Change","damage_taken":0,"max_hp_gain":0,"max_hp_loss":0,"event_name":"Living Wall","floor":11,"gold_loss":0,"cards_obtained":["Battle Trance"]},{"damage_healed":0,"gold_gain":0,"player_choice":"Ignored","damage_taken":0,"max_hp_gain":0,"max_hp_loss":0,"event_name":"Liars Game","floor":12,"gold_loss":0},{"damage_healed":0,"gold_gain":0,"player_choice":"Rummage","damage_taken":0,"relics_obtained":["WarpedTongs"],"max_hp_gain":0,"max_hp_loss":0,"event_name":"Accursed Blacksmith","floor":19,"gold_loss":0,"cards_obtained":["Pain"]},{"damage_healed":0,"gold_gain":0,"player_choice":"Got Potions","damage_taken":0,"max_hp_gain":0,"max_hp_loss":0,"event_name":"Lab","floor":27,"gold_loss":0},{"cards_removed":["Rage"],"damage_healed":0,"gold_gain":0,"player_choice":"Removed Skill","damage_taken":0,"max_hp_gain":0,"max_hp_loss":0,"event_name":"Falling","floor":38,"gold_loss":0},{"damage_healed":0,"gold_gain":0,"cards_transformed":["Entrench"],"player_choice":"Transformed","damage_taken":0,"max_hp_gain":0,"max_hp_loss":0,"event_name":"Transmorgrifier","floor":39,"gold_loss":0,"cards_obtained":["Brutality"]}],"is_beta":true,"boss_relics":[{"not_picked":["Busted Crown","Cursed Key"],"picked":"Pandora\u0027s Box"},{"not_picked":["Runic Dome","Black Star"],"picked":"Black Blood"}],"items_purged_floors":[31],"is_endless":false,"potions_floor_spawned":[13,14,16,18,23,29,30,33,35,36,45],"ascension_level":1}