{"gold_per_floor":[115,36,55,67,67,102,132,132,132,132],"floor_reached":10,"playtime":137,"items_purged":[],"score":92,"play_id":"c9deac31-fe44-40d8-a5d8-c390c2a19543","local_time":"20191020224108","is_ascension_mode":true,"campfire_choices":[],"neow_cost":"PERCENT_DAMAGE","seed_source_timestamp":727471190445800,"circlet_count":0,"master_deck":["Strike_R","Strike_R","Strike_R","Strike_R","Strike_R","Defend_R","Defend_R","Defend_R","Defend_R","Bash","Carnage","Blood for Blood","Rampage","Corruption+1"],"relics":["Burning Blood","Du-Vu Doll","Ice Cream","Gremlin Horn"],"potions_floor_usage":[6],"damage_taken":[{"damage":0,"enemies":"Small Slimes","floor":1,"turns":3},{"damage":7,"enemies":"2 Louse","floor":3,"turns":2},{"damage":1,"enemies":"Cultist","floor":4,"turns":3},{"damage":43,"enemies":"Lagavulin","floor":6,"turns":4},{"damage":24,"enemies":"Exordium Thugs","floor":10,"turns":2}],"seed_played":"8037967336878327895","potions_obtained":[{"floor":4,"key":"PowerPotion"}],"is_trial":false,"path_per_floor":["M","$","M","M","$","E","?","?","T","M"],"character_chosen":"IRONCLAD","items_purchased":["Blood for Blood"],"campfire_rested":0,"item_purchase_floors":[2],"current_hp_per_floor":[57,57,56,61,61,24,24,24,24,0],"gold":132,"neow_bonus":"ONE_RARE_RELIC","is_prod":false,"is_daily":false,"chose_seed":false,"campfire_upgraded":0,"win_rate":0,"timestamp":1571629268,"path_taken":["M","$","M","M","$","E","?","?","T","M"],"build_version":"2019-07-17","purchased_purges":0,"victory":false,"max_hp_per_floor":[80,80,80,80,80,80,80,80,80,80],"card_choices":[{"not_picked":["Sword Boomerang","Wild Strike"],"picked":"Carnage","floor":1},{"not_picked":["Shrug It Off","Heavy Blade"],"picked":"Rampage","floor":3},{"not_picked":["Clothesline","Uppercut","Searing Blow"],"picked":"SKIP","floor":4},{"not_picked":["Twin Strike","Second Wind"],"picked":"Corruption","floor":6}],"player_experience":331291,"relics_obtained":[{"floor":6,"key":"Ice Cream"},{"floor":9,"key":"Gremlin Horn"}],"event_choices":[{"damage_healed":0,"gold_gain":30,"player_choice":"Searched \u00272\u0027 times","damage_taken":0,"max_hp_gain":0,"max_hp_loss":0,"event_name":"Dead Adventurer","floor":7,"gold_loss":0},{"damage_healed":0,"gold_gain":0,"player_choice":"Grow","damage_taken":0,"max_hp_gain":0,"max_hp_loss":0,"event_name":"Living Wall","floor":8,"gold_loss":0,"cards_upgraded":["Corruption"]}],"is_beta":false,"boss_relics":[],"items_purged_floors":[],"is_endless":false,"potions_floor_spawned":[4],"killed_by":"Exordium Thugs","ascension_level":8}