{"gold_per_floor":[119,17,27,43,43,43,58,233,233,258,258,258],"floor_reached":12,"playtime":444,"items_purged":[],"score":89,"play_id":"a7fb9155-3946-40ce-8b2a-472289c1c3d5","local_time":"20190821154913","is_ascension_mode":true,"campfire_choices":[{"data":"Panacea","floor":6,"key":"SMITH"}],"neow_cost":"TEN_PERCENT_HP_LOSS","seed_source_timestamp":157872558253600,"circlet_count":0,"master_deck":["Strike_R","Strike_R","Strike_R","Strike_R","Strike_R","Defend_R","Defend_R","Defend_R","Defend_R","Bash","Purity","Panacea+1","Perfected Strike","Flex","Sword Boomerang","Headbutt","Combust","Twin Strike","Doubt","Searing Blow"],"relics":["Burning Blood","WarpedTongs","Question Card","Toxic Egg 2","Spirit Poop"],"potions_floor_usage":[10],"damage_taken":[{"damage":6,"enemies":"2 Louse","floor":1,"turns":4},{"damage":0,"enemies":"Cultist","floor":3,"turns":3},{"damage":12,"enemies":"Small Slimes","floor":4,"turns":2},{"damage":24,"enemies":"Blue Slaver","floor":7,"turns":4},{"damage":17,"enemies":"Lagavulin","floor":10,"turns":6},{"damage":39,"enemies":"3 Sentries","floor":12,"turns":6}],"seed_played":"-1876947109136501526","potions_obtained":[{"floor":1,"key":"PowerPotion"},{"floor":4,"key":"Dexterity Potion"},{"floor":7,"key":"SteroidPotion"}],"is_trial":false,"path_per_floor":["M","$","M","M","?","R","M","?","T","E","?","E"],"character_chosen":"IRONCLAD","items_purchased":["Flex","Sword Boomerang"],"campfire_rested":0,"item_purchase_floors":[2,2],"current_hp_per_floor":[72,72,72,66,66,66,48,48,48,37,37,0],"gold":258,"neow_bonus":"RANDOM_COLORLESS_2","is_prod":false,"is_daily":false,"chose_seed":false,"campfire_upgraded":1,"win_rate":0,"timestamp":1566416953,"path_taken":["M","$","M","M","?","R","?","?","T","E","?","E"],"build_version":"2019-07-17","purchased_purges":0,"victory":false,"max_hp_per_floor":[72,72,72,72,72,72,72,72,72,72,72,72],"card_choices":[{"not_picked":["Havoc","Sword Boomerang"],"picked":"Perfected Strike","floor":1},{"not_picked":["Hemokinesis","Disarm"],"picked":"Headbutt","floor":3},{"not_picked":["Anger","Limit Break"],"picked":"Combust","floor":4},{"not_picked":["Shockwave","Flex"],"picked":"Twin Strike","floor":7},{"not_picked":["Wild Strike","True Grit","Pommel Strike"],"picked":"Searing Blow","floor":10}],"player_experience":603989,"relics_obtained":[{"floor":9,"key":"Question Card"},{"floor":10,"key":"Toxic Egg 2"}],"event_choices":[{"damage_healed":0,"gold_gain":0,"player_choice":"Rummage","damage_taken":0,"relics_obtained":["WarpedTongs"],"max_hp_gain":0,"max_hp_loss":0,"event_name":"Accursed Blacksmith","floor":5,"gold_loss":0,"cards_obtained":["Pain"]},{"damage_healed":0,"gold_gain":175,"player_choice":"AGREE","damage_taken":0,"max_hp_gain":0,"max_hp_loss":0,"event_name":"Liars Game","floor":8,"gold_loss":0,"cards_obtained":["Doubt"]},{"cards_removed":["Pain"],"damage_healed":0,"gold_gain":0,"player_choice":"Offered Curse","damage_taken":0,"relics_obtained":["Spirit Poop"],"max_hp_gain":0,"max_hp_loss":0,"event_name":"Bonfire Elementals","floor":11,"gold_loss":0}],"is_beta":false,"boss_relics":[],"items_purged_floors":[],"is_endless":false,"potions_floor_spawned":[1,4,7],"killed_by":"3 Sentries","ascension_level":3}