{"gold_per_floor":[119,69,15,30,50,50,68,98,121,121,141,141,57,157,157,261,261,274,284,295,53,68,68,68,68,68,68,87,121,121,140,140,243,243,253,253,318,383,433,433,444,455,455,455,475,525,525,15,15,15],"floor_reached":50,"playtime":2039,"items_purged":["Strike_B"],"score":489,"play_id":"70ddb80e-14cb-4e6e-8f70-57a1b56651ce","local_time":"20191020001206","is_ascension_mode":false,"campfire_choices":[{"data":"Melter","floor":6,"key":"SMITH"},{"data":"Biased Cognition","floor":12,"key":"SMITH"},{"data":"Static Discharge","floor":15,"key":"SMITH"},{"floor":23,"key":"REST"},{"data":"Genetic Algorithm","floor":25,"key":"SMITH"},{"data":"Thunder Strike","floor":27,"key":"SMITH"},{"floor":30,"key":"REST"},{"data":"Zap","floor":32,"key":"SMITH"},{"floor":40,"key":"REST"},{"floor":44,"key":"REST"},{"floor":47,"key":"REST"},{"data":"Streamline","floor":49,"key":"SMITH"}],"neow_cost":"NONE","seed_source_timestamp":2079317821077999,"circlet_count":0,"master_deck":["Strike_B","Strike_B","Defend_B","Defend_B","Defend_B","Defend_B","Zap+1","Dualcast","Leap","Ball Lightning","Melter+1","Beam Cell","Doom and Gloom","Biased Cognition+1","Conserve Battery","Cold Snap","Static Discharge+1","Thunder Strike+1","Genetic Algorithm+1","Sweeping Beam+1","FTL","Static Discharge","Leap","Cold Snap","Biased Cognition+1","Leap+1","Consume","FTL","Electrodynamics","Barrage+1","Streamline+1","Madness","Madness","Beam Cell","White Noise+1","Hello World","Creative AI","Defragment","BootSequence","Coolheaded"],"relics":["Cracked Core","NeowsBlessing","Regal Pillow","Pen Nib","Cursed Key","Happy Flower","Lantern","Nuclear Battery","SsserpentHead","Pear"],"potions_floor_usage":[16,19,28,31,33,33,41,50],"damage_taken":[{"damage":0,"enemies":"Small Slimes","floor":1,"turns":1},{"damage":0,"enemies":"Jaw Worm","floor":4,"turns":1},{"damage":0,"enemies":"Cultist","floor":5,"turns":1},{"damage":11,"enemies":"3 Louse","floor":7,"turns":3},{"damage":22,"enemies":"3 Sentries","floor":8,"turns":6},{"damage":10,"enemies":"Gremlin Gang","floor":11,"turns":4},{"damage":1,"enemies":"Slime Boss","floor":16,"turns":7},{"damage":18,"enemies":"2 Thieves","floor":18,"turns":2},{"damage":15,"enemies":"3 Byrds","floor":19,"turns":5},{"damage":17,"enemies":"Snecko","floor":20,"turns":5},{"damage":24,"enemies":"Centurion and Healer","floor":22,"turns":6},{"damage":12,"enemies":"Snake Plant","floor":28,"turns":4},{"damage":3,"enemies":"Book of Stabbing","floor":29,"turns":3},{"damage":3,"enemies":"Shelled Parasite and Fungi","floor":31,"turns":5},{"damage":62,"enemies":"Champ","floor":33,"turns":9},{"damage":8,"enemies":"3 Darklings","floor":35,"turns":4},{"damage":8,"enemies":"Orb Walker","floor":37,"turns":2},{"damage":17,"enemies":"Spire Growth","floor":38,"turns":5},{"damage":0,"enemies":"3 Darklings","floor":41,"turns":5},{"damage":41,"enemies":"4 Shapes","floor":42,"turns":6},{"damage":41,"enemies":"Spire Growth","floor":45,"turns":4},{"damage":99,"enemies":"Time Eater","floor":50,"turns":9}],"seed_played":"4487429265565474387","potions_obtained":[{"floor":1,"key":"EssenceOfSteel"},{"floor":8,"key":"Explosive Potion"},{"floor":18,"key":"FearPotion"},{"floor":19,"key":"FearPotion"},{"floor":29,"key":"Regen Potion"},{"floor":31,"key":"Energy Potion"},{"floor":38,"key":"Explosive Potion"},{"floor":42,"key":"Strength Potion"}],"is_trial":false,"path_per_floor":["M","?","$","M","M","R","M","E","T","?","M","R","$","?","R","B",null,"M","M","M","$","M","R","?","R","T","R","M","E","R","M","R","B",null,"M","?","M","M","?","R","M","M","T","R","M","?","R","$","R","B"],"character_chosen":"DEFECT","items_purchased":["Ball Lightning","Cold Snap","Static Discharge","Static Discharge","Happy Flower","Leap","Defragment","Pear","BootSequence","Coolheaded"],"campfire_rested":5,"item_purchase_floors":[3,13,13,21,21,21,48,48,48,48],"current_hp_per_floor":[75,75,75,75,75,75,64,42,42,42,32,32,32,32,32,31,75,57,42,25,25,1,38,38,38,38,38,26,23,60,71,71,9,75,67,67,59,42,33,70,70,29,29,66,25,25,62,72,72,0],"gold":15,"neow_bonus":"THREE_ENEMY_KILL","is_prod":false,"is_daily":false,"chose_seed":false,"campfire_upgraded":7,"win_rate":0.0,"timestamp":1571544726,"path_taken":["M","?","$","M","M","R","M","E","T","?","M","R","$","?","R","BOSS","M","M","?","$","M","R","?","R","T","R","M","E","R","?","R","BOSS","M","?","?","?","?","R","M","M","T","R","M","?","R","$","R","BOSS"],"build_version":"2019-07-17","purchased_purges":1,"victory":false,"max_hp_per_floor":[75,75,75,75,75,75,75,75,75,75,75,75,75,75,75,75,75,75,75,75,75,75,75,75,75,75,75,75,75,75,75,75,75,75,75,75,75,75,75,75,75,75,75,75,75,75,75,85,85,85],"card_choices":[{"not_picked":["Scrape","FTL"],"picked":"Leap","floor":1},{"not_picked":["Redo","Go for the Eyes","Melter"],"picked":"SKIP","floor":4},{"not_picked":["Redo","Go for the Eyes"],"picked":"Melter","floor":4},{"not_picked":["Stack","Reprogram"],"picked":"Beam Cell","floor":5},{"not_picked":["Streamline","Beam Cell"],"picked":"Doom and Gloom","floor":7},{"not_picked":["Compile Driver","Beam Cell"],"picked":"Biased Cognition","floor":8},{"not_picked":["Beam Cell","Static Discharge"],"picked":"Conserve Battery","floor":11},{"not_picked":["All For One","Seek"],"picked":"Thunder Strike","floor":16},{"not_picked":["Self Repair","Go for the Eyes"],"picked":"Genetic Algorithm","floor":18},{"not_picked":["Go for the Eyes","Barrage+1"],"picked":"Sweeping Beam+1","floor":19},{"not_picked":["Blizzard","Hologram"],"picked":"FTL","floor":20},{"not_picked":["Hello World","Aggregate"],"picked":"Cold Snap","floor":22},{"not_picked":["Steam+1","Ball Lightning"],"picked":"Leap+1","floor":28},{"not_picked":["Hologram","Aggregate"],"picked":"Consume","floor":29},{"not_picked":["Lockon","Redo"],"picked":"FTL","floor":31},{"not_picked":["Buffer","Machine Learning"],"picked":"Electrodynamics","floor":33},{"not_picked":["Blizzard+1","Redo"],"picked":"Barrage+1","floor":35},{"not_picked":["Sweeping Beam","Aggregate+1","Gash+1"],"picked":"SKIP","floor":37},{"not_picked":["Steam Power+1","Tempest+1"],"picked":"Streamline","floor":38},{"not_picked":["Streamline","Heatsinks"],"picked":"Beam Cell","floor":41},{"not_picked":["Streamline+1","Barrage"],"picked":"White Noise+1","floor":42},{"not_picked":["Heatsinks","Sweeping Beam"],"picked":"Hello World","floor":45}],"player_experience":29078,"relics_obtained":[{"floor":8,"key":"Regal Pillow"},{"floor":9,"key":"Pen Nib"},{"floor":29,"key":"Lantern"}],"event_choices":[{"cards_removed":["Strike_B"],"damage_healed":0,"gold_gain":0,"player_choice":"Card Removal","damage_taken":0,"max_hp_gain":0,"max_hp_loss":0,"event_name":"The Cleric","floor":2,"gold_loss":50},{"damage_healed":0,"gold_gain":0,"player_choice":"Searched \u00270\u0027 times","damage_taken":0,"max_hp_gain":0,"max_hp_loss":0,"event_name":"Dead Adventurer","floor":10,"gold_loss":0},{"damage_healed":0,"gold_gain":100,"player_choice":"Pray","damage_taken":0,"max_hp_gain":0,"max_hp_loss":0,"event_name":"Golden Shrine","floor":14,"gold_loss":0},{"damage_healed":0,"gold_gain":0,"player_choice":"Copied","damage_taken":0,"max_hp_gain":0,"max_hp_loss":0,"event_name":"Duplicator","floor":24,"gold_loss":0,"cards_obtained":["Biased Cognition"]},{"damage_healed":0,"gold_gain":0,"player_choice":"Trade","damage_taken":0,"relics_obtained":["SsserpentHead"],"max_hp_gain":0,"max_hp_loss":0,"event_name":"FaceTrader","floor":36,"gold_loss":0},{"damage_healed":0,"gold_gain":0,"player_choice":"Embrace Madness","damage_taken":9,"max_hp_gain":0,"max_hp_loss":0,"event_name":"Winding Halls","floor":39,"gold_loss":0,"cards_obtained":["Madness","Madness"]},{"damage_healed":0,"gold_gain":0,"player_choice":"1 cards matched","damage_taken":0,"max_hp_gain":0,"max_hp_loss":0,"event_name":"Match and Keep!","floor":46,"gold_loss":0,"cards_obtained":["Creative AI"]}],"is_beta":false,"boss_relics":[{"not_picked":["Orrery","Calling Bell"],"picked":"Cursed Key"},{"not_picked":["White Beast Statue","Busted Crown"],"picked":"Nuclear Battery"}],"items_purged_floors":[48],"is_endless":false,"potions_floor_spawned":[1,8,18,19,29,31,38,42],"killed_by":"Time Eater","ascension_level":0}