{"gold_per_floor":[115,46,221,44,57,57,27,53,78,97,125,136,136],"floor_reached":13,"playtime":394,"items_purged":["Doubt"],"score":159,"play_id":"b3392b51-5e8b-48a5-b975-78d0adcff91a","local_time":"20190824025022","is_ascension_mode":true,"campfire_choices":[{"data":"Armaments","floor":6,"key":"SMITH"}],"neow_cost":"NONE","seed_source_timestamp":288867892080300,"circlet_count":0,"master_deck":["Strike_R","Strike_R","Strike_R","Strike_R","Strike_R","Defend_R","Defend_R","Defend_R","Defend_R","Bash","Flame Barrier","Entrench","Armaments+1","Shrug It Off","Shrug It Off","Disarm","Shrug It Off"],"relics":["Burning Blood","NeowsBlessing","Smiling Mask","Dream Catcher","Shovel"],"potions_floor_usage":[8,11,11,12],"damage_taken":[{"damage":0,"enemies":"Small Slimes","floor":1,"turns":1},{"damage":0,"enemies":"Cultist","floor":5,"turns":1},{"damage":0,"enemies":"Lagavulin","floor":8,"turns":1},{"damage":0,"enemies":"Jaw Worm","floor":10,"turns":8},{"damage":27,"enemies":"Gremlin Nob","floor":11,"turns":5},{"damage":50,"enemies":"Gremlin Gang","floor":12,"turns":10},{"damage":0,"enemies":"3 Sentries","floor":13,"turns":1}],"seed_played":"4614041451146158044","potions_obtained":[{"floor":5,"key":"Swift Potion"},{"floor":7,"key":"Poison Potion"},{"floor":7,"key":"FearPotion"},{"floor":11,"key":"SpeedPotion"}],"is_trial":false,"path_per_floor":["M","$","?","$","M","R","?","E","T","M","E","M","E"],"character_chosen":"IRONCLAD","items_purchased":["Entrench","Armaments","Shrug It Off"],"campfire_rested":0,"item_purchase_floors":[2,4,4],"current_hp_per_floor":[78,78,78,78,80,80,80,80,80,80,59,15,15],"gold":136,"neow_bonus":"THREE_ENEMY_KILL","is_prod":false,"is_daily":false,"chose_seed":false,"campfire_upgraded":1,"win_rate":0,"timestamp":1566633022,"path_taken":["M","$","?","$","M","R","?","E","T","M","E","?","E"],"build_version":"2019-07-17","purchased_purges":1,"victory":false,"max_hp_per_floor":[80,80,80,80,80,80,80,80,80,80,80,80,80],"card_choices":[{"not_picked":["Anger","Sword Boomerang"],"picked":"Flame Barrier","floor":1},{"not_picked":["Perfected Strike","Flex"],"picked":"Shrug It Off","floor":5},{"not_picked":["Limit Break","Pommel Strike"],"picked":"Disarm","floor":8},{"not_picked":["Headbutt","Havoc"],"picked":"Shrug It Off","floor":10},{"not_picked":["Feel No Pain","Bludgeon","True Grit"],"picked":"SKIP","floor":11},{"not_picked":["Twin Strike","Ghostly Armor","Havoc"],"picked":"SKIP","floor":12}],"player_experience":302175,"relics_obtained":[{"floor":8,"key":"Smiling Mask"},{"floor":9,"key":"Dream Catcher"},{"floor":11,"key":"Shovel"}],"event_choices":[{"damage_healed":0,"gold_gain":175,"player_choice":"AGREE","damage_taken":0,"max_hp_gain":0,"max_hp_loss":0,"event_name":"Liars Game","floor":3,"gold_loss":0,"cards_obtained":["Doubt"]},{"damage_healed":0,"gold_gain":0,"player_choice":"Bought 2 Potions","damage_taken":0,"max_hp_gain":0,"max_hp_loss":0,"event_name":"The Woman in Blue","floor":7,"gold_loss":0}],"is_beta":false,"boss_relics":[],"items_purged_floors":[4],"is_endless":false,"potions_floor_spawned":[5,11],"killed_by":"3 Sentries","ascension_level":7}