{"gold_per_floor":[116,116,129,95,95,131,150,75,75,149,17,35,75,91,91,222,222,240,253,271,21,37,37],"floor_reached":23,"playtime":1081,"items_purged":["Strike_G"],"score":228,"play_id":"93417853-30ef-4418-bf56-479ba315dd75","local_time":"20190502224142","is_ascension_mode":false,"campfire_choices":[{"floor":15,"key":"REST"}],"neow_cost":"TEN_PERCENT_HP_LOSS","seed_source_timestamp":1293614689442200,"circlet_count":0,"master_deck":["Defend_G","Defend_G","Defend_G","Defend_G","Defend_G","Strike_G","Strike_G+1","Strike_G+1","Strike_G","Survivor","Neutralize","Bandage Up","Secret Technique","Die Die Die","Bouncing Flask","Poisoned Stab","Leg Sweep","Backflip","Caltrops","Bane","Poisoned Stab","PiercingWail","Burst","Dagger Throw","Envenom","Leg Sweep","Poisoned Stab+1","Distraction+1","Catalyst","Poisoned Stab"],"relics":["Ring of the Serpent","Golden Idol","Bottled Flame","Dodecahedron","Letter Opener","Whetstone","Membership Card"],"potions_floor_usage":[13,20,20,23],"damage_taken":[{"damage":0,"enemies":"Small Slimes","floor":1,"turns":3},{"damage":0,"enemies":"Cultist","floor":3,"turns":5},{"damage":28,"enemies":"Gremlin Nob","floor":6,"turns":5},{"damage":2,"enemies":"Jaw Worm","floor":7,"turns":4},{"damage":19,"enemies":"3 Sentries","floor":10,"turns":8},{"damage":2,"enemies":"Looter","floor":12,"turns":3},{"damage":5,"enemies":"3 Sentries","floor":13,"turns":7},{"damage":12,"enemies":"Blue Slaver","floor":14,"turns":3},{"damage":9,"enemies":"Hexaghost","floor":16,"turns":7},{"damage":1,"enemies":"Chosen","floor":18,"turns":4},{"damage":0,"enemies":"Spheric Guardian","floor":19,"turns":3},{"damage":32,"enemies":"Cultist and Chosen","floor":20,"turns":8},{"damage":27,"enemies":"Sentry and Sphere","floor":22,"turns":6},{"damage":10,"enemies":"Book of Stabbing","floor":23,"turns":4}],"seed_played":"2458847697803958123","potions_obtained":[{"floor":3,"key":"EssenceOfSteel"},{"floor":10,"key":"SkillPotion"},{"floor":12,"key":"Fire Potion"},{"floor":18,"key":"Swift Potion"}],"is_trial":false,"path_per_floor":["M","?","M","$","?","E","M","$","T","?","$","M","E","M","R","B",null,"M","M","M","$","M","E"],"character_chosen":"THE_SILENT","items_purchased":["Bouncing Flask","Caltrops","Bane","Poisoned Stab","Membership Card","Catalyst"],"campfire_rested":1,"item_purchase_floors":[4,11,11,11,21,21],"current_hp_per_floor":[63,63,63,63,58,34,32,32,32,17,17,19,18,6,23,18,58,57,57,29,29,6,0],"gold":37,"neow_bonus":"RANDOM_COLORLESS_2","is_prod":false,"is_daily":false,"chose_seed":false,"campfire_upgraded":0,"win_rate":0.0,"timestamp":1556829702,"path_taken":["M","?","?","?","?","E","M","?","T","?","?","M","E","M","R","BOSS","M","M","M","$","M","E"],"build_version":"2019-04-23","purchased_purges":1,"victory":false,"max_hp_per_floor":[63,63,63,63,58,58,58,58,58,58,58,58,58,58,58,58,58,58,58,58,58,58,58],"card_choices":[{"not_picked":["Dagger Spray","Slice"],"picked":"Underhanded Strike","floor":1},{"not_picked":["Dash","Slice"],"picked":"Die Die Die","floor":3},{"not_picked":["Underhanded Strike","Flechettes"],"picked":"Poisoned Stab","floor":6},{"not_picked":["Flying Knee","Bane"],"picked":"Leg Sweep","floor":7},{"not_picked":["Dodge and Roll","Calculated Gamble"],"picked":"Backflip","floor":10},{"not_picked":["Endless Agony","Caltrops"],"picked":"PiercingWail","floor":12},{"not_picked":["Leg Sweep","A Thousand Cuts"],"picked":"Burst","floor":13},{"not_picked":["Prepared","Riddle With Holes"],"picked":"Dagger Throw","floor":14},{"not_picked":["Venomology","Glass Knife"],"picked":"Envenom","floor":16},{"not_picked":["Dagger Throw","Dagger Spray+1"],"picked":"Leg Sweep","floor":18},{"not_picked":["Infinite Blades+1","Predator"],"picked":"Poisoned Stab+1","floor":19},{"not_picked":["Flechettes","Endless Agony+1"],"picked":"Distraction+1","floor":20},{"not_picked":["Blade Dance+1","PiercingWail"],"picked":"Poisoned Stab","floor":22}],"player_experience":15536,"relics_obtained":[{"floor":6,"key":"Bottled Flame"},{"floor":9,"key":"Dodecahedron"},{"floor":10,"key":"Letter Opener"},{"floor":13,"key":"Whetstone"}],"event_choices":[{"cards_removed":["Underhanded Strike"],"damage_healed":5,"gold_gain":0,"player_choice":"Offered Common","damage_taken":0,"max_hp_gain":0,"max_hp_loss":0,"event_name":"Bonfire Elementals","floor":2,"gold_loss":0},{"cards_removed":["Underhanded Strike"],"damage_healed":5,"gold_gain":0,"player_choice":"Offered Special","damage_taken":0,"max_hp_gain":0,"max_hp_loss":0,"event_name":"Bonfire Elementals","floor":2,"gold_loss":0},{"damage_healed":0,"gold_gain":0,"player_choice":"Lose Max HP","damage_taken":0,"relics_obtained":["Golden Idol"],"max_hp_gain":0,"max_hp_loss":5,"event_name":"Golden Idol","floor":5,"gold_loss":0},{"damage_healed":0,"gold_gain":0,"player_choice":"Searched \u00272\u0027 times","damage_taken":0,"max_hp_gain":0,"max_hp_loss":0,"event_name":"Dead Adventurer","floor":10,"gold_loss":0}],"is_beta":true,"boss_relics":[{"not_picked":["Fusion Hammer","Lizard Tail"],"picked":"Ring of the Serpent"}],"items_purged_floors":[8],"is_endless":false,"potions_floor_spawned":[3,10,12,18],"killed_by":"Book of Stabbing","ascension_level":0}