{"gold_per_floor":[114,114,114,127,52,52,87,87,87,262,281,356,388,412,412,509,509,525,177,197,197,197,230,244,244,244,261,318,333,350,52,52,152,152,163,163,178,0,19,19,47,65,65,398,398,106,106,116,116,116],"floor_reached":51,"playtime":2489,"items_purged":["Pain","Strike_G","Terror"],"score":955,"play_id":"5bdaa056-35c4-446d-aaa2-e1fef64942f9","local_time":"20190505232303","is_ascension_mode":true,"campfire_choices":[{"data":"Neutralize","floor":6.0,"key":"SMITH"},{"data":"Cloak And Dagger","floor":8.0,"key":"SMITH"},{"floor":15.0,"key":"REST"},{"floor":25,"key":"REST"},{"floor":32,"key":"REST"},{"data":"After Image","floor":40,"key":"SMITH"},{"data":"A Thousand Cuts","floor":47,"key":"SMITH"},{"data":"Blade Dance","floor":49,"key":"SMITH"}],"neow_cost":"NONE","seed_source_timestamp":128853456506200,"circlet_count":0,"master_deck":["Defend_G","Defend_G","Defend_G","Defend_G","Defend_G","Strike_G+1","Survivor","Neutralize+1","Quick Slash+1","Cloak And Dagger+1","Well Laid Plans","Venomology","Blade Dance+1","Blade Dance","A Thousand Cuts+1","Blade Dance","Slice","After Image+1","PiercingWail+1","Backflip","Choke","Escape Plan","Corpse Explosion","Eviscerate+1","Tactician+1","Terror+1","Blade Dance+1","Backstab","Blade Dance+1","PiercingWail","Calculated Gamble+1","PiercingWail+1"],"special_seed":0,"relics":["Ring of the Snake","WarpedTongs","Matryoshka","Juzu Bracelet","Shuriken","Boot","Odd Mushroom","WristBlade","Bottled Tornado","Spirit Poop","Lantern","Gremlin Horn","Mercury Hourglass","Tiny Chest","Membership Card","Pen Nib","Astrolabe","Red Mask","Bag of Preparation","Frozen Egg 2","Old Coin","Medical Kit","Paper Crane"],"potions_floor_usage":[23,27,29,30,33,33,35,39,39,41,41,44,48,50,50,50],"damage_taken":[{"damage":0.0,"enemies":"Jaw Worm","floor":1.0,"turns":5.0},{"damage":3.0,"enemies":"2 Louse","floor":4.0,"turns":2.0},{"damage":5.0,"enemies":"3 Sentries","floor":7.0,"turns":9.0},{"damage":0.0,"enemies":"Cultist","floor":11.0,"turns":3.0},{"damage":12.0,"enemies":"Gremlin Nob","floor":13.0,"turns":4.0},{"damage":15.0,"enemies":"The Mushroom Lair","floor":14.0,"turns":3.0},{"damage":0.0,"enemies":"Slime Boss","floor":16.0,"turns":6.0},{"damage":0.0,"enemies":"Spheric Guardian","floor":18.0,"turns":3.0},{"damage":9.0,"enemies":"Chosen","floor":20.0,"turns":3.0},{"damage":31,"enemies":"Slavers","floor":23,"turns":7},{"damage":6,"enemies":"Snake Plant","floor":24,"turns":4},{"damage":5,"enemies":"Shelled Parasite and Fungi","floor":27,"turns":3},{"damage":0,"enemies":"Gremlin Leader","floor":28,"turns":4},{"damage":13,"enemies":"Snecko","floor":29,"turns":3},{"damage":1,"enemies":"Centurion and Healer","floor":30,"turns":3},{"damage":19,"enemies":"Collector","floor":33,"turns":6},{"damage":6,"enemies":"Orb Walker","floor":35,"turns":3},{"damage":0,"enemies":"3 Shapes","floor":37,"turns":1},{"damage":12,"enemies":"Transient","floor":39,"turns":5},{"damage":3,"enemies":"Reptomancer","floor":41,"turns":3},{"damage":0,"enemies":"Sphere and 2 Shapes","floor":42,"turns":2},{"damage":35,"enemies":"Nemesis","floor":44,"turns":5},{"damage":2,"enemies":"Writhing Mass","floor":48,"turns":5},{"damage":9,"enemies":"Time Eater","floor":50,"turns":9}],"seed_played":"-47405751273386099","potions_obtained":[{"floor":1.0,"key":"PowerPotion"},{"floor":7.0,"key":"EssenceOfSteel"},{"floor":13.0,"key":"LiquidBronze"},{"floor":18.0,"key":"PowerPotion"},{"floor":24,"key":"GamblersBrew"},{"floor":30,"key":"AttackPotion"},{"floor":33,"key":"GamblersBrew"},{"floor":39,"key":"SkillPotion"},{"floor":44,"key":"PowerPotion"},{"floor":48,"key":"Poison Potion"}],"is_trial":false,"path_per_floor":["M","?","?","M","$","R","E","R","T","?","M","?","E","?","R","B",null,"M","$","M","?","?","E","M","R","T","M","E","M","M","$","R","B",null,"M","?","M","?","M","R","E","M","T","E","?","$","R","M","R","B",null],"character_chosen":"THE_SILENT","items_purchased":["Bottled Tornado","Membership Card","Pen Nib","Escape Plan","Medical Kit","Paper Crane"],"campfire_rested":3,"item_purchase_floors":[19,31,31,31,46,46],"current_hp_per_floor":[70,56,56,53,53,53,48,48,48,48,48,37,25,10,31,31,70,70,70,61,48,48,17,11,33,33,28,28,15,14,14,36,17,75,69,69,69,69,57,57,54,54,54,19,66,66,66,64,64,66],"gold":116,"neow_bonus":"THREE_CARDS","is_prod":false,"is_daily":false,"chose_seed":false,"campfire_upgraded":5,"win_rate":0,"timestamp":1557091383,"path_taken":["M","?","?","?","$","R","E","R","T","?","M","?","E","?","R","BOSS","M","$","M","?","?","E","M","R","T","M","E","M","M","$","R","BOSS","M","?","M","?","M","R","E","M","T","E","?","$","R","M","R","BOSS"],"build_version":"2019-04-23","purchased_purges":3,"victory":true,"max_hp_per_floor":[70,70,70,70,70,70,70,70,70,70,70,70,70,70,70,70,70,70,70,70,75,75,75,75,75,75,75,75,75,75,75,75,75,75,75,75,75,75,75,75,75,75,75,75,66,66,66,66,66,66],"card_choices":[{"not_picked":["Deflect","Backflip"],"picked":"Quick Slash","floor":0.0},{"not_picked":["Concentrate","Eviscerate"],"picked":"Cloak And Dagger","floor":1.0},{"not_picked":["Accuracy","Prepared"],"picked":"Well Laid Plans","floor":4.0},{"not_picked":["Dodge and Roll","Calculated Gamble"],"picked":"Venomology","floor":7.0},{"not_picked":["All Out Attack","Sucker Punch"],"picked":"Blade Dance","floor":11.0},{"not_picked":["Underhanded Strike","Dagger Spray"],"picked":"Blade Dance","floor":13.0},{"not_picked":["Prepared","Infinite Blades"],"picked":"Terror","floor":14.0},{"not_picked":["Venomology","Tools of the Trade"],"picked":"A Thousand Cuts","floor":16.0},{"not_picked":["Underhanded Strike","Skewer"],"picked":"Blade Dance","floor":18.0},{"not_picked":["Deadly Poison","Bane"],"picked":"Slice","floor":20.0},{"not_picked":["Sucker Punch","Bouncing Flask"],"picked":"After Image","floor":23},{"not_picked":["Masterful Stab","Noxious Fumes","Acrobatics+1"],"picked":"SKIP","floor":24},{"not_picked":["Eviscerate","Tactician"],"picked":"PiercingWail+1","floor":27},{"not_picked":["Caltrops","PiercingWail"],"picked":"Prepared+1","floor":28},{"not_picked":["Infinite Blades","Quick Slash"],"picked":"Backflip","floor":29},{"not_picked":["Blade Dance","Outmaneuver"],"picked":"Choke","floor":30},{"not_picked":["Adrenaline","Glass Knife"],"picked":"Corpse Explosion","floor":33},{"not_picked":["Choke","Quick Slash+1"],"picked":"Blade Dance+1","floor":35},{"not_picked":["Underhanded Strike","Concentrate+1"],"picked":"Backstab","floor":37},{"not_picked":["Masterful Stab","Flying Knee+1"],"picked":"Blade Dance+1","floor":39},{"not_picked":["Quick Slash+1","Endless Agony"],"picked":"PiercingWail","floor":41},{"not_picked":["Blade Dance","Flying Knee+1"],"picked":"Calculated Gamble+1","floor":42},{"not_picked":["Cloak And Dagger","Quick Slash+1"],"picked":"PiercingWail+1","floor":44},{"not_picked":["Prepared","Flying Knee+1","Endless Agony"],"picked":"SKIP","floor":48}],"player_experience":71619,"relics_obtained":[{"floor":7.0,"key":"Matryoshka"},{"floor":9.0,"key":"Juzu Bracelet"},{"floor":9.0,"key":"Shuriken"},{"floor":13.0,"key":"Boot"},{"floor":14.0,"key":"Odd Mushroom"},{"floor":23,"key":"Lantern"},{"floor":26,"key":"Gremlin Horn"},{"floor":26,"key":"Mercury Hourglass"},{"floor":28,"key":"Tiny Chest"},{"floor":41,"key":"Bag of Preparation"},{"floor":43,"key":"Frozen Egg 2"},{"floor":44,"key":"Old Coin"}],"event_choices":[{"damage_healed":0.0,"max_hp_gain":0.0,"max_hp_loss":0.0,"gold_gain":0.0,"event_name":"Shining Light","player_choice":"Entered Light","floor":2.0,"gold_loss":0.0,"damage_taken":14.0,"cards_upgraded":["Strike_G","Quick Slash"]},{"damage_healed":0.0,"max_hp_gain":0.0,"max_hp_loss":0.0,"gold_gain":0.0,"event_name":"Accursed Blacksmith","player_choice":"Rummage","floor":3.0,"gold_loss":0.0,"damage_taken":0.0,"relics_obtained":["WarpedTongs"],"cards_obtained":["Pain"]},{"damage_healed":0.0,"max_hp_gain":0.0,"max_hp_loss":0.0,"gold_gain":175.0,"event_name":"Liars Game","player_choice":"AGREE","floor":10.0,"gold_loss":0.0,"damage_taken":0.0,"cards_obtained":["Doubt"]},{"damage_healed":0.0,"max_hp_gain":0.0,"max_hp_loss":0.0,"gold_gain":75.0,"event_name":"World of Goop","player_choice":"Gather Gold","floor":12.0,"gold_loss":0.0,"damage_taken":11.0},{"damage_healed":0.0,"max_hp_gain":0.0,"max_hp_loss":0.0,"gold_gain":0.0,"event_name":"Mushrooms","player_choice":"Fought Mushrooms","floor":14.0,"gold_loss":0.0,"damage_taken":0.0},{"damage_healed":0.0,"max_hp_gain":5.0,"max_hp_loss":0.0,"gold_gain":0.0,"event_name":"Forgotten Altar","player_choice":"Shed Blood","floor":21.0,"gold_loss":0.0,"damage_taken":18.0},{"cards_removed":["Doubt"],"damage_healed":0.0,"max_hp_gain":0.0,"max_hp_loss":0.0,"gold_gain":0.0,"event_name":"Bonfire Elementals","player_choice":"Offered Curse","floor":22.0,"gold_loss":0.0,"damage_taken":0.0,"relics_obtained":["Spirit Poop"]},{"cards_removed":["Prepared"],"damage_healed":0,"gold_gain":0,"player_choice":"Removed Skill","damage_taken":0,"max_hp_gain":0,"max_hp_loss":0,"event_name":"Falling","floor":36,"gold_loss":0},{"damage_healed":0,"gold_gain":0,"player_choice":"Paid","damage_taken":0,"relics_obtained":["Red Mask"],"max_hp_gain":0,"max_hp_loss":0,"event_name":"Tomb of Lord Red Mask","floor":38,"gold_loss":178},{"damage_healed":66,"gold_gain":0,"player_choice":"Heal","damage_taken":0,"max_hp_gain":0,"max_hp_loss":9,"event_name":"The Moai Head","floor":45,"gold_loss":0}],"is_beta":true,"boss_relics":[{"not_picked":["Black Star","Velvet Choker"],"picked":"WristBlade"},{"not_picked":["Orrery","White Beast Statue"],"picked":"Astrolabe"}],"items_purged_floors":[5,19,46],"is_endless":false,"potions_floor_spawned":[1,7,13,18,24,30,33,39,44,48],"ascension_level":2}