{"gold_per_floor":[12,29,29,49,66,91,91,121,121,121,180,191,191,205,205,301,301,315,328,108,122,41,41],"floor_reached":23,"playtime":1037,"items_purged":["Strike_B"],"score":203,"play_id":"3b67ad6c-27a7-435d-85cc-161e41ac42fe","local_time":"20190504115146","is_ascension_mode":false,"campfire_choices":[{"data":"Zap","floor":7,"key":"SMITH"},{"floor":13,"key":"REST"},{"floor":15,"key":"REST"}],"neow_cost":"NO_GOLD","seed_source_timestamp":2531367468200,"circlet_count":0,"master_deck":["Strike_B+1","Defend_B+1","Defend_B","Defend_B","Defend_B","Zap+1","Dualcast+1","All For One","Gash","Conserve Battery","Go for the Eyes","BootSequence+1","Reinforced Body","Gash","Static Discharge","Conserve Battery","Electrodynamics","Steam+1","Gash","Good Instincts","Leap","Blind"],"relics":["Cracked Core","War Paint","Lantern","Happy Flower","Sundial","Empty Cage"],"potions_floor_usage":[6,8],"damage_taken":[{"damage":10,"enemies":"Cultist","floor":1,"turns":4},{"damage":1,"enemies":"Jaw Worm","floor":2,"turns":2},{"damage":0,"enemies":"2 Louse","floor":4,"turns":2},{"damage":9,"enemies":"Blue Slaver","floor":5,"turns":3},{"damage":9,"enemies":"Lagavulin","floor":6,"turns":6},{"damage":22,"enemies":"3 Sentries","floor":8,"turns":7},{"damage":1,"enemies":"3 Sentries","floor":11,"turns":5},{"damage":1,"enemies":"Large Slime","floor":12,"turns":5},{"damage":0,"enemies":"Looter","floor":14,"turns":2},{"damage":33,"enemies":"Slime Boss","floor":16,"turns":9},{"damage":9,"enemies":"3 Byrds","floor":18,"turns":5},{"damage":22,"enemies":"2 Thieves","floor":19,"turns":4},{"damage":31,"enemies":"3 Cultists","floor":21,"turns":5},{"damage":17,"enemies":"Gremlin Leader","floor":23,"turns":2}],"seed_played":"-8538649573864902174","potions_obtained":[{"floor":1,"key":"PowerPotion"},{"floor":2,"key":"Fire Potion"},{"floor":6,"key":"Energy Potion"},{"floor":12,"key":"FearPotion"},{"floor":19,"key":"Ancient Potion"},{"floor":21,"key":"Poison Potion"}],"is_trial":false,"path_per_floor":["M","M","$","M","M","E","R","E","T","?","?","M","R","M","R","B",null,"M","M","$","M","$","E"],"character_chosen":"DEFECT","items_purchased":["Gash","Good Instincts","Blind"],"campfire_rested":2,"item_purchase_floors":[20,20,22],"current_hp_per_floor":[65,64,64,64,55,46,46,24,24,9,8,7,29,29,51,18,75,66,44,44,13,13,0],"gold":41,"neow_bonus":"THREE_RARE_CARDS","is_prod":false,"is_daily":false,"chose_seed":false,"campfire_upgraded":1,"win_rate":0.0,"timestamp":1556963506,"path_taken":["M","M","$","M","M","E","R","E","T","?","?","?","R","M","R","BOSS","M","M","$","M","$","E"],"build_version":"2019-04-23","purchased_purges":1,"victory":false,"max_hp_per_floor":[75,75,75,75,75,75,75,75,75,75,75,75,75,75,75,75,75,75,75,75,75,75,75],"card_choices":[{"not_picked":["Machine Learning","Echo Form"],"picked":"All For One","floor":0},{"not_picked":["Self Repair","Barrage"],"picked":"Gash","floor":1},{"not_picked":["Core Surge","Glacier"],"picked":"Conserve Battery","floor":2},{"not_picked":["Stack","Rebound"],"picked":"Go for the Eyes","floor":4},{"not_picked":["Compile Driver","Glacier"],"picked":"BootSequence","floor":5},{"not_picked":["Melter","Rip and Tear"],"picked":"Reinforced Body","floor":6},{"not_picked":["Barrage","Cold Snap","Steam Power"],"picked":"SKIP","floor":8},{"not_picked":["Force Field","Coolheaded"],"picked":"Gash","floor":11},{"not_picked":["Compile Driver","Sweeping Beam"],"picked":"Static Discharge","floor":12},{"not_picked":["Stack","Chaos"],"picked":"Conserve Battery","floor":14},{"not_picked":["Hyperbeam","Thunder Strike"],"picked":"Electrodynamics","floor":16},{"not_picked":["Stack","Beam Cell"],"picked":"Steam+1","floor":18},{"not_picked":["Hologram","Steam","Undo"],"picked":"SKIP","floor":19},{"not_picked":["Cold Snap","BootSequence"],"picked":"Leap","floor":21}],"player_experience":44407,"relics_obtained":[{"floor":6,"key":"War Paint"},{"floor":8,"key":"Lantern"},{"floor":9,"key":"Happy Flower"}],"event_choices":[{"damage_healed":0,"gold_gain":0,"player_choice":"Entered Light","damage_taken":15,"max_hp_gain":0,"max_hp_loss":0,"event_name":"Shining Light","floor":10,"gold_loss":0,"cards_upgraded":["Strike_B","Dualcast"]},{"damage_healed":0,"gold_gain":0,"player_choice":"Searched \u00272\u0027 times","damage_taken":0,"relics_obtained":["Sundial"],"max_hp_gain":0,"max_hp_loss":0,"event_name":"Dead Adventurer","floor":11,"gold_loss":0}],"is_beta":true,"boss_relics":[{"not_picked":["Coffee Dripper","Inserter"],"picked":"Empty Cage"}],"items_purged_floors":[20],"is_endless":false,"potions_floor_spawned":[1,2,6,12,19,21],"killed_by":"Gremlin Leader","ascension_level":0}