{"gold_per_floor":[115,42,42,107,121,147,164,192,218,245,245,18,18,46,46,142,142,154,173,202,202,213,213,244,18,63,63,63,81,116,116,116,116],"floor_reached":33,"playtime":1444,"items_purged":[],"score":409,"play_id":"ad3afef9-beb7-4cfd-9e09-9d94277dc944","local_time":"20190903210731","is_ascension_mode":true,"campfire_choices":[{"data":"Genetic Algorithm","floor":11,"key":"SMITH"},{"data":"Loop","floor":13,"key":"SMITH"},{"floor":15,"key":"REST"},{"floor":23,"key":"REST"},{"floor":28,"key":"REST"},{"data":"Loop","floor":32,"key":"SMITH"}],"neow_cost":"NONE","seed_source_timestamp":1584810741734400,"circlet_count":0,"master_deck":["Strike_B+1","Strike_B","Strike_B+1","Defend_B","Defend_B","Defend_B+1","Zap","Dualcast","Doom and Gloom","Reboot","Leap+1","Buffer","Genetic Algorithm+1","Cold Snap","Loop+1","Defragment","Force Field+1","All For One+1","Chaos+1","Loop+1","Sweeping Beam+1","Ball Lightning","Sweeping Beam+1","Loop","Defragment","BootSequence+1","Ghostly","Ghostly","Ghostly","Ghostly","Ghostly"],"relics":["Cracked Core","NeowsBlessing","Omamori","Bronze Scales","Whetstone","Lantern","PreservedInsect","Blue Candle","Astrolabe","Red Mask","Pear","War Paint","Anchor","Du-Vu Doll"],"potions_floor_usage":[10,20,20,29,30,33,33],"damage_taken":[{"damage":0,"enemies":"Cultist","floor":1,"turns":1},{"damage":0,"enemies":"Jaw Worm","floor":5,"turns":1},{"damage":0,"enemies":"Gremlin Nob","floor":6,"turns":1},{"damage":1,"enemies":"Small Slimes","floor":7,"turns":2},{"damage":39,"enemies":"3 Sentries","floor":8,"turns":8},{"damage":7,"enemies":"Gremlin Nob","floor":10,"turns":4},{"damage":10,"enemies":"Lagavulin","floor":14,"turns":5},{"damage":27,"enemies":"Slime Boss","floor":16,"turns":11},{"damage":13,"enemies":"Spheric Guardian","floor":18,"turns":4},{"damage":17,"enemies":"Shell Parasite","floor":19,"turns":6},{"damage":25,"enemies":"Masked Bandits","floor":20,"turns":4},{"damage":20,"enemies":"Cultist and Chosen","floor":22,"turns":7},{"damage":16,"enemies":"Gremlin Leader","floor":24,"turns":5},{"damage":18,"enemies":"Colosseum Slavers","floor":27,"turns":3},{"damage":14,"enemies":"3 Cultists","floor":29,"turns":4},{"damage":12,"enemies":"Book of Stabbing","floor":30,"turns":5},{"damage":6,"enemies":"Automaton","floor":33,"turns":4}],"seed_played":"7126645366350905114","potions_obtained":[{"floor":7,"key":"Strength Potion"},{"floor":14,"key":"Swift Potion"},{"floor":16,"key":"SneckoOil"},{"floor":19,"key":"Explosive Potion"},{"floor":20,"key":"PowerPotion"},{"floor":22,"key":"Weak Potion"},{"floor":30,"key":"FocusPotion"}],"is_trial":false,"path_per_floor":["M","$","?","?","M","E","M","E","T","E","R","$","R","E","R","B",null,"M","M","?","?","M","R","E","$","T","?","R","M","E","?","R","B"],"character_chosen":"DEFECT","items_purchased":["Reboot","PreservedInsect","Loop","War Paint","Loop"],"campfire_rested":3,"item_purchase_floors":[2,12,12,25,25],"current_hp_per_floor":[75,75,80,80,80,80,79,40,40,33,33,33,33,23,47,20,80,67,50,25,25,5,29,23,23,23,5,32,18,6,6,6,0],"gold":116,"neow_bonus":"THREE_ENEMY_KILL","is_prod":false,"is_daily":false,"chose_seed":false,"campfire_upgraded":3,"win_rate":0,"timestamp":1567537651,"path_taken":["M","?","?","?","M","E","M","E","T","E","R","?","R","E","R","BOSS","M","M","?","?","M","R","E","$","T","?","R","M","E","?","R","BOSS"],"build_version":"2019-08-26","purchased_purges":0,"victory":false,"max_hp_per_floor":[75,75,80,80,80,80,80,80,80,80,80,80,80,80,80,80,80,80,80,80,80,80,80,90,90,90,90,90,90,90,45,45,45],"card_choices":[{"not_picked":["Barrage","Go for the Eyes"],"picked":"Doom and Gloom","floor":1},{"not_picked":["Beam Cell","Go for the Eyes"],"picked":"Leap","floor":5},{"not_picked":["Go for the Eyes","Coolheaded"],"picked":"Buffer","floor":6},{"not_picked":["Doom and Gloom","Rebound"],"picked":"Genetic Algorithm","floor":7},{"not_picked":["Stack","Auto Shields"],"picked":"Cold Snap","floor":8},{"not_picked":["All For One","Scrape","Steam"],"picked":"SKIP","floor":10},{"not_picked":["Conserve Battery","Turbo"],"picked":"Defragment","floor":14},{"not_picked":["Hyperbeam","Reboot"],"picked":"Creative AI","floor":16},{"not_picked":["Storm","Streamline"],"picked":"Loop","floor":18},{"not_picked":["Genetic Algorithm","Streamline"],"picked":"Sweeping Beam+1","floor":19},{"not_picked":["Hello World","Force Field"],"picked":"Ball Lightning","floor":20},{"not_picked":["Compile Driver","Aggregate+1","Rebound"],"picked":"SKIP","floor":22},{"not_picked":["Beam Cell","Core Surge"],"picked":"Sweeping Beam+1","floor":24},{"not_picked":["Genetic Algorithm+1","Go for the Eyes"],"picked":"Defragment","floor":29},{"not_picked":["Beam Cell","Turbo"],"picked":"BootSequence+1","floor":30}],"player_experience":142147,"relics_obtained":[{"floor":6,"key":"Omamori"},{"floor":8,"key":"Bronze Scales"},{"floor":9,"key":"Whetstone"},{"floor":10,"key":"Lantern"},{"floor":14,"key":"Blue Candle"},{"floor":20,"key":"Red Mask"},{"floor":24,"key":"Pear"},{"floor":26,"key":"Anchor"},{"floor":30,"key":"Du-Vu Doll"}],"event_choices":[{"damage_healed":0,"gold_gain":0,"player_choice":"Donut","damage_taken":0,"max_hp_gain":5,"max_hp_loss":0,"event_name":"Big Fish","floor":3,"gold_loss":0},{"damage_healed":0,"gold_gain":65,"player_choice":"Gained Gold","damage_taken":0,"max_hp_gain":0,"max_hp_loss":0,"event_name":"Golden Wing","floor":4,"gold_loss":0},{"damage_healed":0,"gold_gain":0,"player_choice":"Fought Bandits","damage_taken":0,"max_hp_gain":0,"max_hp_loss":0,"event_name":"Masked Bandits","floor":20,"gold_loss":0},{"damage_healed":0,"gold_gain":0,"player_choice":"Ignored","damage_taken":0,"max_hp_gain":0,"max_hp_loss":0,"event_name":"Beggar","floor":21,"gold_loss":0},{"damage_healed":0,"gold_gain":0,"player_choice":"Fight","damage_taken":0,"max_hp_gain":0,"max_hp_loss":0,"event_name":"Colosseum","floor":27,"gold_loss":0},{"damage_healed":0,"gold_gain":0,"player_choice":"Fled From Nobs","damage_taken":0,"max_hp_gain":0,"max_hp_loss":0,"event_name":"Colosseum","floor":27,"gold_loss":0},{"damage_healed":0,"gold_gain":0,"player_choice":"Became a Ghost","damage_taken":0,"max_hp_gain":0,"max_hp_loss":45,"event_name":"Ghosts","floor":31,"gold_loss":0,"cards_obtained":["Ghostly","Ghostly","Ghostly","Ghostly","Ghostly"]}],"is_beta":true,"boss_relics":[{"not_picked":["Orrery","FrozenCore"],"picked":"Astrolabe"}],"items_purged_floors":[],"is_endless":false,"potions_floor_spawned":[7,14,16,19,20,22,27,30],"killed_by":"Automaton","ascension_level":3}