{"gold_per_floor":[113,113,133,152,327,327,346,380,380,380,380,82,92,107,107,203,253,267,267,25,51,26,26,56,68,68,81,13,33,56,72,72,72],"floor_reached":33,"playtime":1243,"items_purged":[],"score":506,"play_id":"1915dd18-a2ae-458c-97a8-18fe2a96feee","local_time":"20191019130457","is_ascension_mode":true,"campfire_choices":[{"data":"Body Slam","floor":6.0,"key":"SMITH"},{"floor":10.0,"key":"REST"},{"data":"Evolve","floor":15.0,"key":"SMITH"},{"data":"Armaments","floor":23.0,"key":"SMITH"},{"floor":32,"key":"REST"}],"neow_cost":"NONE","seed_source_timestamp":69463637915700,"circlet_count":0,"master_deck":["AscendersBane","Strike_R","Strike_R","Strike_R","Strike_R+1","Strike_R","Defend_R","Defend_R","Defend_R","Defend_R","Bash","Offering","Inflame+1","Feel No Pain","Body Slam+1","Heavy Blade","Shrug It Off+1","Rupture","Ghostly Armor","Pummel","Evolve+1","Juggernaut","Dual Wield","Armaments+1","Rupture","Hemokinesis","Warcry","Rupture","Warcry+1","Uppercut","Inflame","Havoc","Havoc"],"special_seed":0,"relics":["Burning Blood","Bag of Preparation","Potion Belt","Spirit Poop","Lantern","Tiny House","Tiny Chest","Anchor","Mummified Hand","Self Forming Clay","Ancient Tea Set"],"potions_floor_usage":[31,31,31,31],"damage_taken":[{"damage":6.0,"enemies":"Small Slimes","floor":1.0,"turns":3.0},{"damage":2.0,"enemies":"Jaw Worm","floor":3.0,"turns":3.0},{"damage":10.0,"enemies":"2 Louse","floor":4.0,"turns":4.0},{"damage":11.0,"enemies":"Gremlin Gang","floor":7.0,"turns":4.0},{"damage":14.0,"enemies":"Gremlin Nob","floor":8.0,"turns":3.0},{"damage":0.0,"enemies":"Large Slime","floor":13.0,"turns":5.0},{"damage":21.0,"enemies":"Exordium Thugs","floor":14.0,"turns":3.0},{"damage":6.0,"enemies":"Slime Boss","floor":16.0,"turns":5.0},{"damage":3.0,"enemies":"Spheric Guardian","floor":18.0,"turns":3.0},{"damage":21.0,"enemies":"Slavers","floor":24.0,"turns":4.0},{"damage":9.0,"enemies":"Chosen","floor":25.0,"turns":4.0},{"damage":31.0,"enemies":"Centurion and Healer","floor":27.0,"turns":6.0},{"damage":31.0,"enemies":"Sentry and Sphere","floor":29.0,"turns":5.0},{"damage":17,"enemies":"Shelled Parasite and Fungi","floor":31,"turns":3},{"damage":42,"enemies":"Collector","floor":33,"turns":5}],"seed_played":"3968462114067118478","potions_obtained":[{"floor":4.0,"key":"GamblersBrew"},{"floor":8.0,"key":"AttackPotion"},{"floor":14.0,"key":"Strength Potion"},{"floor":16.0,"key":"SteroidPotion"},{"floor":17.0,"key":"Explosive Potion"},{"floor":18.0,"key":"Fire Potion"},{"floor":25.0,"key":"BloodPotion"},{"floor":27.0,"key":"Block Potion"},{"floor":29.0,"key":"PowerPotion"}],"is_trial":false,"path_per_floor":["M","?","M","M","?","R","M","E","T","R","?","$","M","M","R","B",null,"M","?","$","T","$","R","E","M","T","M","$","M","T","M","R","B"],"character_chosen":"IRONCLAD","items_purchased":["Rupture","Lantern","Ghostly Armor","Tiny Chest","Rupture","Hemokinesis","Warcry","Inflame"],"campfire_rested":2,"item_purchase_floors":[12,12,12,20,20,20,22,28],"current_hp_per_floor":[72,56,60,56,56,56,51,43,43,67,67,67,73,58,58,58,80,83,75,75,75,75,75,60,57,57,32,32,7,7,17,42,0],"gold":72,"neow_bonus":"ONE_RANDOM_RARE_CARD","is_prod":false,"is_daily":false,"chose_seed":false,"campfire_upgraded":3,"win_rate":0,"timestamp":1571504697,"path_taken":["M","?","M","M","?","R","M","E","T","R","?","$","?","M","R","BOSS","M","?","$","?","?","R","E","M","T","?","$","M","?","M","R","BOSS"],"build_version":"2019-07-17","purchased_purges":0,"victory":false,"max_hp_per_floor":[80,80,80,80,80,80,80,80,80,80,80,80,80,80,80,80,85,85,85,85,85,85,85,85,85,85,85,85,85,85,85,85,85],"card_choices":[{"not_picked":["Iron Wave","Combust"],"picked":"Inflame","floor":1.0},{"not_picked":["Pommel Strike","Twin Strike"],"picked":"Feel No Pain","floor":3.0},{"not_picked":["Power Through","Headbutt"],"picked":"Body Slam","floor":4.0},{"not_picked":["Perfected Strike","Exhume"],"picked":"Heavy Blade","floor":7.0},{"not_picked":["Intimidate","Heavy Blade"],"picked":"Shrug It Off","floor":8.0},{"not_picked":["Pommel Strike","Clothesline"],"picked":"Pummel","floor":13.0},{"not_picked":["Sword Boomerang","Blood for Blood"],"picked":"Evolve","floor":14.0},{"not_picked":["Fiend Fire","Bludgeon"],"picked":"Juggernaut","floor":16.0},{"not_picked":["True Grit","Clothesline"],"picked":"Dual Wield","floor":17.0},{"not_picked":["Body Slam","Infernal Blade"],"picked":"Armaments","floor":18.0},{"not_picked":["Anger","Cleave"],"picked":"Rupture","floor":24.0},{"not_picked":["Pommel Strike","Body Slam"],"picked":"Warcry+1","floor":25.0},{"not_picked":["Clothesline+1","Heavy Blade"],"picked":"Uppercut","floor":27.0},{"not_picked":["Heavy Blade","Clothesline"],"picked":"Havoc","floor":29.0},{"not_picked":["Rupture","Uppercut"],"picked":"Havoc","floor":31}],"player_experience":728753,"relics_obtained":[{"floor":8.0,"key":"Bag of Preparation"},{"floor":9.0,"key":"Potion Belt"},{"floor":21.0,"key":"Anchor"},{"floor":24.0,"key":"Mummified Hand"},{"floor":26.0,"key":"Self Forming Clay"},{"floor":30.0,"key":"Ancient Tea Set"}],"event_choices":[{"damage_healed":0.0,"max_hp_gain":0.0,"max_hp_loss":0.0,"gold_gain":0.0,"event_name":"Shining Light","player_choice":"Entered Light","floor":2.0,"gold_loss":0.0,"damage_taken":16.0,"cards_upgraded":["Strike_R","Inflame"]},{"damage_healed":0.0,"max_hp_gain":0.0,"max_hp_loss":0.0,"gold_gain":175.0,"event_name":"Liars Game","player_choice":"AGREE","floor":5.0,"gold_loss":0.0,"damage_taken":0.0,"cards_obtained":["Doubt"]},{"cards_removed":["Doubt"],"damage_healed":0.0,"max_hp_gain":0.0,"max_hp_loss":0.0,"gold_gain":0.0,"event_name":"Bonfire Elementals","player_choice":"Offered Curse","floor":11.0,"gold_loss":0.0,"damage_taken":0.0,"relics_obtained":["Spirit Poop"]},{"damage_healed":0.0,"max_hp_gain":0.0,"max_hp_loss":0.0,"gold_gain":0.0,"event_name":"Wheel of Change","player_choice":"Damaged","floor":19.0,"gold_loss":0.0,"damage_taken":8.0}],"is_beta":false,"boss_relics":[{"not_picked":["Philosopher\u0027s Stone","Runic Dome"],"picked":"Tiny House"}],"items_purged_floors":[],"is_endless":false,"potions_floor_spawned":[4,8,14,16,18,25,27,29],"killed_by":"Collector","ascension_level":12}