{"gold_per_floor":[12,12,12,76,87,87,137,137,137,171,231,231,263,313,313,408,408,425,443,375,435,368,368,368],"floor_reached":24,"playtime":1047,"items_purged":[],"score":245,"play_id":"35babd88-e9a7-4a86-a4af-baa011373127","local_time":"20190428163333","is_ascension_mode":true,"campfire_choices":[{"data":"Blade Dance","floor":6.0,"key":"SMITH"},{"data":"Neutralize","floor":8.0,"key":"SMITH"},{"floor":12.0,"key":"REST"},{"data":"All Out Attack","floor":15.0,"key":"SMITH"},{"floor":23,"key":"REST"}],"neow_cost":"NO_GOLD","seed_source_timestamp":925917937197800,"circlet_count":0,"master_deck":["Defend_G","Defend_G","Defend_G","Defend_G","Defend_G","Strike_G","Strike_G","Strike_G","Strike_G","Strike_G","Survivor","Neutralize+1","Flying Knee","All Out Attack+1","Blade Dance+1","Malaise","Deflect","Footwork","Footwork","Dagger Throw+1","Accuracy","PiercingWail"],"special_seed":0,"relics":["Ring of the Snake","Unceasing Top","SsserpentHead","Singing Bowl","Bronze Scales","Letter Opener","Shuriken","WristBlade"],"potions_floor_usage":[24,24,24],"damage_taken":[{"damage":3.0,"enemies":"2 Louse","floor":1.0,"turns":2.0},{"damage":3.0,"enemies":"Cultist","floor":4.0,"turns":4.0},{"damage":4.0,"enemies":"Jaw Worm","floor":5.0,"turns":3.0},{"damage":38.0,"enemies":"Lagavulin","floor":10.0,"turns":7.0},{"damage":0.0,"enemies":"Gremlin Gang","floor":11.0,"turns":3.0},{"damage":19.0,"enemies":"3 Sentries","floor":13.0,"turns":5.0},{"damage":38.0,"enemies":"Hexaghost","floor":16.0,"turns":8.0},{"damage":18.0,"enemies":"2 Thieves","floor":18.0,"turns":4.0},{"damage":0.0,"enemies":"Spheric Guardian","floor":19.0,"turns":3.0},{"damage":33.0,"enemies":"Centurion and Healer","floor":21.0,"turns":4.0},{"damage":66,"enemies":"Gremlin Leader","floor":24,"turns":7}],"seed_played":"-1157110085176602275","potions_obtained":[{"floor":1.0,"key":"Energy Potion"},{"floor":16.0,"key":"Swift Potion"},{"floor":19.0,"key":"EntropicBrew"}],"is_trial":false,"path_per_floor":["M","?","?","M","M","R","?","R","T","E","M","R","E","?","R","B",null,"M","M","$","M","$","R","E"],"character_chosen":"THE_SILENT","items_purchased":["Footwork","Accuracy","PiercingWail"],"campfire_rested":2,"item_purchase_floors":[20,22,22],"current_hp_per_floor":[67,67,67,64,60,60,60,60,60,24,24,45,28,84,84,46,84,66,66,66,33,33,58,0],"gold":368,"neow_bonus":"ONE_RARE_RELIC","is_prod":false,"is_daily":false,"chose_seed":false,"campfire_upgraded":3,"win_rate":0,"timestamp":1556462013,"path_taken":["M","?","?","?","M","R","?","R","T","E","?","R","E","?","R","BOSS","M","M","$","?","?","R","E"],"build_version":"2019-01-23","purchased_purges":0,"victory":false,"max_hp_per_floor":[70,70,70,70,70,70,70,70,70,72,72,72,74,84,84,84,84,84,84,84,84,84,84,84],"card_choices":[{"not_picked":["Well Laid Plans","Quick Slash"],"picked":"Flying Knee","floor":1.0},{"not_picked":["Crippling Poison","Predator"],"picked":"All Out Attack","floor":4.0},{"not_picked":["Underhanded Strike","Finisher"],"picked":"Blade Dance","floor":5.0},{"not_picked":["Acrobatics","Deflect","Predator"],"picked":"Singing Bowl","floor":10.0},{"not_picked":["Deadly Poison","Dagger Throw"],"picked":"Venomology","floor":11.0},{"not_picked":["Dagger Throw","Setup","Tactician"],"picked":"Singing Bowl","floor":13.0},{"not_picked":["Venomology","Bullet Time"],"picked":"Malaise","floor":16.0},{"not_picked":["Deadly Poison","Predator"],"picked":"Deflect","floor":18.0},{"not_picked":["PiercingWail+1","Blur+1"],"picked":"Footwork","floor":19.0},{"not_picked":["Eviscerate","Deadly Poison+1"],"picked":"Dagger Throw+1","floor":21.0}],"player_experience":299254,"relics_obtained":[{"floor":9.0,"key":"Bronze Scales"},{"floor":10.0,"key":"Letter Opener"},{"floor":13.0,"key":"Shuriken"}],"event_choices":[{"damage_healed":0.0,"max_hp_gain":0.0,"max_hp_loss":0.0,"gold_gain":0.0,"event_name":"The Cleric","player_choice":"Leave","floor":2.0,"gold_loss":0.0,"damage_taken":0.0},{"damage_healed":0.0,"max_hp_gain":0.0,"max_hp_loss":0.0,"gold_gain":0.0,"event_name":"FaceTrader","player_choice":"Trade","floor":3.0,"gold_loss":0.0,"damage_taken":0.0,"relics_obtained":["SsserpentHead"]},{"damage_healed":0.0,"max_hp_gain":0.0,"max_hp_loss":0.0,"gold_gain":0.0,"event_name":"WeMeetAgain","player_choice":"Gave Potion","floor":7.0,"gold_loss":0.0,"damage_taken":0.0,"relics_obtained":["Singing Bowl"]},{"cards_removed":["Venomology"],"damage_healed":46.0,"max_hp_gain":10.0,"max_hp_loss":0.0,"gold_gain":0.0,"event_name":"Bonfire Elementals","player_choice":"Offered Rare","floor":14.0,"gold_loss":0.0,"damage_taken":0.0}],"is_beta":false,"boss_relics":[{"not_picked":["Empty Cage","White Beast Statue"],"picked":"WristBlade"}],"items_purged_floors":[],"is_endless":false,"potions_floor_spawned":[1,16,19],"killed_by":"Gremlin Leader","ascension_level":4}