{"gold_per_floor":[117,135,135,135,153,187,112,112,137,37,48,48,48,48,48,153,153,166,166,196,42,42,76,92,92],"floor_reached":25,"playtime":798,"items_purged":["Strike_R","Strike_R"],"score":260,"play_id":"ae7fd0c4-6775-48ed-a9c4-24bec0429de6","local_time":"20190905215130","is_ascension_mode":true,"campfire_choices":[{"data":"Body Slam","floor":8,"key":"SMITH"},{"data":"Uppercut","floor":12,"key":"SMITH"},{"data":"Flame Barrier","floor":15,"key":"SMITH"}],"neow_cost":"NONE","seed_source_timestamp":1760897426493700,"circlet_count":0,"master_deck":["Strike_R+1","Strike_R+1","Defend_R+1","Defend_R+1","Defend_R","Uppercut+1","Body Slam+1","Flame Barrier+1","Juggernaut","Shockwave+1","Searing Blow+1","Dark Embrace+1","Flame Barrier","Shrug It Off"],"relics":["Burning Blood","NeowsBlessing","Dream Catcher","War Paint","Vajra","Astrolabe","Bag of Marbles","Red Mask","PreservedInsect","Ancient Tea Set"],"potions_floor_usage":[16,16,20,23,24,25],"damage_taken":[{"damage":0,"enemies":"Jaw Worm","floor":1,"turns":1},{"damage":0,"enemies":"2 Louse","floor":2,"turns":1},{"damage":0,"enemies":"Cultist","floor":5,"turns":1},{"damage":42,"enemies":"Lagavulin","floor":6,"turns":7},{"damage":1,"enemies":"Blue Slaver","floor":11,"turns":4},{"damage":24,"enemies":"Slime Boss","floor":16,"turns":13},{"damage":12,"enemies":"Shell Parasite","floor":18,"turns":6},{"damage":37,"enemies":"Masked Bandits","floor":20,"turns":4},{"damage":38,"enemies":"Book of Stabbing","floor":23,"turns":6},{"damage":1,"enemies":"Chosen","floor":24,"turns":5},{"damage":29,"enemies":"Gremlin Leader","floor":25,"turns":4}],"seed_played":"1942028112950114769","potions_obtained":[{"floor":11,"key":"Poison Potion"},{"floor":14,"key":"Block Potion"},{"floor":14,"key":"SpeedPotion"},{"floor":16,"key":"PowerPotion"},{"floor":18,"key":"Explosive Potion"},{"floor":20,"key":"Weak Potion"},{"floor":24,"key":"SkillPotion"}],"is_trial":false,"path_per_floor":["M","M","?","?","M","E","$","R","T","$","M","R","$","?","R","B",null,"M","T","?","$","?","E","M","E"],"character_chosen":"IRONCLAD","items_purchased":["PreservedInsect"],"campfire_rested":0,"item_purchase_floors":[21],"current_hp_per_floor":[80,80,64,61,67,31,31,31,31,31,36,36,36,36,36,18,80,74,74,43,43,43,11,16,0],"gold":92,"neow_bonus":"THREE_ENEMY_KILL","is_prod":false,"is_daily":false,"chose_seed":false,"campfire_upgraded":3,"win_rate":0,"timestamp":1567713090,"path_taken":["M","M","?","?","?","E","$","R","T","$","M","R","?","?","R","BOSS","M","?","?","$","?","E","M","E"],"build_version":"2019-08-26","purchased_purges":2,"victory":false,"max_hp_per_floor":[80,80,80,80,80,80,80,80,80,80,80,80,80,80,80,80,80,80,80,80,80,80,80,80,80],"card_choices":[{"not_picked":["Iron Wave","Sword Boomerang"],"picked":"Uppercut","floor":1},{"not_picked":["Dual Wield","Shrug It Off"],"picked":"Body Slam","floor":2},{"not_picked":["Spot Weakness","Combust"],"picked":"Flame Barrier","floor":5},{"not_picked":["True Grit","Pommel Strike","Searing Blow"],"picked":"SKIP","floor":6},{"not_picked":["Hemokinesis","Headbutt","Fire Breathing"],"picked":"SKIP","floor":11},{"not_picked":["Fiend Fire","Reaper"],"picked":"Juggernaut","floor":16},{"not_picked":["Hemokinesis","Infernal Blade"],"picked":"Flame Barrier","floor":18},{"not_picked":["Exhume","Clothesline","Corruption"],"picked":"SKIP","floor":23},{"not_picked":["Headbutt","Sentinel"],"picked":"Shrug It Off","floor":24}],"player_experience":149867,"relics_obtained":[{"floor":6,"key":"War Paint"},{"floor":9,"key":"Vajra"},{"floor":19,"key":"Bag of Marbles"},{"floor":20,"key":"Red Mask"},{"floor":23,"key":"Ancient Tea Set"}],"event_choices":[{"damage_healed":0,"gold_gain":0,"player_choice":"Entered Light","damage_taken":16,"max_hp_gain":0,"max_hp_loss":0,"event_name":"Shining Light","floor":3,"gold_loss":0,"cards_upgraded":["Strike_R","Strike_R"]},{"damage_healed":0,"gold_gain":0,"player_choice":"Success","damage_taken":3,"relics_obtained":["Dream Catcher"],"max_hp_gain":0,"max_hp_loss":0,"event_name":"Scrap Ooze","floor":4,"gold_loss":0},{"damage_healed":0,"gold_gain":0,"player_choice":"Got Potions","damage_taken":0,"max_hp_gain":0,"max_hp_loss":0,"event_name":"Lab","floor":14,"gold_loss":0},{"damage_healed":0,"gold_gain":0,"player_choice":"Fought Bandits","damage_taken":0,"max_hp_gain":0,"max_hp_loss":0,"event_name":"Masked Bandits","floor":20,"gold_loss":0}],"is_beta":true,"boss_relics":[{"not_picked":["Tiny House","Black Blood"],"picked":"Astrolabe"}],"items_purged_floors":[7,10],"is_endless":false,"potions_floor_spawned":[11,16,18,20,24],"killed_by":"Gremlin Leader","ascension_level":4}