{"gold_per_floor":[112,126,144,69,69,104,124,124,124,136,136,164,164,182,182,182],"floor_reached":16,"playtime":530,"items_purged":[],"score":123,"play_id":"6237352e-817e-45ed-9ae8-10b275b91337","local_time":"20190514223917","is_ascension_mode":true,"campfire_choices":[{"floor":11,"key":"REST"},{"floor":15,"key":"REST"}],"neow_cost":"NONE","seed_source_timestamp":905889761593200,"circlet_count":0,"master_deck":["Strike_B","Strike_B","Strike_B","Strike_B","Defend_B","Defend_B+1","Defend_B","Defend_B","Zap","Dualcast","Deep Breath","Doom and Gloom","Barrage","Cold Snap+1","Capacitor","Cold Snap","Lockon","Defragment","Redo","Capacitor"],"relics":["Cracked Core","Ice Cream","Torii","Matryoshka"],"potions_floor_usage":[16,16,16],"damage_taken":[{"damage":0,"enemies":"Cultist","floor":1,"turns":4},{"damage":5,"enemies":"Small Slimes","floor":2,"turns":2},{"damage":7,"enemies":"2 Louse","floor":3,"turns":3},{"damage":25,"enemies":"3 Sentries","floor":6,"turns":5},{"damage":10,"enemies":"2 Fungi Beasts","floor":7,"turns":3},{"damage":11,"enemies":"Blue Slaver","floor":10,"turns":4},{"damage":13,"enemies":"Gremlin Nob","floor":12,"turns":4},{"damage":2,"enemies":"Red Slaver","floor":14,"turns":4},{"damage":34,"enemies":"Slime Boss","floor":16,"turns":6}],"seed_played":"7358785459897651069","potions_obtained":[{"floor":5,"key":"LiquidBronze"},{"floor":5,"key":"SteroidPotion"},{"floor":5,"key":"Poison Potion"}],"is_trial":false,"path_per_floor":["M","M","M","$","?","E","M","?","T","M","R","E","?","M","R","B"],"character_chosen":"DEFECT","items_purchased":["Capacitor"],"campfire_rested":2,"item_purchase_floors":[4],"current_hp_per_floor":[75,70,63,63,63,38,28,28,28,17,39,26,11,9,31,0],"gold":182,"neow_bonus":"RANDOM_COLORLESS","is_prod":false,"is_daily":false,"chose_seed":false,"campfire_upgraded":0,"win_rate":0,"timestamp":1557866357,"path_taken":["M","M","M","$","?","E","?","?","T","?","R","E","?","M","R","BOSS"],"build_version":"2019-05-07","purchased_purges":0,"victory":false,"max_hp_per_floor":[75,75,75,75,75,75,75,75,75,75,75,75,75,75,75,75],"card_choices":[{"not_picked":["Coolheaded","Hologram"],"picked":"Doom and Gloom","floor":1},{"not_picked":["Scrape","Leap"],"picked":"Barrage","floor":2},{"not_picked":["Redo","Streamline"],"picked":"Cold Snap","floor":3},{"not_picked":["Recycle","Force Field"],"picked":"Cold Snap","floor":6},{"not_picked":["Streamline","All For One"],"picked":"Lockon","floor":7},{"not_picked":["Aggregate","Gash"],"picked":"Defragment","floor":10},{"not_picked":["Reinforced Body","Melter"],"picked":"Redo","floor":12},{"not_picked":["Fusion","Turbo"],"picked":"Capacitor","floor":14}],"player_experience":75333,"relics_obtained":[{"floor":6,"key":"Ice Cream"},{"floor":9,"key":"Torii"},{"floor":12,"key":"Matryoshka"}],"event_choices":[{"damage_healed":0,"gold_gain":0,"player_choice":"Got Potions","damage_taken":0,"max_hp_gain":0,"max_hp_loss":0,"event_name":"Lab","floor":5,"gold_loss":0},{"damage_healed":0,"gold_gain":0,"player_choice":"Bought 0 Potions","damage_taken":0,"max_hp_gain":0,"max_hp_loss":0,"event_name":"The Woman in Blue","floor":8,"gold_loss":0},{"damage_healed":0,"gold_gain":0,"player_choice":"Entered Light","damage_taken":15,"max_hp_gain":0,"max_hp_loss":0,"event_name":"Shining Light","floor":13,"gold_loss":0,"cards_upgraded":["Cold Snap","Defend_B"]}],"is_beta":true,"boss_relics":[],"items_purged_floors":[],"is_endless":false,"potions_floor_spawned":[6,7,14],"killed_by":"Slime Boss","ascension_level":2}