{"gold_per_floor":[117,17,17,17,0,0,26,26,53,66,66,93,93,121,121,225,225,245,245,170,186,186,186],"floor_reached":23,"playtime":528,"items_purged":["Doubt"],"score":284,"play_id":"94fc3599-b1fe-4c8f-aa98-aaca188a08dd","local_time":"20191020211321","is_ascension_mode":true,"campfire_choices":[{"data":"Twin Strike","floor":6,"key":"SMITH"},{"floor":8,"key":"REST"},{"floor":11,"key":"REST"},{"floor":13,"key":"REST"},{"floor":15,"key":"REST"}],"neow_cost":"CURSE","seed_source_timestamp":721812882042000,"circlet_count":0,"master_deck":["Strike_R+1","Strike_R+1","Strike_R+1","Strike_R+1","Strike_R+1","Defend_R+1","Defend_R+1","Defend_R+1","Bash+1","Twin Strike+1","Carnage","Clash","Demon Form+1","Shockwave"],"relics":["Burning Blood","Champion Belt","Art of War","Frozen Egg 2","Happy Flower","Dream Catcher","Omamori","Black Star"],"potions_floor_usage":[16,16,23,23],"damage_taken":[{"damage":11,"enemies":"2 Louse","floor":1,"turns":3},{"damage":20,"enemies":"Gremlin Nob","floor":7,"turns":4},{"damage":14,"enemies":"Jaw Worm","floor":10,"turns":4},{"damage":30,"enemies":"3 Sentries","floor":12,"turns":8},{"damage":40,"enemies":"Lagavulin","floor":14,"turns":4},{"damage":21,"enemies":"Slime Boss","floor":16,"turns":8},{"damage":33,"enemies":"Spheric Guardian","floor":18,"turns":4},{"damage":16,"enemies":"3 Byrds","floor":21,"turns":5},{"damage":27,"enemies":"Book of Stabbing","floor":23,"turns":2}],"seed_played":"-1918892958175031555","potions_obtained":[{"floor":7,"key":"Regen Potion"},{"floor":14,"key":"EssenceOfSteel"},{"floor":16,"key":"Strength Potion"},{"floor":21,"key":"Strength Potion"}],"is_trial":false,"path_per_floor":["M","$","?","?","?","R","E","R","T","M","R","E","R","E","R","B",null,"M","?","?","M","?","E"],"character_chosen":"IRONCLAD","items_purchased":["Twin Strike"],"campfire_rested":4,"item_purchase_floors":[2],"current_hp_per_floor":[67,67,60,60,60,60,46,70,70,62,80,56,80,46,70,68,77,50,35,35,25,25,0],"gold":186,"neow_bonus":"ONE_RARE_RELIC","is_prod":false,"is_daily":false,"chose_seed":false,"campfire_upgraded":1,"win_rate":0,"timestamp":1571624001,"path_taken":["M","$","?","?","?","R","E","R","T","M","R","E","R","E","R","BOSS","M","?","?","M","?","E"],"build_version":"2019-07-17","purchased_purges":1,"victory":false,"max_hp_per_floor":[80,80,80,80,80,80,80,80,80,80,80,80,80,80,80,80,80,80,85,85,85,85,85],"card_choices":[{"not_picked":["Searing Blow","Sever Soul","Spot Weakness"],"picked":"SKIP","floor":1},{"not_picked":["Iron Wave","Bloodletting","Whirlwind"],"picked":"SKIP","floor":7},{"not_picked":["Sword Boomerang","True Grit","Flex"],"picked":"SKIP","floor":10},{"not_picked":["Anger","Brutality+1","Battle Trance"],"picked":"SKIP","floor":12},{"not_picked":["Cleave","Body Slam"],"picked":"Carnage","floor":13},{"not_picked":["Havoc","Iron Wave","Shrug It Off"],"picked":"SKIP","floor":14},{"not_picked":["Heavy Blade","Perfected Strike"],"picked":"Clash","floor":15},{"not_picked":["Barricade+1","Feed"],"picked":"Demon Form+1","floor":16},{"not_picked":["Warcry+1","Body Slam+1"],"picked":"Shockwave","floor":18},{"not_picked":["Dual Wield","Twin Strike","Havoc"],"picked":"SKIP","floor":21}],"player_experience":326155,"relics_obtained":[{"floor":7,"key":"Frozen Egg 2"},{"floor":9,"key":"Happy Flower"},{"floor":12,"key":"Dream Catcher"},{"floor":14,"key":"Omamori"}],"event_choices":[{"damage_healed":0,"gold_gain":0,"player_choice":"Success","damage_taken":7,"relics_obtained":["Art of War"],"max_hp_gain":0,"max_hp_loss":0,"event_name":"Scrap Ooze","floor":3,"gold_loss":0},{"damage_healed":0,"gold_gain":0,"player_choice":"Grow","damage_taken":0,"max_hp_gain":0,"max_hp_loss":0,"event_name":"Living Wall","floor":4,"gold_loss":0,"cards_upgraded":["Bash"]},{"damage_healed":0,"gold_gain":0,"player_choice":"Left Gold","damage_taken":0,"max_hp_gain":0,"max_hp_loss":0,"event_name":"World of Goop","floor":5,"gold_loss":17},{"damage_healed":0,"gold_gain":0,"player_choice":"Shed Blood","damage_taken":20,"max_hp_gain":5,"max_hp_loss":0,"event_name":"Forgotten Altar","floor":19,"gold_loss":0},{"cards_removed":["Defend_R"],"damage_healed":0,"gold_gain":0,"player_choice":"Gave Gold","damage_taken":0,"max_hp_gain":0,"max_hp_loss":0,"event_name":"Beggar","floor":20,"gold_loss":75},{"damage_healed":0,"gold_gain":0,"player_choice":"Simplicity","damage_taken":0,"max_hp_gain":0,"max_hp_loss":0,"event_name":"Back to Basics","floor":22,"gold_loss":0,"cards_upgraded":["Strike_R","Strike_R","Strike_R","Strike_R","Strike_R","Defend_R","Defend_R","Defend_R"]}],"is_beta":false,"boss_relics":[{"not_picked":["Philosopher\u0027s Stone","Astrolabe"],"picked":"Black Star"}],"items_purged_floors":[2],"is_endless":false,"potions_floor_spawned":[7,14,16,21],"killed_by":"Book of Stabbing","ascension_level":8}