{"gold_per_floor":[116,18,34,209,209,241,341,341],"floor_reached":8,"playtime":235,"items_purged":[],"score":86,"play_id":"7967410e-6007-404f-8cb0-4f9c19817444","local_time":"20191019213923","is_ascension_mode":true,"campfire_choices":[],"neow_cost":"TEN_PERCENT_HP_LOSS","seed_source_timestamp":101370089212400,"circlet_count":0,"master_deck":["AscendersBane","Strike_R","Strike_R","Strike_R","Strike_R","Strike_R","Defend_R","Defend_R","Defend_R","Defend_R","Bash","Twin Strike","Panacea","Headbutt","Seeing Red"],"special_seed":0,"relics":["Burning Blood","Turnip","Pantograph"],"potions_floor_usage":[],"damage_taken":[{"damage":7.0,"enemies":"2 Louse","floor":1.0,"turns":4.0},{"damage":14.0,"enemies":"Jaw Worm","floor":3.0,"turns":3.0},{"damage":26.0,"enemies":"Gremlin Nob","floor":6.0,"turns":4.0},{"damage":45,"enemies":"Lagavulin","floor":8,"turns":7}],"seed_played":"4284016482672317724","potions_obtained":[{"floor":1.0,"key":"GamblersBrew"},{"floor":3.0,"key":"Weak Potion"}],"is_trial":false,"path_per_floor":["M","$","M","?","?","E","?","E"],"character_chosen":"IRONCLAD","items_purchased":["Panacea"],"campfire_rested":0,"item_purchase_floors":[2],"current_hp_per_floor":[71,71,63,63,56,36,36,0],"gold":341,"neow_bonus":"ONE_RARE_RELIC","is_prod":false,"is_daily":false,"chose_seed":false,"campfire_upgraded":0,"win_rate":0,"timestamp":1571535563,"path_taken":["M","$","M","?","?","E","?","E"],"build_version":"2019-07-17","purchased_purges":0,"victory":false,"max_hp_per_floor":[72,72,72,72,72,72,72,72],"card_choices":[{"not_picked":["Disarm","Intimidate"],"picked":"Twin Strike","floor":1.0},{"not_picked":["Bloodletting","Rage"],"picked":"Headbutt","floor":3.0},{"not_picked":["Body Slam","Twin Strike"],"picked":"Seeing Red","floor":6.0}],"player_experience":731729,"relics_obtained":[{"floor":6.0,"key":"Pantograph"}],"event_choices":[{"damage_healed":0.0,"max_hp_gain":0.0,"max_hp_loss":0.0,"gold_gain":175.0,"event_name":"Liars Game","player_choice":"AGREE","floor":4.0,"gold_loss":0.0,"damage_taken":0.0,"cards_obtained":["Doubt"]},{"cards_removed":["Doubt"],"damage_healed":0.0,"max_hp_gain":0.0,"max_hp_loss":0.0,"gold_gain":0.0,"event_name":"Golden Wing","player_choice":"Card Removal","floor":5.0,"gold_loss":0.0,"damage_taken":7.0},{"damage_healed":0.0,"max_hp_gain":0.0,"max_hp_loss":0.0,"gold_gain":100.0,"event_name":"Wheel of Change","player_choice":"Gold","floor":7.0,"gold_loss":0.0,"damage_taken":0.0}],"is_beta":false,"boss_relics":[],"items_purged_floors":[],"is_endless":false,"potions_floor_spawned":[1,3],"killed_by":"Lagavulin","ascension_level":12}