{"gold_per_floor":[111,123,73,73,91,120,120,139,139,152,152,162,15,45,45,141,141,160,110,124,15,26,37,37,55,55,55,2,2,28,41,41,41],"floor_reached":33,"playtime":1739,"items_purged":["Strike_G"],"score":259,"play_id":"8e273863-20e4-4294-9de8-9ee6f8320342","local_time":"20191019145842","is_ascension_mode":false,"campfire_choices":[{"data":"Footwork","floor":7,"key":"SMITH"},{"data":"Blade Dance","floor":11,"key":"SMITH"},{"floor":15,"key":"REST"},{"data":"Endless Agony","floor":24,"key":"SMITH"},{"floor":32,"key":"REST"}],"neow_cost":"NONE","seed_source_timestamp":2046411400204594,"circlet_count":0,"master_deck":["Strike_G+1","Strike_G","Strike_G","Defend_G","Defend_G","Defend_G","Defend_G","Defend_G","Survivor","Neutralize","Footwork+1","Caltrops","Blade Dance+1","PiercingWail","Noxious Fumes","Finisher","Poisoned Stab","Noxious Fumes","Leg Sweep","Dagger Spray","Burst","Dagger Throw","Bouncing Flask","Footwork","Finisher+1","Endless Agony+1","Endless Agony","PiercingWail+1"],"relics":["Ring of the Snake","NeowsBlessing","Pear","Happy Flower","Mercury Hourglass","Boot","Philosopher\u0027s Stone","Juzu Bracelet","Sundial","Whetstone"],"potions_floor_usage":[6,12,14,14,20,22,33,33],"damage_taken":[{"damage":0,"enemies":"Cultist","floor":1,"turns":1},{"damage":0,"enemies":"Jaw Worm","floor":2,"turns":1},{"damage":0,"enemies":"Small Slimes","floor":5,"turns":1},{"damage":35,"enemies":"Lagavulin","floor":6,"turns":13},{"damage":24,"enemies":"Gremlin Gang","floor":8,"turns":7},{"damage":10,"enemies":"Lots of Slimes","floor":10,"turns":3},{"damage":1,"enemies":"Blue Slaver","floor":12,"turns":5},{"damage":1,"enemies":"3 Sentries","floor":14,"turns":6},{"damage":10,"enemies":"Hexaghost","floor":16,"turns":9},{"damage":17,"enemies":"Shell Parasite","floor":18,"turns":6},{"damage":1,"enemies":"2 Thieves","floor":20,"turns":4},{"damage":11,"enemies":"Chosen and Byrds","floor":22,"turns":5},{"damage":16,"enemies":"Snake Plant","floor":23,"turns":4},{"damage":26,"enemies":"Centurion and Healer","floor":25,"turns":6},{"damage":7,"enemies":"Shelled Parasite and Fungi","floor":31,"turns":6},{"damage":30,"enemies":"Collector","floor":33,"turns":6}],"seed_played":"-1909825005297818336","potions_obtained":[{"floor":1,"key":"FearPotion"},{"floor":6,"key":"AttackPotion"},{"floor":8,"key":"GamblersBrew"},{"floor":10,"key":"Weak Potion"},{"floor":12,"key":"Block Potion"},{"floor":18,"key":"Energy Potion"},{"floor":20,"key":"Weak Potion"},{"floor":25,"key":"Weak Potion"}],"is_trial":false,"path_per_floor":["M","M","?","?","M","E","R","M","T","M","R","M","$","E","R","B",null,"M","?","M","$","M","M","R","M","T","?","?","$","T","M","R","B"],"character_chosen":"THE_SILENT","items_purchased":["Noxious Fumes","Leg Sweep","Footwork"],"campfire_rested":2,"item_purchase_floors":[13,13,21],"current_hp_per_floor":[70,70,70,77,77,42,42,18,18,8,8,7,7,6,30,20,80,63,63,62,62,51,35,35,9,9,9,9,9,9,2,26,0],"gold":41,"neow_bonus":"THREE_ENEMY_KILL","is_prod":false,"is_daily":false,"chose_seed":false,"campfire_upgraded":3,"win_rate":0.0,"timestamp":1571511522,"path_taken":["M","M","?","?","M","E","R","M","T","M","R","M","$","E","R","BOSS","M","?","M","$","?","M","R","M","T","?","?","$","?","M","R","BOSS"],"build_version":"2019-07-17","purchased_purges":1,"victory":false,"max_hp_per_floor":[70,70,70,80,80,80,80,80,80,80,80,80,80,80,80,80,80,80,80,80,80,80,80,80,80,80,80,80,80,80,80,80,80],"card_choices":[{"not_picked":["Deflect","Slice"],"picked":"Footwork","floor":1},{"not_picked":["Prepared","Deflect"],"picked":"Caltrops","floor":2},{"not_picked":["Underhanded Strike","Outmaneuver"],"picked":"Blade Dance","floor":5},{"not_picked":["Crippling Poison","Outmaneuver"],"picked":"PiercingWail","floor":6},{"not_picked":["Leg Sweep","Backflip"],"picked":"Noxious Fumes","floor":8},{"not_picked":["Dodge and Roll","Wraith Form v2"],"picked":"Finisher","floor":10},{"not_picked":["Slice","PiercingWail"],"picked":"Poisoned Stab","floor":12},{"not_picked":["Poisoned Stab","Flechettes"],"picked":"Dagger Spray","floor":14},{"not_picked":["Wraith Form v2","Doppelganger"],"picked":"Burst","floor":16},{"not_picked":["Poisoned Stab","Flying Knee"],"picked":"Dagger Throw","floor":18},{"not_picked":["Endless Agony","Poisoned Stab"],"picked":"Bouncing Flask","floor":20},{"not_picked":["Riddle With Holes+1","Deflect"],"picked":"Finisher","floor":22},{"not_picked":["Prepared+1","Slice"],"picked":"Endless Agony","floor":23},{"not_picked":["Outmaneuver","Heel Hook"],"picked":"Endless Agony","floor":25},{"not_picked":["Heel Hook+1","Blade Dance"],"picked":"PiercingWail+1","floor":31}],"player_experience":7164,"relics_obtained":[{"floor":6,"key":"Happy Flower"},{"floor":9,"key":"Mercury Hourglass"},{"floor":14,"key":"Boot"},{"floor":26,"key":"Juzu Bracelet"},{"floor":30,"key":"Whetstone"}],"event_choices":[{"cards_removed":["Strike_G"],"damage_healed":0,"gold_gain":0,"player_choice":"Card Removal","damage_taken":0,"max_hp_gain":0,"max_hp_loss":0,"event_name":"The Cleric","floor":3,"gold_loss":50},{"damage_healed":0,"gold_gain":0,"player_choice":"Success","damage_taken":3,"relics_obtained":["Pear"],"max_hp_gain":0,"max_hp_loss":0,"event_name":"Scrap Ooze","floor":4,"gold_loss":0},{"damage_healed":0,"gold_gain":0,"player_choice":"Bet on Murderer","damage_taken":0,"max_hp_gain":0,"max_hp_loss":0,"event_name":"The Joust","floor":19,"gold_loss":50},{"damage_healed":0,"gold_gain":0,"player_choice":"Ignored","damage_taken":0,"max_hp_gain":0,"max_hp_loss":0,"event_name":"N\u0027loth","floor":27,"gold_loss":0},{"damage_healed":0,"gold_gain":0,"player_choice":"Paid Gold","damage_taken":0,"relics_obtained":["Sundial"],"max_hp_gain":0,"max_hp_loss":0,"event_name":"WeMeetAgain","floor":28,"gold_loss":53}],"is_beta":false,"boss_relics":[{"not_picked":["Astrolabe","Runic Pyramid"],"picked":"Philosopher\u0027s Stone"}],"items_purged_floors":[21],"is_endless":false,"potions_floor_spawned":[1,6,8,10,12,18,20,25],"killed_by":"Collector","ascension_level":0}