{"gold_per_floor":[112,112,33,33,33,33,44,44,44,62,79,79,92,127,127,224,224,224,224,224,52,52,52,52,52,52,52,52,52,52,52,52,52,52,52,52,52,52,52,52,52,52],"floor_reached":42,"playtime":1824,"items_purged":["Strike_G"],"score":504,"play_id":"bf1269e9-2b87-4cdc-b2be-fa92fa53112a","local_time":"20191019201859","is_ascension_mode":false,"campfire_choices":[{"data":"Skewer","floor":6,"key":"SMITH"},{"data":"Blade Dance","floor":8,"key":"SMITH"},{"data":"Predator","floor":12,"key":"SMITH"},{"data":"Backflip","floor":15,"key":"SMITH"},{"data":"Phantasmal Killer","floor":29,"key":"SMITH"},{"floor":32,"key":"REST"},{"floor":40,"key":"REST"}],"neow_cost":"NONE","seed_source_timestamp":2065542465586625,"circlet_count":0,"master_deck":["Strike_G","Strike_G","Strike_G","Defend_G","Defend_G+1","Defend_G","Defend_G","Defend_G","Survivor+1","Neutralize+1","Venomology+1","Blade Dance+1","Skewer+1","Slice","Predator+1","Backflip+1","Dagger Spray","Glass Knife","Noxious Fumes+1","Necronomicurse","Infinite Blades","Deflect","Dagger Spray","Phantasmal Killer+1","Sucker Punch","Envenom","Crippling Poison","Die Die Die","Well Laid Plans+1","Finisher+1","Dagger Spray+1","Infinite Blades+1"],"relics":["Ring of the Snake","War Paint","Strawberry","Ectoplasm","Necronomicon","MutagenicStrength","Unceasing Top","PreservedInsect","The Specimen","Regal Pillow"],"potions_floor_usage":[1,11,13,14,14,16,16,16,18,24,27,27,30,30,31,31,33,39,39,41],"damage_taken":[{"damage":0,"enemies":"Jaw Worm","floor":1,"turns":3},{"damage":0,"enemies":"Small Slimes","floor":7,"turns":3},{"damage":0,"enemies":"Cultist","floor":10,"turns":3},{"damage":0,"enemies":"Large Slime","floor":11,"turns":2},{"damage":2,"enemies":"Exordium Wildlife","floor":13,"turns":3},{"damage":9,"enemies":"Lagavulin","floor":14,"turns":6},{"damage":13,"enemies":"Hexaghost","floor":16,"turns":11},{"damage":7,"enemies":"Shell Parasite","floor":18,"turns":5},{"damage":24,"enemies":"Gremlin Leader","floor":24,"turns":6},{"damage":0,"enemies":"Book of Stabbing","floor":27,"turns":3},{"damage":0,"enemies":"Spheric Guardian","floor":28,"turns":2},{"damage":0,"enemies":"Gremlin Leader","floor":30,"turns":2},{"damage":11,"enemies":"Snecko","floor":31,"turns":3},{"damage":63,"enemies":"Champ","floor":33,"turns":9},{"damage":0,"enemies":"Orb Walker","floor":35,"turns":2},{"damage":49,"enemies":"3 Shapes","floor":36,"turns":4},{"damage":11,"enemies":"Spire Growth","floor":39,"turns":3},{"damage":23,"enemies":"Writhing Mass","floor":41,"turns":7}],"seed_played":"1959693334832350480","potions_obtained":[{"floor":14,"key":"AttackPotion"},{"floor":16,"key":"Fruit Juice"},{"floor":24,"key":"FearPotion"},{"floor":27,"key":"EssenceOfSteel"},{"floor":33,"key":"FearPotion"},{"floor":36,"key":"Energy Potion"}],"is_trial":false,"path_per_floor":["M","?","$","?","$","R","M","R","T","M","M","R","M","E","R","B",null,"M","?","?","$","?","$","E","?","T","E","M","R","E","M","R","B",null,"M","M","?","?","M","R","M","M"],"character_chosen":"THE_SILENT","items_purchased":["Skewer","Infinite Blades","Deflect"],"campfire_rested":2,"item_purchase_floors":[3,21,21],"current_hp_per_floor":[70,56,56,56,56,56,56,56,56,56,56,56,54,52,52,44,82,75,59,59,59,59,59,35,62,62,62,62,62,62,51,82,19,82,82,33,33,33,22,61,38,0],"gold":52,"neow_bonus":"ONE_RANDOM_RARE_CARD","is_prod":false,"is_daily":false,"chose_seed":false,"campfire_upgraded":5,"win_rate":0.0,"timestamp":1571530739,"path_taken":["M","?","$","?","$","R","M","R","T","M","M","R","?","E","R","BOSS","M","?","?","$","?","?","E","?","T","E","M","R","E","M","R","BOSS","M","M","?","?","M","R","M","?"],"build_version":"2019-07-17","purchased_purges":1,"victory":false,"max_hp_per_floor":[70,70,70,70,70,70,70,70,70,70,70,70,70,77,77,82,82,82,82,82,82,82,82,82,82,82,82,82,82,82,82,82,82,82,82,82,82,82,82,82,82,82],"card_choices":[{"not_picked":["Tactician","Acrobatics"],"picked":"Blade Dance","floor":1},{"not_picked":["Deadly Poison","Flying Knee"],"picked":"Slice","floor":7},{"not_picked":["Deflect","Deadly Poison"],"picked":"Predator","floor":10},{"not_picked":["Underhanded Strike","Deadly Poison","Bullet Time"],"picked":"SKIP","floor":11},{"not_picked":["Slice","Deadly Poison"],"picked":"Backflip","floor":13},{"not_picked":["Sucker Punch","Terror"],"picked":"Dagger Spray","floor":14},{"not_picked":["Wraith Form v2","Night Terror"],"picked":"Glass Knife","floor":16},{"not_picked":["Sucker Punch+1","Blade Dance"],"picked":"Noxious Fumes+1","floor":18},{"not_picked":["Prepared+1","Blade Dance"],"picked":"Dagger Spray","floor":24},{"not_picked":["Outmaneuver","Flying Knee"],"picked":"Phantasmal Killer","floor":27},{"not_picked":["Deflect+1","Poisoned Stab"],"picked":"Sucker Punch","floor":28},{"not_picked":["Quick Slash","Deadly Poison"],"picked":"Envenom","floor":30},{"not_picked":["Skewer","All Out Attack"],"picked":"Crippling Poison","floor":31},{"not_picked":["A Thousand Cuts","Phantasmal Killer"],"picked":"Die Die Die","floor":33},{"not_picked":["Deflect+1","Slice"],"picked":"Well Laid Plans+1","floor":35},{"not_picked":["Bouncing Flask","Distraction"],"picked":"Finisher+1","floor":36},{"not_picked":["Flying Knee","Slice"],"picked":"Dagger Spray+1","floor":39},{"not_picked":["Outmaneuver+1","Caltrops"],"picked":"Infinite Blades+1","floor":41}],"player_experience":14388,"relics_obtained":[{"floor":9,"key":"War Paint"},{"floor":14,"key":"Strawberry"},{"floor":19,"key":"Necronomicon"},{"floor":24,"key":"Unceasing Top"},{"floor":26,"key":"PreservedInsect"},{"floor":27,"key":"The Specimen"},{"floor":30,"key":"Regal Pillow"}],"event_choices":[{"damage_healed":0,"gold_gain":0,"player_choice":"Entered Light","damage_taken":14,"max_hp_gain":0,"max_hp_loss":0,"event_name":"Shining Light","floor":2,"gold_loss":0,"cards_upgraded":["Survivor","Neutralize"]},{"damage_healed":0,"gold_gain":0,"player_choice":"Ignored","damage_taken":0,"max_hp_gain":0,"max_hp_loss":0,"event_name":"WeMeetAgain","floor":4,"gold_loss":0},{"damage_healed":0,"gold_gain":0,"player_choice":"Obtained Book","damage_taken":16,"max_hp_gain":0,"max_hp_loss":0,"event_name":"Cursed Tome","floor":19,"gold_loss":0},{"damage_healed":0,"gold_gain":0,"player_choice":"Inject Mutagens","damage_taken":0,"relics_obtained":["MutagenicStrength"],"max_hp_gain":0,"max_hp_loss":0,"event_name":"Drug Dealer","floor":20,"gold_loss":0},{"damage_healed":27,"gold_gain":0,"player_choice":"Heal","damage_taken":0,"max_hp_gain":0,"max_hp_loss":0,"event_name":"The Library","floor":25,"gold_loss":0},{"cards_removed":["Strike_G"],"damage_healed":0,"gold_gain":0,"player_choice":"Removed Attack","damage_taken":0,"max_hp_gain":0,"max_hp_loss":0,"event_name":"Falling","floor":37,"gold_loss":0},{"damage_healed":0,"gold_gain":100,"player_choice":"Pray","damage_taken":0,"max_hp_gain":0,"max_hp_loss":0,"event_name":"Golden Shrine","floor":38,"gold_loss":0}],"is_beta":false,"boss_relics":[{"not_picked":["Fusion Hammer","HoveringKite"],"picked":"Ectoplasm"},{"not_picked":["Velvet Choker","Calling Bell","Runic Dome"]}],"items_purged_floors":[21],"is_endless":false,"potions_floor_spawned":[14,16,24,27,33,36],"killed_by":"4 Shapes","ascension_level":0}