{"gold_per_floor":[112,42,58,85,99,99,112,128,128,128,139,139,139,183,183,306,306,321,344,73,73,98,98,98,118,118,118,143,143,167,67,67,196,196,210,235,235,510,523,523,523],"floor_reached":41,"playtime":1143,"items_purged":["Strike_R","Defend_R"],"score":491,"play_id":"c072e63c-51b5-4e12-ba8b-44cff6246b82","local_time":"20190811170112","is_ascension_mode":true,"campfire_choices":[{"data":"Bash","floor":6,"key":"SMITH"},{"data":"Body Slam","floor":13,"key":"SMITH"},{"floor":15,"key":"REST"},{"floor":23,"key":"REST"},{"floor":32,"key":"REST"}],"neow_cost":"NONE","seed_source_timestamp":50598578219648,"circlet_count":0,"master_deck":["Strike_R","Strike_R","Strike_R","Strike_R","Defend_R+1","Defend_R","Defend_R","Bash+1","Body Slam+1","Dropkick","Shrug It Off+1","Dropkick+1","The Bomb+1"],"relics":["Burning Blood","NeowsBlessing","War Paint","Potion Belt","Golden Idol","Dream Catcher","Fusion Hammer","MutagenicStrength","Question Card","Black Star","Omamori"],"potions_floor_usage":[7,14,19,19,22,28,30,33,33,33,41],"damage_taken":[{"damage":0,"enemies":"Cultist","floor":1,"turns":1},{"damage":0,"enemies":"Small Slimes","floor":3,"turns":1},{"damage":0,"enemies":"2 Louse","floor":5,"turns":1},{"damage":0,"enemies":"2 Fungi Beasts","floor":7,"turns":4},{"damage":14,"enemies":"3 Louse","floor":8,"turns":4},{"damage":12,"enemies":"Red Slaver","floor":11,"turns":3},{"damage":19,"enemies":"3 Sentries","floor":14,"turns":9},{"damage":56,"enemies":"The Guardian","floor":16,"turns":17},{"damage":26,"enemies":"Spheric Guardian","floor":18,"turns":6},{"damage":21,"enemies":"Shell Parasite","floor":19,"turns":6},{"damage":2,"enemies":"Cultist and Chosen","floor":22,"turns":3},{"damage":0,"enemies":"Snecko","floor":25,"turns":3},{"damage":7,"enemies":"Chosen and Byrds","floor":28,"turns":4},{"damage":17,"enemies":"Cultist and Chosen","floor":30,"turns":4},{"damage":49,"enemies":"Collector","floor":33,"turns":5},{"damage":24,"enemies":"3 Shapes","floor":35,"turns":5},{"damage":11,"enemies":"Orb Walker","floor":39,"turns":3},{"damage":55,"enemies":"Reptomancer","floor":41,"turns":2}],"seed_played":"5398824795679267161","potions_obtained":[{"floor":3,"key":"Block Potion"},{"floor":8,"key":"BloodPotion"},{"floor":11,"key":"Fire Potion"},{"floor":18,"key":"Swift Potion"},{"floor":19,"key":"EntropicBrew"},{"floor":35,"key":"GamblersBrew"}],"is_trial":false,"path_per_floor":["M","$","M","T","M","R","M","M","T","?","M","?","R","E","R","B",null,"M","M","$","?","M","R","$","M","T","?","M","?","M","$","R","B",null,"M","T","?","?","M","?","E"],"character_chosen":"IRONCLAD","items_purchased":["Dropkick","The Bomb"],"campfire_rested":3,"item_purchase_floors":[2,20],"current_hp_per_floor":[80,80,80,80,80,80,80,72,72,77,71,71,71,58,79,29,67,47,51,51,51,55,78,78,79,79,79,78,78,67,67,79,36,68,50,50,50,50,45,45,0],"gold":523,"neow_bonus":"THREE_ENEMY_KILL","is_prod":false,"is_daily":false,"chose_seed":false,"campfire_upgraded":2,"win_rate":0,"timestamp":1565560872,"path_taken":["M","$","?","?","M","R","M","M","T","?","M","?","R","E","R","BOSS","M","M","$","?","M","R","$","M","T","?","M","?","M","$","R","BOSS","M","?","?","?","?","?","E"],"build_version":"2019-07-17","purchased_purges":2,"victory":false,"max_hp_per_floor":[80,80,80,80,80,80,80,80,80,85,85,79,79,79,79,79,79,79,79,79,79,79,79,79,79,79,79,79,79,79,79,79,79,79,79,79,79,79,79,79,79],"card_choices":[{"not_picked":["Rage","Warcry"],"picked":"Body Slam","floor":1},{"not_picked":["Uppercut","Havoc"],"picked":"Shrug It Off","floor":3},{"not_picked":["Havoc","Wild Strike","Perfected Strike"],"picked":"SKIP","floor":5},{"not_picked":["Whirlwind","Pommel Strike","Infernal Blade"],"picked":"SKIP","floor":7},{"not_picked":["Burning Pact","Heavy Blade","Cleave"],"picked":"SKIP","floor":8},{"not_picked":["True Grit","Perfected Strike","Armaments"],"picked":"SKIP","floor":11},{"not_picked":["Shrug It Off","Inflame","Battle Trance"],"picked":"SKIP","floor":14},{"not_picked":["Rage","Thunderclap","Clothesline+1"],"picked":"SKIP","floor":18},{"not_picked":["Shockwave","Body Slam"],"picked":"Dropkick+1","floor":19},{"not_picked":["Shockwave","Pommel Strike","Perfected Strike+1"],"picked":"SKIP","floor":22},{"not_picked":["Thunderclap","Headbutt","Barricade"],"picked":"SKIP","floor":25},{"not_picked":["Combust+1","Shrug It Off","Metallicize","Thunderclap"],"picked":"SKIP","floor":28},{"not_picked":["Battle Trance+1","Clothesline+1","Dual Wield+1","Thunderclap"],"picked":"SKIP","floor":30},{"not_picked":["Juggernaut","Brutality","Exhume"],"picked":"Demon Form","floor":33},{"not_picked":["Flex+1","Havoc+1","Twin Strike","Headbutt"],"picked":"SKIP","floor":35},{"not_picked":["Battle Trance+1","Sever Soul+1","Warcry","Bludgeon"],"picked":"SKIP","floor":39}],"player_experience":272968,"relics_obtained":[{"floor":4,"key":"War Paint"},{"floor":9,"key":"Potion Belt"},{"floor":14,"key":"Dream Catcher"},{"floor":26,"key":"Question Card"},{"floor":36,"key":"Omamori"}],"event_choices":[{"damage_healed":0,"gold_gain":0,"player_choice":"Donut","damage_taken":0,"max_hp_gain":5,"max_hp_loss":0,"event_name":"Big Fish","floor":10,"gold_loss":0},{"damage_healed":0,"gold_gain":0,"player_choice":"Lose Max HP","damage_taken":0,"relics_obtained":["Golden Idol"],"max_hp_gain":0,"max_hp_loss":6,"event_name":"Golden Idol","floor":12,"gold_loss":0},{"damage_healed":0,"gold_gain":0,"player_choice":"Inject Mutagens","damage_taken":0,"relics_obtained":["MutagenicStrength"],"max_hp_gain":0,"max_hp_loss":0,"event_name":"Drug Dealer","floor":21,"gold_loss":0},{"damage_healed":0,"gold_gain":0,"player_choice":"Ignored","damage_taken":0,"max_hp_gain":0,"max_hp_loss":0,"event_name":"Cursed Tome","floor":27,"gold_loss":0},{"damage_healed":0,"gold_gain":0,"player_choice":"Upgraded","damage_taken":0,"max_hp_gain":0,"max_hp_loss":0,"event_name":"Upgrade Shrine","floor":29,"gold_loss":0,"cards_upgraded":["The Bomb"]},{"cards_removed":["Demon Form"],"damage_healed":0,"gold_gain":0,"player_choice":"Removed Power","damage_taken":0,"max_hp_gain":0,"max_hp_loss":0,"event_name":"Falling","floor":37,"gold_loss":0},{"damage_healed":0,"gold_gain":275,"player_choice":"Desecrate","damage_taken":0,"max_hp_gain":0,"max_hp_loss":0,"event_name":"Golden Shrine","floor":38,"gold_loss":0,"cards_obtained":["Regret"]},{"damage_healed":0,"gold_gain":0,"player_choice":"Ignored","damage_taken":0,"max_hp_gain":0,"max_hp_loss":0,"event_name":"Tomb of Lord Red Mask","floor":40,"gold_loss":0}],"is_beta":false,"boss_relics":[{"not_picked":["Velvet Choker","Sozu"],"picked":"Fusion Hammer"},{"not_picked":["Calling Bell","Runic Cube"],"picked":"Black Star"}],"items_purged_floors":[20,31],"is_endless":false,"potions_floor_spawned":[3,8,11,18,19,35],"killed_by":"Reptomancer","ascension_level":5}