{"gold_per_floor":[116,66,84,84,84,148,198,229,229,229,245,262,137,168,168,270,270,270,270,270,270,270,270,270,270,270,270,270,22,22,22,22,22,22,22,22,22,22,22,22,22,22,22,22,22,0,0,0,0,0],"floor_reached":51,"playtime":2386,"items_purged":["Strike_B","Strike_B"],"score":922,"play_id":"4fe08cc0-9b60-40bd-8b9a-29450e5014f5","local_time":"20191020175018","is_ascension_mode":true,"campfire_choices":[{"data":"Hologram","floor":10.0,"key":"SMITH"},{"floor":15.0,"key":"REST"},{"data":"Zap","floor":24.0,"key":"SMITH"},{"floor":28.0,"key":"REST"},{"data":"Loop","floor":30.0,"key":"SMITH"},{"data":"Go for the Eyes","floor":32.0,"key":"SMITH"},{"data":"Leap","floor":40.0,"key":"SMITH"},{"data":"Hologram","floor":47.0,"key":"SMITH"},{"floor":49.0,"key":"REST"}],"neow_cost":"NONE","seed_source_timestamp":334686125939600,"circlet_count":0,"master_deck":["Strike_B","Defend_B","Defend_B","Defend_B","Defend_B","Zap+1","Dualcast+1","Go for the Eyes","Hologram+1","Go for the Eyes+1","Gash+1","Gash+1","Leap","Echo Form","Leap+1","Ghostly","Ghostly","Ghostly","Ghostly","Ghostly","Gash+1","Loop+1","Darkness+1","FTL+1","Beam Cell+1","All For One+1","Leap+1","Gash+1","Conserve Battery+1","Beam Cell+1","Hologram+1"],"special_seed":0,"relics":["Cracked Core","NeowsBlessing","Tiny Chest","Potion Belt","Cables","Molten Egg 2","White Beast Statue","Ectoplasm","Bottled Tornado","Vajra","Lee\u0027s Waffle","Inserter","Darkstone Periapt","Blue Candle","Regal Pillow"],"potions_floor_usage":[50,50,50,50,50],"damage_taken":[{"damage":0.0,"enemies":"2 Louse","floor":1.0,"turns":1.0},{"damage":0.0,"enemies":"Jaw Worm","floor":3.0,"turns":1.0},{"damage":0.0,"enemies":"Gremlin Nob","floor":6.0,"turns":1.0},{"damage":52.0,"enemies":"3 Sentries","floor":8.0,"turns":9.0},{"damage":0.0,"enemies":"Cultist","floor":11.0,"turns":3.0},{"damage":0.0,"enemies":"Looter","floor":12.0,"turns":2.0},{"damage":20.0,"enemies":"Lagavulin","floor":14.0,"turns":4.0},{"damage":9.0,"enemies":"The Guardian","floor":16.0,"turns":9.0},{"damage":28.0,"enemies":"Spheric Guardian","floor":18.0,"turns":5.0},{"damage":4.0,"enemies":"Chosen","floor":20.0,"turns":7.0},{"damage":3.0,"enemies":"Snake Plant","floor":22.0,"turns":5.0},{"damage":1.0,"enemies":"Gremlin Leader","floor":23.0,"turns":6.0},{"damage":0.0,"enemies":"Snecko","floor":25.0,"turns":6.0},{"damage":9.0,"enemies":"Chosen and Byrds","floor":27.0,"turns":6.0},{"damage":2.0,"enemies":"Champ","floor":33.0,"turns":7.0},{"damage":2.0,"enemies":"3 Darklings","floor":35.0,"turns":6.0},{"damage":2.0,"enemies":"3 Shapes","floor":39.0,"turns":6.0},{"damage":7.0,"enemies":"Transient","floor":41.0,"turns":5.0},{"damage":9.0,"enemies":"Nemesis","floor":42.0,"turns":9.0},{"damage":15.0,"enemies":"Sphere and 2 Shapes","floor":44.0,"turns":5.0},{"damage":4.0,"enemies":"4 Shapes","floor":45.0,"turns":6.0},{"damage":15.0,"enemies":"Writhing Mass","floor":48.0,"turns":5.0},{"damage":3,"enemies":"Time Eater","floor":50,"turns":11}],"seed_played":"8918780399506439342","potions_obtained":[{"floor":6.0,"key":"Ancient Potion"},{"floor":14.0,"key":"Strength Potion"},{"floor":16.0,"key":"Weak Potion"},{"floor":18.0,"key":"PowerPotion"},{"floor":20.0,"key":"LiquidMemories"},{"floor":23.0,"key":"SkillPotion"},{"floor":25.0,"key":"Dexterity Potion"},{"floor":27.0,"key":"GamblersBrew"},{"floor":33.0,"key":"LiquidMemories"},{"floor":41.0,"key":"SteroidPotion"},{"floor":42.0,"key":"Regen Potion"},{"floor":44.0,"key":"Strength Potion"},{"floor":45.0,"key":"PowerPotion"}],"is_trial":false,"path_per_floor":["M","?","M","?","?","E","T","E","T","R","M","M","$","E","R","B",null,"M","?","M","?","M","E","R","M","T","M","R","$","R","?","R","B",null,"M","?","$","T","M","R","M","E","T","M","M","$","R","M","R","B",null],"character_chosen":"DEFECT","items_purchased":["Gash+1","Lee\u0027s Waffle","Hologram"],"campfire_rested":3,"item_purchase_floors":[13,29,46],"current_hp_per_floor":[75,75,75,75,80,80,80,28,28,28,28,28,28,8,32,23,80,52,40,36,31,28,27,27,27,27,18,31,52,52,52,52,50,52,50,45,45,45,43,43,36,27,27,24,20,20,20,5,35,32],"gold":0,"neow_bonus":"THREE_ENEMY_KILL","is_prod":false,"is_daily":false,"chose_seed":false,"campfire_upgraded":6,"win_rate":0,"timestamp":1571586618,"path_taken":["M","?","M","?","?","E","?","E","T","R","?","M","$","E","R","BOSS","M","?","M","?","M","E","R","M","T","M","R","$","R","?","R","BOSS","M","?","?","?","M","R","M","E","T","M","M","$","R","M","R","BOSS"],"build_version":"2019-10-18","purchased_purges":2,"victory":true,"max_hp_per_floor":[75,75,75,75,80,80,80,80,80,80,80,80,80,80,80,80,80,80,40,40,45,45,45,45,45,45,45,45,52,52,52,52,52,52,52,52,52,52,52,52,52,52,52,52,52,52,52,52,52,52],"card_choices":[{"not_picked":["Steam","Chaos"],"picked":"Go for the Eyes","floor":1.0},{"not_picked":["Darkness","Ball Lightning"],"picked":"Hologram","floor":3.0},{"not_picked":["Melter","Darkness","Streamline"],"picked":"SKIP","floor":6.0},{"not_picked":["Rainbow","Stack"],"picked":"Go for the Eyes","floor":8.0},{"not_picked":["Compile Driver+1","Stack","Hello World"],"picked":"SKIP","floor":11.0},{"not_picked":["Blizzard+1","Melter+1"],"picked":"Gash+1","floor":12.0},{"not_picked":["Turbo","Stack"],"picked":"Leap","floor":14.0},{"not_picked":["Multi-Cast","Amplify"],"picked":"Echo Form","floor":16.0},{"not_picked":["Redo","Capacitor"],"picked":"Leap","floor":18.0},{"not_picked":["Blizzard+1","Barrage+1"],"picked":"Gash+1","floor":20.0},{"not_picked":["Double Energy","Auto Shields"],"picked":"Loop","floor":22.0},{"not_picked":["Compile Driver+1","Cold Snap+1"],"picked":"Darkness+1","floor":23.0},{"not_picked":["Steam Power","Compile Driver+1"],"picked":"FTL+1","floor":25.0},{"not_picked":["Go for the Eyes+1","Scrape+1"],"picked":"Beam Cell+1","floor":27.0},{"not_picked":["Echo Form","Core Surge+1"],"picked":"All For One+1","floor":33.0},{"not_picked":["Turbo","Coolheaded","Barrage+1"],"picked":"SKIP","floor":35.0},{"not_picked":["Go for the Eyes+1","Chaos+1"],"picked":"Leap+1","floor":39.0},{"not_picked":["Defragment+1","Conserve Battery"],"picked":"Gash+1","floor":41.0},{"not_picked":["Beam Cell+1","Heatsinks"],"picked":"Conserve Battery+1","floor":42.0},{"not_picked":["Leap","Turbo"],"picked":"Beam Cell+1","floor":44.0},{"not_picked":["Rip and Tear+1","Echo Form","Conserve Battery"],"picked":"SKIP","floor":45.0},{"not_picked":["FTL+1","Ball Lightning+1","Cold Snap+1"],"picked":"SKIP","floor":48.0}],"player_experience":173151,"relics_obtained":[{"floor":6.0,"key":"Tiny Chest"},{"floor":7.0,"key":"Potion Belt"},{"floor":8.0,"key":"Cables"},{"floor":9.0,"key":"Molten Egg 2"},{"floor":14.0,"key":"White Beast Statue"},{"floor":23.0,"key":"Bottled Tornado"},{"floor":26.0,"key":"Vajra"},{"floor":38.0,"key":"Darkstone Periapt"},{"floor":42.0,"key":"Blue Candle"},{"floor":43.0,"key":"Regal Pillow"}],"event_choices":[{"cards_removed":["Strike_B"],"damage_healed":0.0,"max_hp_gain":0.0,"max_hp_loss":0.0,"gold_gain":0.0,"event_name":"The Cleric","player_choice":"Card Removal","floor":2.0,"gold_loss":50.0,"damage_taken":0.0},{"damage_healed":0.0,"max_hp_gain":0.0,"max_hp_loss":0.0,"gold_gain":0.0,"event_name":"Living Wall","player_choice":"Grow","floor":4.0,"gold_loss":0.0,"damage_taken":0.0,"cards_upgraded":["Dualcast"]},{"damage_healed":0.0,"max_hp_gain":5.0,"max_hp_loss":0.0,"gold_gain":0.0,"event_name":"Big Fish","player_choice":"Donut","floor":5.0,"gold_loss":0.0,"damage_taken":0.0},{"damage_healed":0.0,"max_hp_gain":0.0,"max_hp_loss":40.0,"gold_gain":0.0,"event_name":"Ghosts","player_choice":"Became a Ghost","floor":19.0,"gold_loss":0.0,"damage_taken":0.0,"cards_obtained":["Ghostly","Ghostly","Ghostly","Ghostly","Ghostly"]},{"damage_healed":0.0,"max_hp_gain":5.0,"max_hp_loss":0.0,"gold_gain":0.0,"event_name":"Forgotten Altar","player_choice":"Shed Blood","floor":21.0,"gold_loss":0.0,"damage_taken":10.0},{"damage_healed":0.0,"max_hp_gain":0.0,"max_hp_loss":0.0,"gold_gain":0.0,"event_name":"Wheel of Change","player_choice":"Damaged","floor":36.0,"gold_loss":0.0,"damage_taken":5.0}],"is_beta":true,"boss_relics":[{"not_picked":["Sozu","Coffee Dripper"],"picked":"Ectoplasm"},{"not_picked":["Runic Pyramid","Velvet Choker"],"picked":"Inserter"}],"items_purged_floors":[13,29],"is_endless":false,"potions_floor_spawned":[6,14,16,18,20,22,23,25,27,33,35,39,41,42,44,45,48],"ascension_level":3}