{"gold_per_floor":[117,135,149,149,164,164,189,205,205,223,253,265,291,24,24,123,123,140,140,140,157,32,65,65,95,118,143,155,189,189,208,208,310,310,325,375,299,317,335,360,360,391,391,391,391,391,411,144,144,144],"floor_reached":51,"playtime":2515,"items_purged":["Strike_R","Strike_R","Strike_R","Bash"],"score":1055,"play_id":"f2156804-efe4-43de-abf0-351a9d62394d","local_time":"20190806213616","is_ascension_mode":true,"campfire_choices":[{"data":"Uppercut","floor":6.0,"key":"SMITH"},{"data":"Whirlwind","floor":15.0,"key":"SMITH"},{"data":"Ghostly Armor","floor":30.0,"key":"SMITH"},{"data":"Shrug It Off","floor":32.0,"key":"SMITH"},{"floor":41,"key":"REST"},{"floor":45,"key":"REST"},{"floor":49,"key":"REST"}],"neow_cost":"PERCENT_DAMAGE","seed_source_timestamp":0,"circlet_count":0,"master_deck":["Defend_R","Defend_R","Defend_R","Defend_R","Ghostly Armor+1","Uppercut+1","Headbutt","Iron Wave","Metallicize","Whirlwind+1","Carnage","Metallicize+1","Berserk+1","Shrug It Off+1","Inflame+1","Limit Break","Sever Soul","Shrug It Off+1","Flame Barrier+1","Dual Wield+1","Sentinel+1","Headbutt","Offering+1","Pummel","Ghostly Armor+1","Shrug It Off+1","Iron Wave+1","Double Tap+1","Good Instincts+1","Iron Wave+1","Whirlwind+1","Armaments+1"],"special_seed":0,"relics":["Burning Blood","Pocketwatch","Letter Opener","Frozen Egg 2","Strawberry","WingedGreaves","Chemical X","Black Star","Bag of Marbles","Toxic Egg 2","PreservedInsect","Orichalcum","Anchor","Smiling Mask","Potion Belt","Shuriken","Bronze Scales","Bag of Preparation","Sozu","Dead Branch","Red Skull","StoneCalendar","Ginger","Blood Vial","Dream Catcher","DollysMirror"],"potions_floor_usage":[],"damage_taken":[{"damage":1.0,"enemies":"Cultist","floor":1.0,"turns":3.0},{"damage":7.0,"enemies":"Jaw Worm","floor":2.0,"turns":3.0},{"damage":13.0,"enemies":"Small Slimes","floor":3.0,"turns":4.0},{"damage":9.0,"enemies":"Looter","floor":5.0,"turns":3.0},{"damage":24.0,"enemies":"Gremlin Nob","floor":7.0,"turns":5.0},{"damage":9.0,"enemies":"Exordium Thugs","floor":8.0,"turns":5.0},{"damage":11.0,"enemies":"3 Louse","floor":10.0,"turns":5.0},{"damage":6.0,"enemies":"3 Sentries","floor":11.0,"turns":9.0},{"damage":6.0,"enemies":"Looter","floor":12.0,"turns":3.0},{"damage":15.0,"enemies":"Lagavulin","floor":13.0,"turns":6.0},{"damage":0.0,"enemies":"Slime Boss","floor":16.0,"turns":7.0},{"damage":0.0,"enemies":"3 Byrds","floor":18.0,"turns":3.0},{"damage":3.0,"enemies":"Chosen","floor":21.0,"turns":3.0},{"damage":56.0,"enemies":"Gremlin Leader","floor":23.0,"turns":6.0},{"damage":0.0,"enemies":"Slavers","floor":25.0,"turns":1.0},{"damage":20.0,"enemies":"Gremlin Leader","floor":27.0,"turns":5.0},{"damage":0.0,"enemies":"Snecko","floor":28.0,"turns":4.0},{"damage":1.0,"enemies":"Slavers","floor":29.0,"turns":3.0},{"damage":4.0,"enemies":"Centurion and Healer","floor":31.0,"turns":3.0},{"damage":19.0,"enemies":"Automaton","floor":33.0,"turns":9.0},{"damage":0,"enemies":"3 Darklings","floor":35,"turns":1},{"damage":21,"enemies":"2 Orb Walkers","floor":36,"turns":3},{"damage":4,"enemies":"Orb Walker","floor":38,"turns":3},{"damage":30,"enemies":"Transient","floor":39,"turns":5},{"damage":34,"enemies":"Nemesis","floor":40,"turns":5},{"damage":7,"enemies":"Giant Head","floor":42,"turns":6},{"damage":38,"enemies":"Spire Growth","floor":47,"turns":4},{"damage":29,"enemies":"Awakened One","floor":50,"turns":9}],"seed_played":"7460112280119576924","potions_obtained":[{"floor":3.0,"key":"SpeedPotion"},{"floor":5.0,"key":"BloodPotion"},{"floor":8.0,"key":"FearPotion"},{"floor":10.0,"key":"SkillPotion"},{"floor":11.0,"key":"SkillPotion"},{"floor":12.0,"key":"Poison Potion"},{"floor":18.0,"key":"Fire Potion"},{"floor":21.0,"key":"Energy Potion"},{"floor":27.0,"key":"LiquidBronze"},{"floor":28.0,"key":"Regen Potion"},{"floor":29.0,"key":"SpeedPotion"}],"is_trial":false,"path_per_floor":["M","M","M","?","M","R","E","M","T","M","E","M","E","$","R","B",null,"M","?","?","M","$","E","?","E","T","E","M","E","R","M","R","B",null,"M","?","$","M","M","E","R","E","T","?","R","?","M","$","R","B",null],"character_chosen":"IRONCLAD","items_purchased":["Chemical X","Shrug It Off","Shrug It Off+1","DollysMirror","Armaments+1"],"campfire_rested":3,"item_purchase_floors":[14,22,37,48,48],"current_hp_per_floor":[61,60,53,53,50,50,32,29,29,24,51,51,42,42,42,48,87,87,87,87,87,87,37,37,43,43,29,35,40,40,42,42,44,87,87,72,72,74,50,22,48,47,47,47,73,73,43,43,69,48],"gold":144,"neow_bonus":"ONE_RARE_RELIC","is_prod":false,"is_daily":false,"chose_seed":false,"campfire_upgraded":4,"win_rate":0,"timestamp":1565120176,"path_taken":["M","?","M","?","M","R","E","M","T","M","E","?","E","$","R","BOSS","M","?","?","M","$","E","?","E","T","E","M","E","R","M","R","BOSS","M","?","$","M","M","E","R","E","T","?","R","?","M","$","R","BOSS"],"build_version":"2019-07-18","purchased_purges":4,"victory":true,"max_hp_per_floor":[80,80,80,80,80,80,80,80,80,80,87,87,87,87,87,87,87,87,87,87,87,87,87,87,87,87,87,87,87,87,87,87,87,87,87,87,87,87,87,87,87,87,87,87,87,87,87,87,87,87],"card_choices":[{"not_picked":["Sword Boomerang","Evolve"],"picked":"Ghostly Armor","floor":1.0},{"not_picked":["Wild Strike","Searing Blow"],"picked":"Uppercut","floor":2.0},{"not_picked":["Infernal Blade","Flex"],"picked":"Headbutt","floor":3.0},{"not_picked":["Rage","Armaments"],"picked":"Iron Wave","floor":5.0},{"not_picked":["Armaments","Seeing Red"],"picked":"Metallicize","floor":7.0},{"not_picked":["Twin Strike","Sever Soul","Sword Boomerang"],"picked":"SKIP","floor":8.0},{"not_picked":["Fiend Fire","Heavy Blade"],"picked":"Whirlwind","floor":10.0},{"not_picked":["Sword Boomerang","Perfected Strike","Bloodletting"],"picked":"SKIP","floor":11.0},{"not_picked":["Pommel Strike","Sword Boomerang"],"picked":"Carnage","floor":12.0},{"not_picked":["True Grit","Thunderclap"],"picked":"Metallicize+1","floor":13.0},{"not_picked":["Immolate","Reaper"],"picked":"Berserk+1","floor":16.0},{"not_picked":["Heavy Blade","Warcry"],"picked":"Shrug It Off+1","floor":18.0},{"not_picked":["Havoc","Headbutt","Burning Pact"],"picked":"SKIP","floor":21.0},{"not_picked":["True Grit","Twin Strike"],"picked":"Flame Barrier","floor":23.0},{"not_picked":["Sever Soul","Warcry+1"],"picked":"Dual Wield+1","floor":25.0},{"not_picked":["Clash","Sword Boomerang"],"picked":"Sentinel+1","floor":27.0},{"not_picked":["Body Slam","Wild Strike","Entrench+1"],"picked":"SKIP","floor":28.0},{"not_picked":["Havoc+1","Combust+1"],"picked":"Headbutt","floor":29.0},{"not_picked":["Brutality+1","Headbutt"],"picked":"Shrug It Off+1","floor":31.0},{"not_picked":["Exhume+1","Reaper"],"picked":"Offering+1","floor":33.0},{"not_picked":["Heavy Blade","Pommel Strike"],"picked":"Pummel","floor":35},{"not_picked":["Thunderclap+1","Cleave"],"picked":"Ghostly Armor+1","floor":36},{"not_picked":["Havoc+1","Corruption+1","Flex+1"],"picked":"SKIP","floor":38},{"not_picked":["Sword Boomerang","Body Slam","Twin Strike"],"picked":"SKIP","floor":39},{"not_picked":["Anger","Pommel Strike+1"],"picked":"Iron Wave+1","floor":40},{"not_picked":["Feed","Armaments+1"],"picked":"Double Tap+1","floor":42},{"not_picked":["Jack Of All Trades+1","PanicButton+1"],"picked":"Good Instincts+1","floor":44},{"not_picked":["Havoc+1","Infernal Blade+1"],"picked":"Iron Wave+1","floor":47}],"player_experience":133188,"relics_obtained":[{"floor":7.0,"key":"Letter Opener"},{"floor":9.0,"key":"Frozen Egg 2"},{"floor":11.0,"key":"Strawberry"},{"floor":13.0,"key":"WingedGreaves"},{"floor":23.0,"key":"Bag of Marbles"},{"floor":23.0,"key":"Toxic Egg 2"},{"floor":25.0,"key":"Orichalcum"},{"floor":25.0,"key":"Anchor"},{"floor":26.0,"key":"Smiling Mask"},{"floor":27.0,"key":"Potion Belt"},{"floor":27.0,"key":"Shuriken"},{"floor":29.0,"key":"Bronze Scales"},{"floor":29.0,"key":"Bag of Preparation"},{"floor":36,"key":"Dead Branch"},{"floor":40,"key":"Red Skull"},{"floor":40,"key":"StoneCalendar"},{"floor":42,"key":"Ginger"},{"floor":42,"key":"Blood Vial"},{"floor":43,"key":"Dream Catcher"}],"event_choices":[{"damage_healed":0.0,"max_hp_gain":0.0,"max_hp_loss":0.0,"gold_gain":0.0,"event_name":"The Woman in Blue","player_choice":"Bought 0 Potions","floor":4.0,"gold_loss":0.0,"damage_taken":0.0},{"damage_healed":0.0,"max_hp_gain":0.0,"max_hp_loss":0.0,"gold_gain":0.0,"event_name":"The Library","player_choice":"Read","floor":19.0,"gold_loss":0.0,"damage_taken":0.0,"cards_obtained":["Inflame"]},{"damage_healed":0.0,"max_hp_gain":0.0,"max_hp_loss":0.0,"gold_gain":0.0,"cards_transformed":["Strike_R","Strike_R"],"event_name":"Drug Dealer","player_choice":"Became Test Subject","floor":20.0,"gold_loss":0.0,"damage_taken":0.0,"cards_obtained":["Limit Break","Sever Soul"]},{"damage_healed":0.0,"max_hp_gain":0.0,"max_hp_loss":0.0,"gold_gain":0.0,"event_name":"WeMeetAgain","player_choice":"Gave Potion","floor":24.0,"gold_loss":0.0,"damage_taken":0.0,"relics_obtained":["PreservedInsect"]},{"damage_healed":0,"gold_gain":0,"player_choice":"Fight","damage_taken":0,"max_hp_gain":0,"max_hp_loss":0,"event_name":"Mysterious Sphere","floor":36,"gold_loss":0},{"damage_healed":0,"gold_gain":0,"player_choice":"Memory 1","damage_taken":0,"max_hp_gain":0,"max_hp_loss":0,"event_name":"SensoryStone","floor":44,"gold_loss":0},{"cards_removed":["Shrug It Off"],"damage_healed":0,"gold_gain":0,"player_choice":"Removed Skill","damage_taken":0,"max_hp_gain":0,"max_hp_loss":0,"event_name":"Falling","floor":46,"gold_loss":0}],"is_beta":true,"boss_relics":[{"not_picked":["Busted Crown","Tiny House"],"picked":"Black Star"},{"not_picked":["Coffee Dripper","Empty Cage"],"picked":"Sozu"}],"items_purged_floors":[14,22,37,48],"is_endless":false,"potions_floor_spawned":[3,5,8,10,11,12,18,21,27,28,29,35,38],"ascension_level":3}