{"gold_per_floor":[112,112,112,112,132,132,165,189,260,295,295,295,330,350,350,474,474,495,510,531,630,630,666,666,706,706,730,730,730,197,218,218,218],"floor_reached":33,"playtime":1651,"items_purged":["Strike_R"],"score":344,"play_id":"de393c03-3eb3-4c75-b649-b3fe57195d5a","local_time":"20191019214709","is_ascension_mode":true,"campfire_choices":[{"data":"Iron Wave","floor":6,"key":"SMITH"},{"data":"Carnage","floor":12,"key":"SMITH"},{"data":"Armaments","floor":15,"key":"SMITH"},{"data":"Pommel Strike","floor":24,"key":"SMITH"},{"data":"Pommel Strike","floor":29,"key":"SMITH"},{"data":"Battle Trance","floor":32,"key":"SMITH"}],"neow_cost":"NONE","seed_source_timestamp":2071008892055136,"circlet_count":0,"master_deck":["Strike_R","Strike_R","Defend_R","Defend_R","Defend_R","Defend_R","Bash","Body Slam+1","Iron Wave+1","Pommel Strike+1","Carnage+1","Whirlwind+1","Clothesline","Armaments+1","Berserk+1","Burning Pact+1","Body Slam","Spot Weakness","Pommel Strike+1","Sword Boomerang","Demon Form+1","Seeing Red","Panacea","Armaments","Battle Trance+1","Clothesline"],"relics":["Burning Blood","Golden Idol","Pen Nib","Darkstone Periapt","Frozen Egg 2","Ancient Tea Set","Coffee Dripper","Shuriken","Pear","Vajra","Bottled Lightning","Membership Card","Happy Flower","Mercury Hourglass"],"potions_floor_usage":[10,10,20,30,33],"damage_taken":[{"damage":17,"enemies":"Small Slimes","floor":1,"turns":7},{"damage":0,"enemies":"Cultist","floor":5,"turns":4},{"damage":19,"enemies":"3 Sentries","floor":7,"turns":9},{"damage":0,"enemies":"2 Louse","floor":8,"turns":3},{"damage":19,"enemies":"Lagavulin","floor":10,"turns":5},{"damage":0,"enemies":"Gremlin Nob","floor":13,"turns":3},{"damage":5,"enemies":"Exordium Thugs","floor":14,"turns":4},{"damage":46,"enemies":"Hexaghost","floor":16,"turns":10},{"damage":0,"enemies":"Spheric Guardian","floor":18,"turns":3},{"damage":0,"enemies":"Chosen","floor":19,"turns":4},{"damage":27,"enemies":"Snake Plant","floor":20,"turns":5},{"damage":26,"enemies":"Gremlin Leader","floor":23,"turns":5},{"damage":18,"enemies":"Slavers","floor":25,"turns":4},{"damage":0,"enemies":"Cultist and Chosen","floor":27,"turns":3},{"damage":21,"enemies":"Shelled Parasite and Fungi","floor":31,"turns":3},{"damage":32,"enemies":"Automaton","floor":33,"turns":6}],"seed_played":"1165694827840540739","potions_obtained":[{"floor":1,"key":"Strength Potion"},{"floor":7,"key":"Explosive Potion"},{"floor":10,"key":"SteroidPotion"},{"floor":18,"key":"Ancient Potion"},{"floor":20,"key":"GamblersBrew"},{"floor":31,"key":"FearPotion"}],"is_trial":false,"path_per_floor":["M","?","?","?","M","R","E","M","T","E","?","R","E","M","R","B",null,"M","M","M","?","T","E","R","E","T","M","?","R","$","M","R","B"],"character_chosen":"IRONCLAD","items_purchased":["Membership Card","Happy Flower","Mercury Hourglass","Fruit Juice","Armaments","Battle Trance"],"campfire_rested":0,"item_purchase_floors":[30,30,30,30,30,30],"current_hp_per_floor":[69,69,69,69,74,74,61,67,67,54,54,54,60,61,61,21,74,74,74,53,53,53,43,43,31,31,37,37,37,42,27,27,0],"gold":218,"neow_bonus":"REMOVE_CARD","is_prod":false,"is_daily":false,"chose_seed":false,"campfire_upgraded":6,"win_rate":0,"timestamp":1571536029,"path_taken":["M","?","?","?","?","R","E","?","T","E","?","R","E","M","R","BOSS","M","M","M","?","?","E","R","E","T","M","?","R","$","M","R","BOSS"],"build_version":"2019-07-17","purchased_purges":1,"victory":false,"max_hp_per_floor":[80,80,74,74,74,74,74,74,74,74,74,74,74,74,74,74,74,74,74,74,74,74,84,84,84,84,84,84,84,89,89,89,89],"card_choices":[{"not_picked":["Reckless Charge","Infernal Blade"],"picked":"Body Slam","floor":1},{"not_picked":["Second Wind","Body Slam"],"picked":"Iron Wave","floor":5},{"not_picked":["Sword Boomerang","Blood for Blood"],"picked":"Pommel Strike","floor":7},{"not_picked":["Warcry","Thunderclap"],"picked":"Carnage","floor":8},{"not_picked":["Flex","Iron Wave"],"picked":"Whirlwind","floor":10},{"not_picked":["Pummel","Juggernaut+1"],"picked":"Clothesline","floor":13},{"not_picked":["Whirlwind","Heavy Blade"],"picked":"Armaments","floor":14},{"not_picked":["Demon Form+1","Brutality+1"],"picked":"Berserk+1","floor":16},{"not_picked":["Warcry+1","Twin Strike"],"picked":"Burning Pact+1","floor":18},{"not_picked":["True Grit","Clash+1"],"picked":"Body Slam","floor":19},{"not_picked":["Feel No Pain+1","Perfected Strike"],"picked":"Spot Weakness","floor":20},{"not_picked":["Headbutt","Rage"],"picked":"Pommel Strike","floor":23},{"not_picked":["Shockwave","Cleave"],"picked":"Sword Boomerang","floor":25},{"not_picked":["Combust+1","Seeing Red"],"picked":"Demon Form+1","floor":27},{"not_picked":["Carnage","Shockwave"],"picked":"Clothesline","floor":31}],"player_experience":21525,"relics_obtained":[{"floor":7,"key":"Pen Nib"},{"floor":9,"key":"Darkstone Periapt"},{"floor":10,"key":"Frozen Egg 2"},{"floor":13,"key":"Ancient Tea Set"},{"floor":22,"key":"Shuriken"},{"floor":23,"key":"Pear"},{"floor":25,"key":"Vajra"},{"floor":26,"key":"Bottled Lightning"}],"event_choices":[{"damage_healed":0,"gold_gain":0,"player_choice":"Grow","damage_taken":0,"max_hp_gain":0,"max_hp_loss":0,"event_name":"Living Wall","floor":2,"gold_loss":0,"cards_upgraded":["Body Slam"]},{"damage_healed":0,"gold_gain":0,"player_choice":"Lose Max HP","damage_taken":0,"relics_obtained":["Golden Idol"],"max_hp_gain":0,"max_hp_loss":6,"event_name":"Golden Idol","floor":3,"gold_loss":0},{"cards_removed":["Strike_R"],"damage_healed":0,"gold_gain":0,"player_choice":"Purged","damage_taken":0,"max_hp_gain":0,"max_hp_loss":0,"event_name":"Purifier","floor":4,"gold_loss":0},{"damage_healed":0,"gold_gain":0,"player_choice":"Upgraded","damage_taken":0,"max_hp_gain":0,"max_hp_loss":0,"event_name":"Upgrade Shrine","floor":11,"gold_loss":0,"cards_upgraded":["Whirlwind"]},{"damage_healed":0,"gold_gain":99,"player_choice":"Stole From Cult","damage_taken":0,"max_hp_gain":0,"max_hp_loss":0,"event_name":"Nest","floor":21,"gold_loss":0},{"damage_healed":0,"gold_gain":0,"player_choice":"2 cards matched","damage_taken":0,"max_hp_gain":0,"max_hp_loss":0,"event_name":"Match and Keep!","floor":28,"gold_loss":0,"cards_obtained":["Seeing Red","Panacea"]}],"is_beta":false,"boss_relics":[{"not_picked":["Runic Dome","Orrery"],"picked":"Coffee Dripper"}],"items_purged_floors":[30],"is_endless":false,"potions_floor_spawned":[1,7,10,18,20,31],"killed_by":"Automaton","ascension_level":1}