{"gold_per_floor":[366,383,383,401,128,128,138,170,221,53,53,78,78],"floor_reached":13,"playtime":367,"items_purged":[],"score":102,"play_id":"50adef4b-ccee-4a45-b8b7-1fad04df66d6","local_time":"20190620202348","is_ascension_mode":true,"campfire_choices":[{"data":"Rainbow","floor":6,"key":"SMITH"},{"floor":11,"key":"REST"}],"neow_cost":"PERCENT_DAMAGE","seed_source_timestamp":2686638096474800,"circlet_count":0,"master_deck":["Strike_B","Strike_B","Strike_B","Defend_B","Defend_B","Defend_B","Defend_B","Zap","Dualcast","Capacitor","Loop","Rainbow+1","Storm","Rebound","Rebound","The Bomb","Storm"],"relics":["Cracked Core","Bottled Tornado","Ornamental Fan","Oddly Smooth Stone","Bag of Preparation"],"potions_floor_usage":[8,8],"damage_taken":[{"damage":0,"enemies":"Jaw Worm","floor":1,"turns":3},{"damage":0,"enemies":"Cultist","floor":2,"turns":3},{"damage":14,"enemies":"2 Louse","floor":4,"turns":3},{"damage":19,"enemies":"Lots of Slimes","floor":7,"turns":4},{"damage":35,"enemies":"Lagavulin","floor":8,"turns":7},{"damage":21,"enemies":"3 Sentries","floor":12,"turns":4},{"damage":3,"enemies":"Gremlin Gang","floor":13,"turns":1}],"seed_played":"-5457022493677886980","potions_obtained":[{"floor":4,"key":"Block Potion"},{"floor":7,"key":"Regen Potion"}],"is_trial":false,"path_per_floor":["M","M","?","M","$","R","M","E","T","$","R","E","M"],"character_chosen":"DEFECT","items_purchased":["Storm","Bottled Tornado","The Bomb"],"campfire_rested":1,"item_purchase_floors":[5,5,10],"current_hp_per_floor":[54,54,54,40,40,40,21,1,1,1,23,2,0],"gold":78,"neow_bonus":"TWO_FIFTY_GOLD","is_prod":false,"is_daily":false,"chose_seed":false,"campfire_upgraded":1,"win_rate":0,"timestamp":1561055028,"path_taken":["M","M","?","M","$","R","M","E","T","$","R","E","?"],"build_version":"2019-06-19","purchased_purges":0,"victory":false,"max_hp_per_floor":[75,75,75,75,75,75,75,75,75,75,75,75,75],"card_choices":[{"not_picked":["Gash","Steam Power"],"picked":"Capacitor","floor":1},{"not_picked":["Turbo","Compile Driver"],"picked":"Loop","floor":2},{"not_picked":["Cold Snap","Steam"],"picked":"Rainbow","floor":4},{"not_picked":["Scrape","Go for the Eyes"],"picked":"Rebound","floor":7},{"not_picked":["Stack","Steam"],"picked":"Rebound","floor":8},{"not_picked":["Streamline","Steam Power"],"picked":"Storm","floor":12}],"player_experience":107332,"relics_obtained":[{"floor":8,"key":"Ornamental Fan"},{"floor":9,"key":"Oddly Smooth Stone"},{"floor":12,"key":"Bag of Preparation"}],"event_choices":[{"cards_removed":["Strike_B"],"damage_healed":0,"gold_gain":0,"player_choice":"Offered Basic","damage_taken":0,"max_hp_gain":0,"max_hp_loss":0,"event_name":"Bonfire Elementals","floor":3,"gold_loss":0}],"is_beta":true,"boss_relics":[],"items_purged_floors":[],"is_endless":false,"potions_floor_spawned":[4,7],"killed_by":"Gremlin Gang","ascension_level":2}