{"gold_per_floor":[209,224,76,176,187,214,214,245,271,271,271,287,305,334,334,431,431,431,431,431,359,359,359,284,89,89,89,89,89,89,89,89,89,89,89,89,89,2,2,2,2,2,2,2,2,2,2,2,2,2],"floor_reached":51,"playtime":2250,"items_purged":["Strike_B","Strike_B"],"score":707,"play_id":"ce8ea6aa-e03e-429a-b2b6-e58d864905c4","local_time":"20191020154258","is_ascension_mode":false,"campfire_choices":[{"data":"Streamline","floor":10,"key":"SMITH"},{"floor":15,"key":"REST"},{"floor":23,"key":"REST"},{"floor":29,"key":"REST"},{"floor":32,"key":"REST"},{"data":"Capacitor","floor":40,"key":"SMITH"},{"floor":49,"key":"REST"}],"neow_cost":"NONE","seed_source_timestamp":2134837923373743,"circlet_count":0,"master_deck":["Strike_B","Defend_B+1","Defend_B","Defend_B","Defend_B+1","Zap","Dualcast","Streamline","Conserve Battery","Hello World","Static Discharge","Streamline+1","Coolheaded","Rebound","Sweeping Beam","Chill","Echo Form","Self Repair","Storm","Capacitor+1","Ball Lightning","BootSequence+1","Consume+1","Capacitor+1","Machine Learning","Doom and Gloom","Compile Driver+1","Auto Shields","Conserve Battery","Hologram","BootSequence+1","Conserve Battery","Rebound+1"],"special_seed":0,"relics":["Cracked Core","Boot","Centennial Puzzle","Smiling Mask","Bottled Tornado","Kunai","Ectoplasm","Red Mask","ClockworkSouvenir","War Paint","Mercury Hourglass","Regal Pillow","Busted Crown","Gremlin Horn","Nunchaku"],"potions_floor_usage":[22,27,27,42,42,42,50,50],"damage_taken":[{"damage":2,"enemies":"Cultist","floor":1,"turns":5},{"damage":1,"enemies":"2 Louse","floor":2,"turns":2},{"damage":7,"enemies":"Jaw Worm","floor":5,"turns":3},{"damage":10,"enemies":"3 Sentries","floor":6,"turns":7},{"damage":23,"enemies":"Gremlin Nob","floor":8,"turns":4},{"damage":2,"enemies":"Blue Slaver","floor":12,"turns":3},{"damage":4,"enemies":"Looter","floor":13,"turns":3},{"damage":19,"enemies":"Lagavulin","floor":14,"turns":5},{"damage":5,"enemies":"Hexaghost","floor":16,"turns":9},{"damage":10,"enemies":"Spheric Guardian","floor":18,"turns":5},{"damage":6,"enemies":"3 Byrds","floor":20,"turns":3},{"damage":48,"enemies":"Masked Bandits","floor":22,"turns":5},{"damage":19,"enemies":"Book of Stabbing","floor":27,"turns":5},{"damage":38,"enemies":"Slavers","floor":30,"turns":5},{"damage":7,"enemies":"Shelled Parasite and Fungi","floor":31,"turns":4},{"damage":17,"enemies":"Champ","floor":33,"turns":8},{"damage":1,"enemies":"3 Darklings","floor":35,"turns":5},{"damage":0,"enemies":"3 Shapes","floor":37,"turns":4},{"damage":24,"enemies":"Transient","floor":41,"turns":5},{"damage":8,"enemies":"Spire Growth","floor":42,"turns":4},{"damage":0,"enemies":"Mind Bloom Boss Battle","floor":44,"turns":6},{"damage":20,"enemies":"3 Darklings","floor":45,"turns":4},{"damage":4,"enemies":"Transient","floor":46,"turns":5},{"damage":17,"enemies":"Maw","floor":47,"turns":7},{"damage":6,"enemies":"Spire Growth","floor":48,"turns":6},{"damage":40,"enemies":"Time Eater","floor":50,"turns":9}],"seed_played":"-6922755187138256806","potions_obtained":[{"floor":2,"key":"Dexterity Potion"},{"floor":6,"key":"Block Potion"},{"floor":8,"key":"Energy Potion"},{"floor":30,"key":"Swift Potion"},{"floor":33,"key":"Energy Potion"},{"floor":35,"key":"Fire Potion"},{"floor":42,"key":"FocusPotion"},{"floor":45,"key":"AttackPotion"},{"floor":46,"key":"Regen Potion"},{"floor":47,"key":"SteroidPotion"}],"is_trial":false,"path_per_floor":["M","M","$","?","M","E","?","E","T","R","T","M","M","E","R","B",null,"M","?","M","$","?","R","?","$","T","E","?","R","E","M","R","B",null,"M","?","M","$","?","R","M","M","T","?","M","M","M","M","R","B",null],"character_chosen":"DEFECT","items_purchased":["Hello World","Capacitor","ClockworkSouvenir","Doom and Gloom"],"campfire_rested":5,"item_purchase_floors":[3,21,25,38],"current_hp_per_floor":[73,72,72,72,65,55,55,32,32,32,32,30,26,7,29,24,75,65,65,59,59,18,40,40,40,40,28,28,50,26,26,63,53,75,75,75,75,75,75,75,58,57,57,64,51,54,44,52,75,45],"gold":2,"neow_bonus":"HUNDRED_GOLD","is_prod":false,"is_daily":false,"chose_seed":false,"campfire_upgraded":2,"win_rate":0.0,"timestamp":1571600578,"path_taken":["M","M","$","?","?","E","?","E","T","R","?","M","M","E","R","BOSS","M","?","M","$","?","R","?","$","T","E","?","R","E","M","R","BOSS","M","?","M","$","?","R","M","M","T","?","M","M","M","M","R","BOSS"],"build_version":"2019-07-17","purchased_purges":2,"victory":true,"max_hp_per_floor":[75,75,75,75,75,75,75,75,75,75,75,75,75,75,75,75,75,75,75,75,75,75,75,75,75,75,75,75,75,75,75,75,75,75,75,75,75,75,75,75,75,75,75,75,75,75,75,75,75,75],"card_choices":[{"not_picked":["Gash","Blizzard"],"picked":"Streamline","floor":1},{"not_picked":["Gash","Steam"],"picked":"Conserve Battery","floor":2},{"not_picked":["Scrape","FTL"],"picked":"Static Discharge","floor":5},{"not_picked":["Steam","Conserve Battery"],"picked":"Streamline","floor":6},{"not_picked":["Conserve Battery","Streamline"],"picked":"Coolheaded","floor":8},{"not_picked":["Consume","Loop"],"picked":"Rebound","floor":12},{"not_picked":["Aggregate","Streamline"],"picked":"Sweeping Beam","floor":13},{"not_picked":["Cold Snap","Gash"],"picked":"Chill","floor":14},{"not_picked":["Thunder Strike","Rainbow"],"picked":"Echo Form","floor":16},{"not_picked":["Rebound","Static Discharge"],"picked":"Self Repair","floor":18},{"not_picked":["Steam","Beam Cell"],"picked":"Ball Lightning","floor":20},{"not_picked":["White Noise","Steam"],"picked":"Ball Lightning","floor":22},{"not_picked":["Storm","Sweeping Beam"],"picked":"BootSequence+1","floor":27},{"not_picked":["Hologram+1","Undo"],"picked":"Consume+1","floor":30},{"not_picked":["Genetic Algorithm+1","Skim"],"picked":"Capacitor+1","floor":31},{"not_picked":["Fission","Echo Form"],"picked":"Machine Learning","floor":33},{"not_picked":["Turbo"],"picked":"SKIP","floor":35},{"not_picked":["Coolheaded"],"picked":"SKIP","floor":37},{"not_picked":[],"picked":"Compile Driver+1","floor":41},{"not_picked":[],"picked":"Auto Shields","floor":42},{"not_picked":[],"picked":"Conserve Battery","floor":44},{"not_picked":[],"picked":"Hologram","floor":45},{"not_picked":[],"picked":"BootSequence+1","floor":46},{"not_picked":[],"picked":"Conserve Battery","floor":47},{"not_picked":[],"picked":"Rebound+1","floor":48}],"player_experience":36900,"relics_obtained":[{"floor":6,"key":"Boot"},{"floor":8,"key":"Centennial Puzzle"},{"floor":9,"key":"Smiling Mask"},{"floor":11,"key":"Bottled Tornado"},{"floor":14,"key":"Kunai"},{"floor":22,"key":"Red Mask"},{"floor":26,"key":"War Paint"},{"floor":27,"key":"Mercury Hourglass"},{"floor":30,"key":"Regal Pillow"},{"floor":43,"key":"Gremlin Horn"},{"floor":44,"key":"Nunchaku"}],"event_choices":[{"damage_healed":0,"gold_gain":100,"player_choice":"Pray","damage_taken":0,"max_hp_gain":0,"max_hp_loss":0,"event_name":"Golden Shrine","floor":4,"gold_loss":0},{"damage_healed":0,"gold_gain":0,"player_choice":"Ignored","damage_taken":0,"max_hp_gain":0,"max_hp_loss":0,"event_name":"Liars Game","floor":7,"gold_loss":0},{"damage_healed":0,"gold_gain":0,"player_choice":"Read","damage_taken":0,"max_hp_gain":0,"max_hp_loss":0,"event_name":"The Library","floor":19,"gold_loss":0,"cards_obtained":["Storm"]},{"damage_healed":0,"gold_gain":0,"player_choice":"Fought Bandits","damage_taken":0,"max_hp_gain":0,"max_hp_loss":0,"event_name":"Masked Bandits","floor":22,"gold_loss":0},{"cards_removed":["Strike_B"],"damage_healed":0,"gold_gain":0,"player_choice":"Gave Gold","damage_taken":0,"max_hp_gain":0,"max_hp_loss":0,"event_name":"Beggar","floor":24,"gold_loss":75},{"damage_healed":0,"gold_gain":0,"player_choice":"Ignored","damage_taken":0,"max_hp_gain":0,"max_hp_loss":0,"event_name":"The Mausoleum","floor":28,"gold_loss":0},{"cards_removed":["Ball Lightning"],"damage_healed":0,"gold_gain":0,"player_choice":"Removed Attack","damage_taken":0,"max_hp_gain":0,"max_hp_loss":0,"event_name":"Falling","floor":36,"gold_loss":0},{"damage_healed":0,"gold_gain":222,"player_choice":"Wore Mask","damage_taken":0,"max_hp_gain":0,"max_hp_loss":0,"event_name":"Tomb of Lord Red Mask","floor":39,"gold_loss":0},{"damage_healed":0,"gold_gain":0,"player_choice":"Fight","damage_taken":0,"max_hp_gain":0,"max_hp_loss":0,"event_name":"MindBloom","floor":44,"gold_loss":0}],"is_beta":false,"boss_relics":[{"not_picked":["Black Star","Orrery"],"picked":"Ectoplasm"},{"not_picked":["Lizard Tail","Astrolabe"],"picked":"Busted Crown"}],"items_purged_floors":[3,38],"is_endless":false,"potions_floor_spawned":[2,6,8,14,20,30,33,35,42,45,46,47,48],"ascension_level":0}