{"gold_per_floor":[110,120,139,89,89,115,126,157,181,29,39,39,39],"floor_reached":13,"playtime":609,"items_purged":["Regret"],"score":109,"play_id":"c4af85c0-bbaf-4920-95d1-cec126c5801d","local_time":"20190731200913","is_ascension_mode":true,"campfire_choices":[{"floor":12,"key":"REST"}],"neow_cost":"NONE","seed_source_timestamp":1488130276265700,"circlet_count":0,"master_deck":["Strike_R","Strike_R","Strike_R","Defend_R","Defend_R","Defend_R","Defend_R","Bash","Bloodletting","Iron Wave","Shrug It Off","Headbutt","Corruption","Fire Breathing","Combust","Shockwave"],"relics":["Burning Blood","Blood Vial","Juzu Bracelet","Omamori","Anchor"],"potions_floor_usage":[1,6],"damage_taken":[{"damage":8,"enemies":"Jaw Worm","floor":1,"turns":4},{"damage":14,"enemies":"Small Slimes","floor":2,"turns":4},{"damage":6,"enemies":"2 Louse","floor":3,"turns":3},{"damage":27,"enemies":"Gremlin Nob","floor":6,"turns":5},{"damage":2,"enemies":"Large Slime","floor":7,"turns":6},{"damage":56,"enemies":"3 Sentries","floor":8,"turns":14},{"damage":7,"enemies":"Looter","floor":11,"turns":4},{"damage":43,"enemies":"Lagavulin","floor":13,"turns":7}],"seed_played":"3818516019256719914","potions_obtained":[{"floor":1,"key":"Fruit Juice"},{"floor":2,"key":"Fire Potion"},{"floor":11,"key":"Fire Potion"}],"is_trial":false,"path_per_floor":["M","M","M","?","?","E","M","E","T","$","M","R","E"],"character_chosen":"IRONCLAD","items_purchased":["Combust"],"campfire_rested":1,"item_purchase_floors":[10],"current_hp_per_floor":[83,75,75,75,75,56,62,14,14,14,15,40,0],"gold":39,"neow_bonus":"TRANSFORM_CARD","is_prod":false,"is_daily":false,"chose_seed":false,"campfire_upgraded":0,"win_rate":0,"timestamp":1564596553,"path_taken":["M","M","M","?","?","E","M","E","T","$","M","R","E"],"build_version":"2019-07-18","purchased_purges":1,"victory":false,"max_hp_per_floor":[85,85,85,85,85,85,85,85,85,85,85,85,85],"card_choices":[{"not_picked":["Burning Pact","True Grit"],"picked":"Iron Wave","floor":1},{"not_picked":["Rage","Warcry"],"picked":"Shrug It Off","floor":2},{"not_picked":["Wild Strike","Flex","Heavy Blade"],"picked":"SKIP","floor":3},{"not_picked":["Rage","Pummel"],"picked":"Headbutt","floor":6},{"not_picked":["Shrug It Off","Feel No Pain"],"picked":"Corruption","floor":7},{"not_picked":["Twin Strike","Rage"],"picked":"Fire Breathing","floor":8},{"not_picked":["Havoc","Rage"],"picked":"Shockwave","floor":11}],"player_experience":128734,"relics_obtained":[{"floor":6,"key":"Juzu Bracelet"},{"floor":8,"key":"Omamori"},{"floor":9,"key":"Anchor"}],"event_choices":[{"cards_removed":["Strike_R"],"damage_healed":0,"gold_gain":0,"player_choice":"Card Removal","damage_taken":0,"max_hp_gain":0,"max_hp_loss":0,"event_name":"The Cleric","floor":4,"gold_loss":50},{"damage_healed":0,"gold_gain":0,"player_choice":"Box","damage_taken":0,"relics_obtained":["Blood Vial"],"max_hp_gain":0,"max_hp_loss":0,"event_name":"Big Fish","floor":5,"gold_loss":0,"cards_obtained":["Regret"]}],"is_beta":true,"boss_relics":[],"items_purged_floors":[10],"is_endless":false,"potions_floor_spawned":[1,2,11],"killed_by":"Lagavulin","ascension_level":3}