{"gold_per_floor":[119,69,69,80,0,34,51,64,89,107,107,142,142,169,169,265,265,276,290,302,252,41,76,90,119,119,153,153,32,66,86,86,191,191,208,220,0,16,36,36],"floor_reached":40,"playtime":3010,"items_purged":["Defend_B","Defend_B"],"score":615,"play_id":"c796d854-5109-4daf-8c3a-aac2a5fb1f66","local_time":"20190502203948","is_ascension_mode":true,"campfire_choices":[{"data":"Defragment","floor":11,"key":"SMITH"},{"data":"Blizzard","floor":13,"key":"SMITH"},{"data":"Redo","floor":15,"key":"SMITH"},{"floor":28,"key":"REST"},{"floor":32,"key":"REST"}],"neow_cost":"NONE","seed_source_timestamp":1284370551923100,"circlet_count":0,"master_deck":["Defend_B","Defend_B","Zap","Coolheaded","Auto Shields","Self Repair","Defragment+1","Conserve Battery","Blizzard+1","BootSequence","Cold Snap","Redo+1","Reboot","Storm+1","Glacier+1","FTL+1","Coolheaded","Coolheaded","Chaos","Leap","Bandage Up","Hologram","White Noise","Glacier","Redo+1","Cold Snap","Leap","Capacitor","Glacier","Redo","Echo Form","Hologram+1","Sweeping Beam+1","Storm","Heatsinks+1","Compile Driver+1"],"relics":["Cracked Core","NeowsBlessing","Bag of Marbles","Vajra","Orichalcum","Dodecahedron","Boot","Astrolabe","The Courier","Shuriken","Dream Catcher","Question Card","Peace Pipe","Philosopher\u0027s Stone","Toolbox"],"potions_floor_usage":[14,19,23,23,30,33,36],"damage_taken":[{"damage":0,"enemies":"2 Louse","floor":1,"turns":1},{"damage":0,"enemies":"Small Slimes","floor":4,"turns":1},{"damage":0,"enemies":"Lagavulin","floor":6,"turns":1},{"damage":0,"enemies":"Cultist","floor":7,"turns":4},{"damage":9,"enemies":"3 Louse","floor":8,"turns":4},{"damage":22,"enemies":"Lots of Slimes","floor":10,"turns":5},{"damage":15,"enemies":"3 Sentries","floor":12,"turns":8},{"damage":2,"enemies":"Lagavulin","floor":14,"turns":7},{"damage":35,"enemies":"Slime Boss","floor":16,"turns":12},{"damage":0,"enemies":"2 Thieves","floor":18,"turns":4},{"damage":0,"enemies":"3 Byrds","floor":19,"turns":4},{"damage":0,"enemies":"Shelled Parasite and Fungi","floor":20,"turns":7},{"damage":15,"enemies":"Book of Stabbing","floor":23,"turns":10},{"damage":6,"enemies":"Cultist and Chosen","floor":24,"turns":7},{"damage":59,"enemies":"Slavers","floor":25,"turns":8},{"damage":10,"enemies":"Gremlin Leader","floor":27,"turns":8},{"damage":19,"enemies":"Book of Stabbing","floor":30,"turns":10},{"damage":23,"enemies":"Snake Plant","floor":31,"turns":4},{"damage":23,"enemies":"Collector","floor":33,"turns":16},{"damage":2,"enemies":"Orb Walker","floor":35,"turns":3},{"damage":0,"enemies":"3 Shapes","floor":36,"turns":3},{"damage":23,"enemies":"Transient","floor":38,"turns":5},{"damage":26,"enemies":"4 Shapes","floor":39,"turns":6},{"damage":56,"enemies":"Giant Head","floor":40,"turns":8}],"seed_played":"-3890889558554255065","potions_obtained":[{"floor":6,"key":"FearPotion"},{"floor":7,"key":"PowerPotion"},{"floor":12,"key":"GamblersBrew"},{"floor":14,"key":"Weak Potion"},{"floor":16,"key":"EssenceOfSteel"},{"floor":19,"key":"Regen Potion"},{"floor":24,"key":"Strength Potion"},{"floor":25,"key":"Ancient Potion"},{"floor":33,"key":"Block Potion"},{"floor":38,"key":"LiquidBronze"}],"is_trial":false,"path_per_floor":["M","?","?","M","?","E","M","M","T","M","R","E","R","E","R","B",null,"M","M","M","?","$","E","M","E","T","E","R","$","E","M","R","B",null,"M","M","$","M","M","E"],"character_chosen":"DEFECT","items_purchased":["Leap","Bandage Up","Leap","Toolbox","Storm"],"campfire_rested":2,"item_purchase_floors":[22,22,29,37,37],"current_hp_per_floor":[75,75,75,75,75,75,75,73,73,58,58,50,50,55,55,27,75,75,75,75,75,75,75,75,27,27,28,50,50,42,23,45,26,75,75,75,75,63,48,0],"gold":36,"neow_bonus":"THREE_ENEMY_KILL","is_prod":false,"is_daily":false,"chose_seed":false,"campfire_upgraded":3,"win_rate":0,"timestamp":1556822388,"path_taken":["M","?","?","M","?","E","?","M","T","M","R","E","R","E","R","BOSS","M","M","M","?","$","E","M","E","T","E","R","$","E","M","R","BOSS","M","?","$","M","M","E"],"build_version":"2019-01-23","purchased_purges":2,"victory":false,"max_hp_per_floor":[75,75,75,75,75,75,75,75,75,75,75,75,75,75,75,75,75,75,75,75,75,75,75,75,75,75,75,75,75,75,75,75,75,75,75,75,75,75,75,75],"card_choices":[{"not_picked":["Barrage","Sweeping Beam"],"picked":"Coolheaded","floor":1},{"not_picked":["Conserve Battery","Steam"],"picked":"Self Repair","floor":4},{"not_picked":["Hologram","Beam Cell"],"picked":"Defragment","floor":6},{"not_picked":["Rip and Tear","Rebound"],"picked":"Conserve Battery","floor":7},{"not_picked":["Beam Cell","Barrage"],"picked":"Blizzard","floor":8},{"not_picked":["Skim","Undo"],"picked":"BootSequence","floor":10},{"not_picked":["Gash","Meteor Strike"],"picked":"Cold Snap","floor":12},{"not_picked":["Streamline","Rainbow"],"picked":"Redo","floor":14},{"not_picked":["Meteor Strike","Electrodynamics"],"picked":"Reboot","floor":16},{"not_picked":["Sweeping Beam","Skim"],"picked":"Coolheaded","floor":18},{"not_picked":["Turbo","Consume"],"picked":"Coolheaded","floor":19},{"not_picked":["Rebound","Barrage"],"picked":"Chaos","floor":20},{"not_picked":["Scrape+1","Turbo"],"picked":"Hologram","floor":23},{"not_picked":["Barrage+1","Genetic Algorithm"],"picked":"White Noise","floor":24},{"not_picked":["Conserve Battery","Hyperbeam"],"picked":"Glacier","floor":25},{"not_picked":["Turbo","Rebound"],"picked":"Redo+1","floor":27},{"not_picked":["Force Field","Tempest","Auto Shields"],"picked":"Cold Snap","floor":28},{"not_picked":["Barrage","Redo","Rebound"],"picked":"Capacitor","floor":30},{"not_picked":["Barrage","Genetic Algorithm","Ball Lightning"],"picked":"Glacier","floor":31},{"not_picked":["Go for the Eyes","Gash+1","Skim"],"picked":"Redo","floor":32},{"not_picked":["Meteor Strike","Core Surge","Multi-Cast"],"picked":"Echo Form","floor":33},{"not_picked":["Go for the Eyes","Tempest+1","Gash+1"],"picked":"Hologram+1","floor":35},{"not_picked":["Reinforced Body","Compile Driver","Tempest"],"picked":"Sweeping Beam+1","floor":36},{"not_picked":["Streamline+1","Melter","Scrape"],"picked":"Heatsinks+1","floor":38},{"not_picked":["Coolheaded","Stack","Streamline"],"picked":"Compile Driver+1","floor":39}],"player_experience":311783,"relics_obtained":[{"floor":6,"key":"Vajra"},{"floor":9,"key":"Orichalcum"},{"floor":12,"key":"Dodecahedron"},{"floor":14,"key":"Boot"},{"floor":23,"key":"The Courier"},{"floor":25,"key":"Shuriken"},{"floor":26,"key":"Dream Catcher"},{"floor":27,"key":"Question Card"},{"floor":30,"key":"Peace Pipe"}],"event_choices":[{"cards_removed":["Strike_B"],"damage_healed":0,"gold_gain":0,"player_choice":"Card Removal","damage_taken":0,"max_hp_gain":0,"max_hp_loss":0,"event_name":"The Cleric","floor":2,"gold_loss":50},{"damage_healed":0,"gold_gain":0,"cards_transformed":["Strike_B"],"player_choice":"Change","damage_taken":0,"max_hp_gain":0,"max_hp_loss":0,"event_name":"Living Wall","floor":3,"gold_loss":0,"cards_obtained":["Auto Shields"]},{"damage_healed":0,"gold_gain":0,"player_choice":"Paid Gold","damage_taken":0,"relics_obtained":["Bag of Marbles"],"max_hp_gain":0,"max_hp_loss":0,"event_name":"WeMeetAgain","floor":5,"gold_loss":80},{"damage_healed":0,"gold_gain":0,"player_choice":"Bet on Murderer","damage_taken":0,"max_hp_gain":0,"max_hp_loss":0,"event_name":"The Joust","floor":21,"gold_loss":50}],"is_beta":false,"boss_relics":[{"not_picked":["Inserter","FrozenCore"],"picked":"Astrolabe"},{"not_picked":["Empty Cage","White Beast Statue"],"picked":"Philosopher\u0027s Stone"}],"items_purged_floors":[22,29],"is_endless":false,"potions_floor_spawned":[6,7,12,14,16,18,19,24,25,33,38],"killed_by":"Giant Head","ascension_level":3}