{"gold_per_floor":[111,130,200,218,232,232,265,52,52,67,18,52,52,64,64,183,183,195,135,9,9,21,53,4,20,72,72,72],"floor_reached":28,"playtime":2040,"items_purged":["Defend_B"],"score":285,"play_id":"9b84c330-93c2-4c6e-97f5-52becf4a0653","local_time":"20190422230500","is_ascension_mode":true,"campfire_choices":[{"data":"Zap","floor":6,"key":"SMITH"},{"data":"Self Repair","floor":13,"key":"SMITH"},{"data":"Transmutation","floor":15,"key":"SMITH"}],"neow_cost":"NONE","seed_source_timestamp":430058399476300,"circlet_count":0,"master_deck":["Strike_B","Strike_B","Strike_B","Strike_B","Defend_B","Defend_B","Defend_B","Zap+1","Dualcast","Cold Snap","Coolheaded","Reprogram","Conserve Battery","Coolheaded","Self Repair+1","Transmutation+1","Leap+1","Leap+1","BootSequence+1","Skim+1","Rainbow+1","Steam+1","Hologram+1","Leap+1","Pain","Chaos+1","Coolheaded+1","Hologram+1","Static Discharge"],"relics":["Cracked Core","NeowsBlessing","Kunai","Sundial","Toxic Egg 2","Boot","Black Star","WarpedTongs","Blue Candle","Bottled Flame","Vajra","Gremlin Horn"],"potions_floor_usage":[7,16,22,22,28],"damage_taken":[{"damage":0,"enemies":"Cultist","floor":1,"turns":1},{"damage":0,"enemies":"Small Slimes","floor":2,"turns":1},{"damage":0,"enemies":"2 Louse","floor":4,"turns":1},{"damage":4,"enemies":"Blue Slaver","floor":5,"turns":4},{"damage":11,"enemies":"3 Sentries","floor":7,"turns":11},{"damage":17,"enemies":"Looter","floor":10,"turns":4},{"damage":6,"enemies":"Lagavulin","floor":12,"turns":9},{"damage":4,"enemies":"Red Slaver","floor":14,"turns":5},{"damage":10,"enemies":"Slime Boss","floor":16,"turns":11},{"damage":1,"enemies":"Shell Parasite","floor":18,"turns":10},{"damage":17,"enemies":"2 Thieves","floor":19,"turns":4},{"damage":8,"enemies":"Snecko","floor":22,"turns":6},{"damage":58,"enemies":"Gremlin Leader","floor":23,"turns":10},{"damage":15,"enemies":"Snake Plant","floor":25,"turns":7},{"damage":32,"enemies":"Shelled Parasite and Fungi","floor":28,"turns":5}],"seed_played":"3055069831676561212","potions_obtained":[{"floor":2,"key":"Regen Potion"},{"floor":4,"key":"AttackPotion"},{"floor":5,"key":"Block Potion"},{"floor":12,"key":"FearPotion"},{"floor":16,"key":"AttackPotion"},{"floor":22,"key":"Dexterity Potion"},{"floor":25,"key":"Regen Potion"}],"is_trial":false,"path_per_floor":["M","M","T","M","M","R","E","$","T","M","$","E","R","M","R","B",null,"M","M","$","?","M","E","$","M","T","?","M"],"character_chosen":"DEFECT","items_purchased":["Self Repair","Transmutation","Leap+1","Leap+1","Hologram+1"],"campfire_rested":0,"item_purchase_floors":[8,8,11,20,24],"current_hp_per_floor":[75,75,75,75,71,71,75,75,75,65,65,66,66,72,72,72,75,75,68,68,68,70,22,22,17,17,17,0],"gold":72,"neow_bonus":"THREE_ENEMY_KILL","is_prod":false,"is_daily":false,"chose_seed":false,"campfire_upgraded":3,"win_rate":0,"timestamp":1555967100,"path_taken":["M","M","?","M","?","R","E","$","T","M","$","E","R","?","R","BOSS","M","M","$","?","?","E","$","M","T","?","M"],"build_version":"2019-01-23","purchased_purges":1,"victory":false,"max_hp_per_floor":[75,75,75,75,75,75,75,75,75,75,75,75,75,75,75,75,75,75,75,75,75,75,75,75,75,75,75,75],"card_choices":[{"not_picked":["Stack","Compile Driver"],"picked":"Cold Snap","floor":1},{"not_picked":["Sweeping Beam","Stack"],"picked":"Coolheaded","floor":2},{"not_picked":["Cold Snap","Steam"],"picked":"Reprogram","floor":4},{"not_picked":["Amplify","Double Energy"],"picked":"Conserve Battery","floor":5},{"not_picked":["Static Discharge","BootSequence"],"picked":"Coolheaded","floor":7},{"not_picked":["Scrape","Ball Lightning"],"picked":"Leap+1","floor":10},{"not_picked":["Sunder","Tempest+1"],"picked":"BootSequence+1","floor":12},{"not_picked":["Doom and Gloom","Melter"],"picked":"Skim+1","floor":14},{"not_picked":["Meteor Strike","Hyperbeam"],"picked":"Rainbow+1","floor":16},{"not_picked":["Gash","Go for the Eyes+1"],"picked":"Steam+1","floor":18},{"not_picked":["Rebound","Barrage"],"picked":"Hologram+1","floor":19},{"not_picked":["Hello World","Hologram+1"],"picked":"Chaos+1","floor":22},{"not_picked":["Turbo+1","Doom and Gloom"],"picked":"Coolheaded+1","floor":23},{"not_picked":["Doom and Gloom","Turbo+1"],"picked":"Static Discharge","floor":25}],"player_experience":293118,"relics_obtained":[{"floor":3,"key":"Kunai"},{"floor":7,"key":"Sundial"},{"floor":9,"key":"Toxic Egg 2"},{"floor":12,"key":"Boot"},{"floor":23,"key":"Blue Candle"},{"floor":23,"key":"Bottled Flame"},{"floor":26,"key":"Vajra"}],"event_choices":[{"damage_healed":0,"gold_gain":0,"player_choice":"Rummage","damage_taken":0,"relics_obtained":["WarpedTongs"],"max_hp_gain":0,"max_hp_loss":0,"event_name":"Accursed Blacksmith","floor":21,"gold_loss":0,"cards_obtained":["Pain"]},{"damage_healed":0,"gold_gain":0,"player_choice":"Opened","damage_taken":0,"relics_obtained":["Gremlin Horn"],"max_hp_gain":0,"max_hp_loss":0,"event_name":"The Mausoleum","floor":27,"gold_loss":0}],"is_beta":false,"boss_relics":[{"not_picked":["Fusion Hammer","Coffee Dripper"],"picked":"Black Star"}],"items_purged_floors":[20],"is_endless":false,"potions_floor_spawned":[2,4,5,12,16,22,25],"killed_by":"Shelled Parasite and Fungi","ascension_level":3}