{"gold_per_floor":[115,65,88,101,121,149,161,173,185,122,122,139,139,151,151,151],"floor_reached":16,"playtime":313,"items_purged":["Defend_R"],"score":125,"play_id":"88f7c88f-8ed5-45b7-b186-b2b8133bc875","local_time":"20190804011343","is_ascension_mode":true,"campfire_choices":[{"data":"Bash","floor":7,"key":"SMITH"},{"floor":11,"key":"REST"},{"floor":13,"key":"REST"},{"data":"Strike_R","floor":15,"key":"SMITH"}],"neow_cost":"NONE","seed_source_timestamp":690895090811260,"circlet_count":0,"master_deck":["Strike_R","Strike_R","Strike_R","Strike_R","Strike_R+1","Defend_R","Defend_R","Bash+1"],"relics":["Burning Blood","NeowsBlessing","Bag of Preparation","MawBank","Thread and Needle","Pear"],"potions_floor_usage":[6,16],"damage_taken":[{"damage":0,"enemies":"Jaw Worm","floor":1,"turns":1},{"damage":0,"enemies":"2 Louse","floor":4,"turns":1},{"damage":0,"enemies":"Cultist","floor":5,"turns":1},{"damage":60,"enemies":"3 Sentries","floor":6,"turns":9},{"damage":16,"enemies":"Red Slaver","floor":12,"turns":4},{"damage":10,"enemies":"2 Fungi Beasts","floor":14,"turns":4},{"damage":76,"enemies":"Hexaghost","floor":16,"turns":7}],"seed_played":"8123587315334615502","potions_obtained":[{"floor":4,"key":"Swift Potion"},{"floor":6,"key":"EssenceOfSteel"},{"floor":12,"key":"FearPotion"}],"is_trial":false,"path_per_floor":["M","?","T","M","M","E","R","?","T","$","R","M","R","M","R","B"],"character_chosen":"IRONCLAD","items_purchased":[],"campfire_rested":2,"item_purchase_floors":[],"current_hp_per_floor":[80,80,80,80,80,26,26,26,36,36,63,53,80,76,76,0],"gold":151,"neow_bonus":"THREE_ENEMY_KILL","is_prod":false,"is_daily":false,"chose_seed":false,"campfire_upgraded":2,"win_rate":0,"timestamp":1564899223,"path_taken":["M","?","?","M","M","E","R","?","T","$","R","M","R","M","R","BOSS"],"build_version":"2019-07-17","purchased_purges":1,"victory":false,"max_hp_per_floor":[80,80,80,80,80,80,80,80,90,90,90,90,90,90,90,90],"card_choices":[{"not_picked":["Flex","Burning Pact","Body Slam"],"picked":"SKIP","floor":1},{"not_picked":["Carnage","Sword Boomerang","Cleave"],"picked":"SKIP","floor":4},{"not_picked":["Cleave","Inflame","Havoc"],"picked":"SKIP","floor":5},{"not_picked":["Shrug It Off","Evolve","Rampage"],"picked":"SKIP","floor":6},{"not_picked":["Havoc","Power Through","Entrench"],"picked":"SKIP","floor":12},{"not_picked":["Metallicize","True Grit","Flex"],"picked":"SKIP","floor":14}],"player_experience":271374,"relics_obtained":[{"floor":3,"key":"Bag of Preparation"},{"floor":6,"key":"MawBank"},{"floor":9,"key":"Pear"}],"event_choices":[{"cards_removed":["Defend_R"],"damage_healed":0,"gold_gain":0,"player_choice":"Card Removal","damage_taken":0,"max_hp_gain":0,"max_hp_loss":0,"event_name":"The Cleric","floor":2,"gold_loss":50},{"damage_healed":0,"gold_gain":0,"player_choice":"Gave Potion","damage_taken":0,"relics_obtained":["Thread and Needle"],"max_hp_gain":0,"max_hp_loss":0,"event_name":"WeMeetAgain","floor":8,"gold_loss":0}],"is_beta":false,"boss_relics":[],"items_purged_floors":[10],"is_endless":false,"potions_floor_spawned":[4,6,12],"killed_by":"Hexaghost","ascension_level":5}