{"gold_per_floor":[115,134,134,59,59,92,103,53,53,53,68,101,101,1,1,99,99,119,119,119,119,139,139,139,139,139,14,31,42,42,61,61,162,162,180,180,197,208,8,8,25,45,45,45,56,56,69,69,69,69],"floor_reached":51,"playtime":1374,"items_purged":["Regret","Strike_R","Strike_R"],"score":932,"play_id":"fed023e8-85eb-4ca5-8335-6f2fb0d8a31c","local_time":"20190813002426","is_ascension_mode":true,"campfire_choices":[{"data":"Twin Strike","floor":10,"key":"SMITH"},{"data":"Limit Break","floor":13,"key":"SMITH"},{"data":"Bash","floor":15,"key":"SMITH"},{"floor":23,"key":"REST"},{"data":"Strike_R","floor":25,"key":"SMITH"},{"data":"Spot Weakness","floor":30,"key":"SMITH"},{"floor":32,"key":"REST"},{"floor":40,"key":"REST"},{"floor":46,"key":"REST"},{"floor":49,"key":"REST"}],"neow_cost":"NONE","seed_source_timestamp":163358674481458,"circlet_count":0,"master_deck":["Strike_R+1","Strike_R","Strike_R","Defend_R","Defend_R","Bash+1","Twin Strike+1","Limit Break+1","Necronomicurse","Spot Weakness+1","Limit Break+1","Heavy Blade+1","Writhe"],"relics":["Burning Blood","NeowsBlessing","Pear","Sundial","Pantograph","Bag of Marbles","Oddly Smooth Stone","Snecko Eye","Necronomicon","Pen Nib","Lizard Tail","Sling","Bottled Lightning"],"potions_floor_usage":[11,12,16,20,22,33,37,50],"damage_taken":[{"damage":0,"enemies":"Cultist","floor":1,"turns":1},{"damage":0,"enemies":"2 Louse","floor":2,"turns":1},{"damage":0,"enemies":"Lagavulin","floor":6,"turns":1},{"damage":12,"enemies":"Jaw Worm","floor":7,"turns":2},{"damage":0,"enemies":"Large Slime","floor":11,"turns":5},{"damage":25,"enemies":"3 Sentries","floor":12,"turns":6},{"damage":86,"enemies":"Slime Boss","floor":16,"turns":14},{"damage":28,"enemies":"Shell Parasite","floor":18,"turns":5},{"damage":10,"enemies":"Spheric Guardian","floor":20,"turns":3},{"damage":0,"enemies":"Centurion and Healer","floor":22,"turns":3},{"damage":6,"enemies":"3 Cultists","floor":28,"turns":4},{"damage":48,"enemies":"Snake Plant","floor":29,"turns":3},{"damage":27,"enemies":"Centurion and Healer","floor":31,"turns":3},{"damage":20,"enemies":"Champ","floor":33,"turns":3},{"damage":5,"enemies":"3 Shapes","floor":35,"turns":3},{"damage":29,"enemies":"3 Darklings","floor":37,"turns":6},{"damage":0,"enemies":"Transient","floor":38,"turns":5},{"damage":49,"enemies":"Maw","floor":41,"turns":7},{"damage":4,"enemies":"3 Darklings","floor":42,"turns":3},{"damage":24,"enemies":"4 Shapes","floor":45,"turns":4},{"damage":16,"enemies":"Sphere and 2 Shapes","floor":47,"turns":4},{"damage":42,"enemies":"Donu and Deca","floor":50,"turns":4}],"seed_played":"6084630016768629082","potions_obtained":[{"floor":1,"key":"SmokeBomb"},{"floor":2,"key":"PowerPotion"},{"floor":6,"key":"Poison Potion"},{"floor":12,"key":"FearPotion"},{"floor":18,"key":"Fire Potion"},{"floor":31,"key":"LiquidBronze"},{"floor":33,"key":"Block Potion"},{"floor":38,"key":"Ancient Potion"},{"floor":42,"key":"SpeedPotion"},{"floor":45,"key":"Swift Potion"}],"is_trial":false,"path_per_floor":["M","M","?","$","?","E","M","?","T","R","M","E","R","$","R","B",null,"M","?","M","?","M","R","?","R","T","$","M","M","R","M","R","B",null,"M","?","M","M","$","R","M","M","T","?","M","R","M","?","R","B",null],"character_chosen":"IRONCLAD","items_purchased":["Sling"],"campfire_rested":5,"item_purchase_floors":[39],"current_hp_per_floor":[78,80,90,90,83,89,83,83,83,83,89,70,70,70,70,10,70,48,32,28,28,34,61,100,100,100,100,100,58,58,37,67,78,95,96,96,73,79,79,100,57,59,59,84,66,96,86,86,100,64],"gold":69,"neow_bonus":"THREE_ENEMY_KILL","is_prod":false,"is_daily":false,"chose_seed":false,"campfire_upgraded":5,"win_rate":0,"timestamp":1565673866,"path_taken":["M","M","?","$","?","E","M","?","T","R","M","E","R","?","R","BOSS","M","?","M","?","?","R","?","R","T","$","M","M","R","M","R","BOSS","M","?","M","?","?","R","M","M","T","?","M","R","M","?","R","BOSS"],"build_version":"2019-07-17","purchased_purges":3,"victory":true,"max_hp_per_floor":[80,80,90,90,90,90,90,90,90,90,90,90,90,90,90,90,90,90,90,90,90,90,90,100,100,100,100,100,100,100,100,100,100,100,100,100,100,100,100,100,100,100,100,100,100,100,100,100,100,100],"card_choices":[{"not_picked":["Uppercut","Pommel Strike","Shockwave"],"picked":"SKIP","floor":1},{"not_picked":["Shockwave","Armaments","Iron Wave"],"picked":"SKIP","floor":2},{"not_picked":["Bloodletting","Heavy Blade"],"picked":"Twin Strike","floor":6},{"not_picked":["Burning Pact","Body Slam","Sword Boomerang"],"picked":"SKIP","floor":7},{"not_picked":["Uppercut","True Grit","Flex"],"picked":"SKIP","floor":11},{"not_picked":["Exhume","Wild Strike"],"picked":"Limit Break","floor":12},{"not_picked":["Barricade","Fiend Fire"],"picked":"Berserk","floor":16},{"not_picked":["Armaments+1","Disarm","Iron Wave"],"picked":"SKIP","floor":18},{"not_picked":["Sever Soul","Headbutt","Flex"],"picked":"SKIP","floor":22},{"not_picked":["Clothesline","Shrug It Off","Entrench"],"picked":"SKIP","floor":28},{"not_picked":["Corruption","Perfected Strike"],"picked":"Spot Weakness","floor":29},{"not_picked":["Havoc+1","Headbutt+1","Ghostly Armor"],"picked":"SKIP","floor":31},{"not_picked":["Offering","Juggernaut"],"picked":"Limit Break","floor":33},{"not_picked":["Warcry+1","Body Slam","Shrug It Off"],"picked":"SKIP","floor":35},{"not_picked":["Combust","Reckless Charge","Evolve+1"],"picked":"SKIP","floor":37},{"not_picked":["Reckless Charge+1","Headbutt"],"picked":"Heavy Blade+1","floor":38},{"not_picked":["Burning Pact","Headbutt","Battle Trance"],"picked":"SKIP","floor":41},{"not_picked":["Shrug It Off","Sever Soul+1","Battle Trance+1"],"picked":"SKIP","floor":42},{"not_picked":["Sword Boomerang","Shrug It Off","Berserk"],"picked":"SKIP","floor":45},{"not_picked":["Wild Strike","Shrug It Off","Perfected Strike"],"picked":"SKIP","floor":47}],"player_experience":287434,"relics_obtained":[{"floor":6,"key":"Pantograph"},{"floor":9,"key":"Bag of Marbles"},{"floor":12,"key":"Oddly Smooth Stone"},{"floor":19,"key":"Necronomicon"},{"floor":26,"key":"Pen Nib"},{"floor":43,"key":"Bottled Lightning"}],"event_choices":[{"damage_healed":0,"gold_gain":0,"player_choice":"Box","damage_taken":0,"relics_obtained":["Pear"],"max_hp_gain":0,"max_hp_loss":0,"event_name":"Big Fish","floor":3,"gold_loss":0,"cards_obtained":["Regret"]},{"damage_healed":0,"gold_gain":0,"player_choice":"Success","damage_taken":7,"relics_obtained":["Sundial"],"max_hp_gain":0,"max_hp_loss":0,"event_name":"Scrap Ooze","floor":5,"gold_loss":0},{"cards_removed":["Defend_R"],"damage_healed":0,"gold_gain":0,"player_choice":"Card Removal","damage_taken":0,"max_hp_gain":0,"max_hp_loss":0,"event_name":"The Cleric","floor":8,"gold_loss":50},{"damage_healed":0,"gold_gain":0,"player_choice":"Obtained Book","damage_taken":16,"max_hp_gain":0,"max_hp_loss":0,"event_name":"Cursed Tome","floor":19,"gold_loss":0},{"cards_removed":["Defend_R"],"damage_healed":0,"gold_gain":0,"player_choice":"Card Removal","damage_taken":0,"max_hp_gain":0,"max_hp_loss":0,"event_name":"Wheel of Change","floor":21,"gold_loss":0},{"cards_removed":["Berserk"],"damage_healed":29,"gold_gain":0,"player_choice":"Offered Rare","damage_taken":0,"max_hp_gain":10,"max_hp_loss":0,"event_name":"Bonfire Elementals","floor":24,"gold_loss":0},{"damage_healed":0,"gold_gain":0,"player_choice":"Upgraded","damage_taken":0,"max_hp_gain":0,"max_hp_loss":0,"event_name":"Upgrade Shrine","floor":36,"gold_loss":0,"cards_upgraded":["Limit Break"]},{"damage_healed":25,"gold_gain":0,"player_choice":"Writhe","damage_taken":0,"max_hp_gain":0,"max_hp_loss":0,"event_name":"Winding Halls","floor":44,"gold_loss":0,"cards_obtained":["Writhe"]},{"damage_healed":0,"gold_gain":0,"player_choice":"0 cards matched","damage_taken":0,"max_hp_gain":0,"max_hp_loss":0,"event_name":"Match and Keep!","floor":48,"gold_loss":0,"cards_obtained":[]}],"is_beta":false,"boss_relics":[{"not_picked":["Cursed Key","Runic Cube"],"picked":"Snecko Eye"},{"not_picked":["Velvet Choker","Eternal Feather"],"picked":"Lizard Tail"}],"items_purged_floors":[4,14,27],"is_endless":false,"potions_floor_spawned":[1,2,6,12,18,31,33,38,42,45],"ascension_level":6}