{"gold_per_floor":[112,123,133,83,83,83,53,89,89,110,110,150,175,193,193,193],"floor_reached":16,"playtime":1161,"items_purged":[],"score":112,"play_id":"136d1e26-a03c-4d25-b5e9-05f0b6186a4f","local_time":"20191019133336","is_ascension_mode":false,"campfire_choices":[{"data":"Shrug It Off","floor":6,"key":"SMITH"},{"data":"Metallicize","floor":11,"key":"SMITH"},{"floor":15,"key":"REST"}],"neow_cost":"NONE","seed_source_timestamp":0,"circlet_count":0,"master_deck":["Strike_R","Strike_R","Strike_R","Strike_R","Defend_R","Defend_R","Defend_R","Defend_R","Bash+1","Sword Boomerang","True Grit","Shrug It Off+1","Clothesline","Metallicize+1","Iron Wave","Metallicize","Offering","Clash"],"special_seed":0,"relics":["Burning Blood","Golden Idol","Calipers","Girya","Boot"],"potions_floor_usage":[14,14,16,16],"damage_taken":[{"damage":5,"enemies":"Jaw Worm","floor":1,"turns":5},{"damage":6,"enemies":"Cultist","floor":2,"turns":3},{"damage":2,"enemies":"2 Louse","floor":3,"turns":3},{"damage":0,"enemies":"Looter","floor":7,"turns":4},{"damage":34,"enemies":"Lagavulin","floor":8,"turns":7},{"damage":5,"enemies":"Blue Slaver","floor":10,"turns":4},{"damage":12,"enemies":"3 Sentries","floor":12,"turns":14},{"damage":18,"enemies":"Gremlin Gang","floor":13,"turns":6},{"damage":17,"enemies":"Exordium Thugs","floor":14,"turns":7},{"damage":49,"enemies":"Slime Boss","floor":16,"turns":14}],"seed_played":"7797245591735169620","potions_obtained":[{"floor":8,"key":"EssenceOfSteel"},{"floor":10,"key":"Weak Potion"},{"floor":12,"key":"PowerPotion"},{"floor":14,"key":"Regen Potion"}],"is_trial":false,"path_per_floor":["M","M","M","?","?","R","M","E","T","M","R","E","M","M","R","B"],"character_chosen":"IRONCLAD","items_purchased":[],"campfire_rested":1,"item_purchase_floors":[],"current_hp_per_floor":[80,80,80,80,60,60,66,38,38,39,39,33,21,10,34,0],"gold":193,"neow_bonus":"UPGRADE_CARD","is_prod":false,"is_daily":false,"chose_seed":false,"campfire_upgraded":2,"win_rate":0.0,"timestamp":1571506416,"path_taken":["M","M","M","?","?","R","M","E","T","M","R","E","M","M","R","BOSS"],"build_version":"2019-07-17","purchased_purges":0,"victory":false,"max_hp_per_floor":[80,80,80,80,80,80,80,80,80,80,80,80,80,80,80,80],"card_choices":[{"not_picked":["Body Slam","Warcry"],"picked":"Sword Boomerang","floor":1},{"not_picked":["Battle Trance","Warcry"],"picked":"True Grit","floor":2},{"not_picked":["Brutality","Sever Soul"],"picked":"Shrug It Off","floor":3},{"not_picked":["Warcry","Entrench"],"picked":"Clothesline","floor":7},{"not_picked":["Clash","Whirlwind"],"picked":"Metallicize","floor":8},{"not_picked":["Perfected Strike","Sword Boomerang"],"picked":"Iron Wave","floor":10},{"not_picked":["Anger","Armaments"],"picked":"Metallicize","floor":12},{"not_picked":["Metallicize","Burning Pact"],"picked":"Offering","floor":13},{"not_picked":["Metallicize","Blood for Blood"],"picked":"Clash","floor":14}],"player_experience":4090,"relics_obtained":[{"floor":8,"key":"Calipers"},{"floor":9,"key":"Girya"},{"floor":12,"key":"Boot"}],"event_choices":[{"cards_removed":["Strike_R"],"damage_healed":0,"gold_gain":0,"player_choice":"Card Removal","damage_taken":0,"max_hp_gain":0,"max_hp_loss":0,"event_name":"The Cleric","floor":4,"gold_loss":50},{"damage_healed":0,"gold_gain":0,"player_choice":"Take Damage","damage_taken":20,"relics_obtained":["Golden Idol"],"max_hp_gain":0,"max_hp_loss":0,"event_name":"Golden Idol","floor":5,"gold_loss":0}],"is_beta":false,"boss_relics":[],"items_purged_floors":[],"is_endless":false,"potions_floor_spawned":[8,10,12,14],"killed_by":"Slime Boss","ascension_level":0}