{"gold_per_floor":[115,125,49,111,129,129,141,175,198,233,258,270,457,486,498,510],"floor_reached":16,"playtime":500,"items_purged":[],"score":179,"play_id":"d286b468-247a-49aa-b0e0-2ff5fb4712ac","local_time":"20191020151410","is_ascension_mode":true,"campfire_choices":[{"data":"Inflame","floor":6.0,"key":"SMITH"},{"floor":15.0,"key":"REST"}],"neow_cost":"NONE","seed_source_timestamp":0,"circlet_count":0,"master_deck":["AscendersBane","Strike_R","Strike_R","Strike_R","Strike_R","Strike_R","Defend_R","Defend_R","Defend_R","Defend_R","Bash","Clothesline","Rage","Inflame+1","Rupture","Ghostly Armor","Seeing Red","Iron Wave","Thunderclap","Doubt","Rampage"],"special_seed":0,"relics":["Burning Blood","NeowsBlessing","Ancient Tea Set","Blood Vial","MawBank"],"potions_floor_usage":[16],"damage_taken":[{"damage":0.0,"enemies":"2 Louse","floor":1.0,"turns":1.0},{"damage":0.0,"enemies":"Small Slimes","floor":2.0,"turns":1.0},{"damage":0.0,"enemies":"Jaw Worm","floor":5.0,"turns":1.0},{"damage":16.0,"enemies":"Looter","floor":7.0,"turns":3.0},{"damage":29.0,"enemies":"Lagavulin","floor":8.0,"turns":8.0},{"damage":27.0,"enemies":"3 Sentries","floor":10.0,"turns":10.0},{"damage":10.0,"enemies":"Blue Slaver","floor":11.0,"turns":5.0},{"damage":20.0,"enemies":"Gremlin Gang","floor":14.0,"turns":4.0},{"damage":50,"enemies":"Slime Boss","floor":16,"turns":8}],"seed_played":"-6631434938457544502","potions_obtained":[{"floor":2.0,"key":"Explosive Potion"},{"floor":10.0,"key":"LiquidBronze"},{"floor":11.0,"key":"LiquidBronze"},{"floor":14.0,"key":"Block Potion"}],"is_trial":false,"path_per_floor":["M","M","$","?","M","R","M","E","T","E","M","?","?","M","R","B"],"character_chosen":"IRONCLAD","items_purchased":["Inflame"],"campfire_rested":1,"item_purchase_floors":[3],"current_hp_per_floor":[78,80,80,80,80,80,70,47,47,28,26,26,26,14,38,0],"gold":510,"neow_bonus":"THREE_ENEMY_KILL","is_prod":false,"is_daily":false,"chose_seed":false,"campfire_upgraded":1,"win_rate":0,"timestamp":1571598850,"path_taken":["M","M","$","?","M","R","M","E","T","E","M","?","?","M","R","BOSS"],"build_version":"2019-07-17","purchased_purges":0,"victory":false,"max_hp_per_floor":[80,80,80,80,80,80,80,80,80,80,80,80,80,80,80,80],"card_choices":[{"not_picked":["Clash","Sentinel"],"picked":"Clothesline","floor":1.0},{"not_picked":["Pummel","Flex"],"picked":"Rage","floor":2.0},{"not_picked":["Cleave","Perfected Strike"],"picked":"Rupture","floor":5.0},{"not_picked":["Twin Strike","Sword Boomerang"],"picked":"Ghostly Armor","floor":7.0},{"not_picked":["Sword Boomerang","Searing Blow"],"picked":"Seeing Red","floor":8.0},{"not_picked":["Shockwave","Clothesline"],"picked":"Iron Wave","floor":10.0},{"not_picked":["Sever Soul","Sentinel"],"picked":"Thunderclap","floor":11.0},{"not_picked":["Combust","Warcry"],"picked":"Rampage","floor":14.0}],"player_experience":731964,"relics_obtained":[{"floor":8.0,"key":"Ancient Tea Set"},{"floor":9.0,"key":"Blood Vial"},{"floor":10.0,"key":"MawBank"}],"event_choices":[{"damage_healed":0.0,"max_hp_gain":0.0,"max_hp_loss":0.0,"gold_gain":62.0,"event_name":"Golden Wing","player_choice":"Gained Gold","floor":4.0,"gold_loss":0.0,"damage_taken":0.0},{"damage_healed":0.0,"max_hp_gain":0.0,"max_hp_loss":0.0,"gold_gain":0.0,"event_name":"Scrap Ooze","player_choice":"Fled","floor":12.0,"gold_loss":0.0,"damage_taken":0.0},{"damage_healed":0.0,"max_hp_gain":0.0,"max_hp_loss":0.0,"gold_gain":175.0,"event_name":"Liars Game","player_choice":"AGREE","floor":13.0,"gold_loss":0.0,"damage_taken":0.0,"cards_obtained":["Doubt"]}],"is_beta":false,"boss_relics":[],"items_purged_floors":[],"is_endless":false,"potions_floor_spawned":[2,10,11,14],"killed_by":"Slime Boss","ascension_level":12}