{"gold_per_floor":[363,380,353,353,369,369,396,426,426,202,219,237,412,432,432,533,533,550,257,274,305,305,305,305,305,305,305,305,170,183,200,200,303,303,316,316,69,82,92,112,128,128,154,187,201,67,67,82,82,82],"floor_reached":50,"playtime":2140,"items_purged":["Strike_G","Doubt","Writhe","Strike_G"],"score":574,"play_id":"5b033a2a-5e1d-4d51-8c74-f9f729ef71b9","local_time":"20190503190745","is_ascension_mode":false,"campfire_choices":[{"data":"Noxious Fumes","floor":6,"key":"SMITH"},{"floor":15,"key":"REST"},{"data":"Catalyst","floor":23,"key":"SMITH"},{"data":"Corpse Explosion","floor":25,"key":"SMITH"},{"data":"Crippling Poison","floor":27,"key":"SMITH"},{"data":"Footwork","floor":32,"key":"SMITH"},{"floor":42,"key":"REST"},{"floor":47,"key":"REST"},{"data":"Noxious Fumes","floor":49,"key":"SMITH"}],"neow_cost":"CURSE","seed_source_timestamp":1366117700611700,"circlet_count":0,"master_deck":["Defend_G","Defend_G","Defend_G","Defend_G","Strike_G","Survivor","Neutralize","Catalyst+1","Prepared","Backflip","Neutralize","Noxious Fumes+1","Deadly Poison","Deadly Poison","Crippling Poison+1","PiercingWail","Bane","Corpse Explosion+1","Die Die Die+1","Blur+1","Skewer+1","Footwork","Footwork+1","Deflect","Catalyst+1","Backflip+1","Deflect+1","Envenom+1","PiercingWail","Blade Dance","Poisoned Stab+1","Footwork","Deadly Poison","Bane+1","Calculated Gamble","Prepared+1","Parasite","PiercingWail","Footwork+1","Noxious Fumes+1","Catalyst+1","Noxious Fumes+1","Deflect"],"relics":["Ring of the Snake","Gremlin Horn","Bag of Preparation","Tiny Chest","Astrolabe","Membership Card","Red Mask","Incense Burner","Sundial","Question Card","Anchor","Orrery","FossilizedHelix","Regal Pillow","Pantograph","DollysMirror"],"potions_floor_usage":[18,33,33,33,33,40,40,40,44,50],"damage_taken":[{"damage":5,"enemies":"Jaw Worm","floor":1,"turns":8},{"damage":1,"enemies":"Cultist","floor":2,"turns":4},{"damage":0,"enemies":"Small Slimes","floor":5,"turns":5},{"damage":19,"enemies":"Lagavulin","floor":7,"turns":8},{"damage":14,"enemies":"2 Fungi Beasts","floor":11,"turns":4},{"damage":4,"enemies":"Blue Slaver","floor":12,"turns":4},{"damage":2,"enemies":"Looter","floor":14,"turns":3},{"damage":23,"enemies":"Hexaghost","floor":16,"turns":8},{"damage":14,"enemies":"2 Thieves","floor":18,"turns":3},{"damage":4,"enemies":"Shell Parasite","floor":20,"turns":6},{"damage":19,"enemies":"Masked Bandits","floor":21,"turns":3},{"damage":0,"enemies":"Chosen and Byrds","floor":30,"turns":3},{"damage":0,"enemies":"Snake Plant","floor":31,"turns":4},{"damage":16,"enemies":"Automaton","floor":33,"turns":8},{"damage":6,"enemies":"3 Darklings","floor":35,"turns":5},{"damage":0,"enemies":"Orb Walker","floor":38,"turns":5},{"damage":0,"enemies":"Writhing Mass","floor":39,"turns":4},{"damage":29,"enemies":"Spire Growth","floor":40,"turns":5},{"damage":0,"enemies":"Transient","floor":41,"turns":5},{"damage":15,"enemies":"Reptomancer","floor":44,"turns":5},{"damage":23,"enemies":"Jaw Worm Horde","floor":45,"turns":4},{"damage":1,"enemies":"3 Darklings","floor":48,"turns":4},{"damage":72,"enemies":"Awakened One","floor":50,"turns":7}],"seed_played":"4554089554993444017","potions_obtained":[{"floor":1,"key":"Fire Potion"},{"floor":5,"key":"LiquidBronze"},{"floor":11,"key":"SteroidPotion"},{"floor":16,"key":"Poison Potion"},{"floor":18,"key":"EntropicBrew"},{"floor":20,"key":"PowerPotion"},{"floor":33,"key":"AttackPotion"},{"floor":38,"key":"Regen Potion"},{"floor":40,"key":"Energy Potion"},{"floor":48,"key":"GamblersBrew"}],"is_trial":false,"path_per_floor":["M","M","$","?","M","R","E","?","T","$","M","M","?","M","R","B",null,"M","$","M","?","?","R","T","R","T","R","T","$","M","M","R","B",null,"M","?","$","M","M","M","M","R","T","E","M","$","R","M","R","B"],"character_chosen":"THE_SILENT","items_purchased":["Backflip","Deadly Poison","Tiny Chest","Membership Card","Footwork","Deflect","Anchor","FossilizedHelix","Calculated Gamble","DollysMirror","Noxious Fumes"],"campfire_rested":3,"item_purchase_floors":[3,10,10,19,19,19,29,37,37,46,46],"current_hp_per_floor":[65,64,64,64,64,64,45,45,45,45,31,27,27,25,46,23,70,56,56,52,33,56,56,56,56,56,56,56,56,56,56,56,40,70,64,64,64,64,64,44,44,65,65,50,27,27,63,62,62,0],"gold":82,"neow_bonus":"TWO_FIFTY_GOLD","is_prod":false,"is_daily":false,"chose_seed":false,"campfire_upgraded":6,"win_rate":0.0,"timestamp":1556903265,"path_taken":["M","M","$","?","?","R","E","?","T","$","M","M","?","M","R","BOSS","M","$","M","?","?","R","?","R","T","R","?","$","M","?","R","BOSS","M","?","$","M","M","M","M","R","T","E","M","?","R","?","R","BOSS"],"build_version":"2019-04-23","purchased_purges":4,"victory":false,"max_hp_per_floor":[70,70,70,70,70,70,70,70,70,70,70,70,70,70,70,70,70,70,70,70,70,70,70,70,70,70,70,70,70,70,70,70,70,70,70,70,70,70,70,70,70,70,70,70,70,70,70,70,70,70],"card_choices":[{"not_picked":["Backflip","Slice"],"picked":"Catalyst","floor":1},{"not_picked":["Dodge and Roll","Dagger Throw"],"picked":"Prepared","floor":2},{"not_picked":["All Out Attack","Dash"],"picked":"Noxious Fumes","floor":5},{"not_picked":["Distraction","Slice"],"picked":"Deadly Poison","floor":7},{"not_picked":["Masterful Stab","Underhanded Strike"],"picked":"Crippling Poison","floor":11},{"not_picked":["Acrobatics","Blade Dance"],"picked":"PiercingWail","floor":12},{"not_picked":["Flechettes","Flying Knee"],"picked":"Bane","floor":14},{"not_picked":["Venomology","Tools of the Trade"],"picked":"Corpse Explosion","floor":16},{"not_picked":["Skewer","Predator+1"],"picked":"Footwork","floor":18},{"not_picked":["Tactician","Dagger Throw"],"picked":"Catalyst+1","floor":20},{"not_picked":["Tactician","Infinite Blades+1","Acrobatics"],"picked":"Backflip+1","floor":30},{"not_picked":["Quick Slash+1","Riddle With Holes","Heel Hook"],"picked":"Deflect+1","floor":31},{"not_picked":["Doppelganger","Phantasmal Killer","Venomology"],"picked":"Envenom","floor":33},{"not_picked":["Dagger Throw","Dagger Spray+1","Finisher"],"picked":"PiercingWail","floor":34},{"not_picked":["Skewer","Reflex","A Thousand Cuts"],"picked":"Blade Dance","floor":34},{"not_picked":["Flechettes+1","Backstab+1","Deadly Poison"],"picked":"Poisoned Stab+1","floor":34},{"not_picked":["Blade Dance","Bane","Slice"],"picked":"Footwork","floor":34},{"not_picked":["Sucker Punch+1","Tactician+1","Flechettes+1"],"picked":"Deadly Poison","floor":34},{"not_picked":["Acrobatics","Infinite Blades","Malaise"],"picked":"Bane+1","floor":35},{"not_picked":["Underhanded Strike+1","Dagger Throw+1","Skewer"],"picked":"Prepared+1","floor":38},{"not_picked":["Finisher","Dodge and Roll+1","Calculated Gamble","Sucker Punch+1"],"picked":"SKIP","floor":39},{"not_picked":["Slice+1","Reflex","Underhanded Strike"],"picked":"PiercingWail","floor":40},{"not_picked":["Predator+1","Slice","Sucker Punch+1"],"picked":"Footwork+1","floor":41},{"not_picked":["Slice+1","Adrenaline","Dash"],"picked":"Noxious Fumes+1","floor":44},{"not_picked":["Escape Plan","All Out Attack","Sucker Punch+1","Endless Agony"],"picked":"SKIP","floor":45},{"not_picked":["Blade Dance+1","Terror+1","Backflip"],"picked":"Deflect","floor":48}],"player_experience":20561,"relics_obtained":[{"floor":7,"key":"Gremlin Horn"},{"floor":9,"key":"Bag of Preparation"},{"floor":21,"key":"Red Mask"},{"floor":24,"key":"Incense Burner"},{"floor":26,"key":"Sundial"},{"floor":28,"key":"Question Card"},{"floor":43,"key":"Regal Pillow"},{"floor":44,"key":"Pantograph"}],"event_choices":[{"damage_healed":0,"gold_gain":0,"player_choice":"1 cards matched","damage_taken":0,"max_hp_gain":0,"max_hp_loss":0,"event_name":"Match and Keep!","floor":4,"gold_loss":0,"cards_obtained":["Neutralize"]},{"damage_healed":0,"gold_gain":30,"player_choice":"Searched \u00272\u0027 times","damage_taken":0,"max_hp_gain":0,"max_hp_loss":0,"event_name":"Dead Adventurer","floor":8,"gold_loss":0},{"damage_healed":0,"gold_gain":175,"player_choice":"AGREE","damage_taken":0,"max_hp_gain":0,"max_hp_loss":0,"event_name":"Liars Game","floor":13,"gold_loss":0,"cards_obtained":["Doubt"]},{"damage_healed":0,"gold_gain":0,"player_choice":"Fought Bandits","damage_taken":0,"max_hp_gain":0,"max_hp_loss":0,"event_name":"Masked Bandits","floor":21,"gold_loss":0},{"damage_healed":23,"gold_gain":0,"player_choice":"Heal","damage_taken":0,"max_hp_gain":0,"max_hp_loss":0,"event_name":"The Library","floor":22,"gold_loss":0},{"damage_healed":0,"gold_gain":0,"player_choice":"Upgraded","damage_taken":0,"max_hp_gain":0,"max_hp_loss":0,"event_name":"Upgrade Shrine","floor":36,"gold_loss":0,"cards_upgraded":["Envenom"]}],"is_beta":true,"boss_relics":[{"not_picked":["Snecko Eye","Calling Bell"],"picked":"Astrolabe"},{"not_picked":["Velvet Choker","Empty Cage"],"picked":"Orrery"}],"items_purged_floors":[10,19,29,37],"is_endless":false,"potions_floor_spawned":[1,5,11,16,18,20,31,33,35,38,40,48],"killed_by":"Awakened One","ascension_level":0}