{"gold_per_floor":[119,294,306,37,54,85,85,50,50,82,98,128,144,144,144,246,246,259,13,28,41,41,41,72,83,135,135,154,10,10,40,40,137,137,153,82,99,116,133,164,164,164,187,187,213,229,229],"floor_reached":47,"playtime":2423,"items_purged":["Doubt"],"score":702,"play_id":"c99549a4-dd13-43b0-9ce9-c2d93c7afe19","local_time":"20190528005310","is_ascension_mode":true,"campfire_choices":[{"floor":7,"key":"REST"},{"floor":15,"key":"REST"},{"floor":23,"key":"REST"},{"floor":30,"key":"REST"},{"floor":32,"key":"REST"},{"floor":42,"key":"REST"},{"floor":44,"key":"REST"}],"neow_cost":"NONE","seed_source_timestamp":627263694867300,"circlet_count":0,"master_deck":["Strike_G+1","Strike_G","Strike_G","Defend_G","Defend_G","Defend_G","Defend_G","Survivor","Neutralize","Bouncing Flask","Sucker Punch","Footwork","Sucker Punch+1","Noxious Fumes","Infinite Blades","Venomology+1","Footwork","A Thousand Cuts","Deflect+1","Noxious Fumes+1","Tactician+1","Deadly Poison+1","Master of Strategy","Dodge and Roll","Well Laid Plans+1","Backstab","Leg Sweep","A Thousand Cuts","Dodge and Roll","Choke+1","Adrenaline","PiercingWail","Malaise","Distraction+1","Backflip+1","Catalyst","Corpse Explosion","PiercingWail+1","Escape Plan","Flying Knee+1","Footwork+1","Glass Knife","Noxious Fumes"],"relics":["Fusion Hammer","OrangePellets","Prayer Wheel","Singing Bowl","PreservedInsect","Orichalcum","Astrolabe","Ninja Scroll","Mango","Omamori","Whetstone","Strawberry","Orrery","Juzu Bracelet","Gambling Chip","Anchor","Dream Catcher"],"potions_floor_usage":[6,11,12,13,18,18,18,20,20,24,24,24,28,28,33,37,38,39,40,40,40,45,46,47],"damage_taken":[{"damage":0,"enemies":"Jaw Worm","floor":1,"turns":4},{"damage":2,"enemies":"Cultist","floor":3,"turns":4},{"damage":0,"enemies":"2 Louse","floor":5,"turns":3},{"damage":30,"enemies":"Gremlin Nob","floor":6,"turns":5},{"damage":7,"enemies":"Lagavulin","floor":10,"turns":7},{"damage":35,"enemies":"Exordium Thugs","floor":11,"turns":4},{"damage":26,"enemies":"Gremlin Nob","floor":12,"turns":4},{"damage":0,"enemies":"Looter","floor":13,"turns":4},{"damage":4,"enemies":"Hexaghost","floor":16,"turns":10},{"damage":35,"enemies":"3 Byrds","floor":18,"turns":5},{"damage":8,"enemies":"Shell Parasite","floor":20,"turns":6},{"damage":23,"enemies":"Snake Plant","floor":21,"turns":5},{"damage":15,"enemies":"Slavers","floor":24,"turns":6},{"damage":5,"enemies":"Sentry and Sphere","floor":25,"turns":5},{"damage":0,"enemies":"Chosen and Byrds","floor":28,"turns":4},{"damage":26,"enemies":"Book of Stabbing","floor":31,"turns":6},{"damage":43,"enemies":"Automaton","floor":33,"turns":10},{"damage":2,"enemies":"3 Shapes","floor":35,"turns":6},{"damage":8,"enemies":"Orb Walker","floor":37,"turns":3},{"damage":10,"enemies":"4 Shapes","floor":38,"turns":7},{"damage":1,"enemies":"Jaw Worm Horde","floor":39,"turns":2},{"damage":43,"enemies":"Reptomancer","floor":40,"turns":4},{"damage":96,"enemies":"Giant Head","floor":45,"turns":9},{"damage":2,"enemies":"Spire Growth","floor":46,"turns":7},{"damage":23,"enemies":"Nemesis","floor":47,"turns":4}],"seed_played":"-1841560455932567413","potions_obtained":[{"floor":1,"key":"AttackPotion"},{"floor":6,"key":"Explosive Potion"},{"floor":11,"key":"FearPotion"},{"floor":16,"key":"AttackPotion"},{"floor":20,"key":"EssenceOfSteel"},{"floor":24,"key":"Fire Potion"},{"floor":31,"key":"Block Potion"},{"floor":46,"key":"GamblersBrew"}],"is_trial":false,"path_per_floor":["M","?","M","$","M","E","R","?","T","E","M","E","M","?","R","B",null,"M","$","M","M","T","R","E","M","T","?","M","$","R","E","R","B",null,"M","$","M","M","M","E","?","R","T","R","E","M","E"],"character_chosen":"THE_SILENT","items_purchased":["OrangePellets","Footwork","Master of Strategy","Whetstone","Catalyst"],"campfire_rested":7,"item_purchase_floors":[4,4,19,29,36],"current_hp_per_floor":[70,70,68,68,68,38,59,70,70,63,32,6,8,8,30,26,76,43,43,47,26,26,50,49,46,46,78,78,78,96,77,103,60,107,107,107,99,91,90,47,47,80,80,111,15,17,0],"gold":229,"neow_bonus":"BOSS_RELIC","is_prod":false,"is_daily":false,"chose_seed":false,"campfire_upgraded":0,"win_rate":0,"timestamp":1558997590,"path_taken":["M","?","M","$","M","E","R","?","T","E","M","E","?","?","R","BOSS","M","$","M","M","?","R","E","?","T","?","M","?","R","E","R","BOSS","M","$","M","M","?","E","?","R","T","R","E","M","E"],"build_version":"2019-05-26","purchased_purges":1,"victory":false,"max_hp_per_floor":[70,70,70,70,70,70,70,70,70,70,74,74,76,76,76,76,76,78,78,78,80,80,80,94,96,96,96,96,96,96,103,103,103,107,109,109,109,111,111,111,111,111,111,111,111,115,115],"card_choices":[{"not_picked":["Deadly Poison","Blur"],"picked":"Bouncing Flask","floor":1},{"not_picked":["Outmaneuver","Slice"],"picked":"Sucker Punch","floor":3},{"not_picked":["Prepared","Finisher"],"picked":"Sucker Punch","floor":5},{"not_picked":["Acrobatics","Bouncing Flask"],"picked":"Noxious Fumes","floor":6},{"not_picked":["Blade Dance","Cloak And Dagger"],"picked":"Infinite Blades","floor":10},{"not_picked":["Underhanded Strike","Escape Plan","Sucker Punch"],"picked":"Singing Bowl","floor":11},{"not_picked":["Cloak And Dagger","Underhanded Strike","Sucker Punch"],"picked":"Singing Bowl","floor":11},{"not_picked":["PiercingWail","Deadly Poison"],"picked":"Venomology","floor":12},{"not_picked":["Acrobatics","Flechettes"],"picked":"Footwork","floor":13},{"not_picked":["Flying Knee","Riddle With Holes","Blade Dance"],"picked":"Singing Bowl","floor":13},{"not_picked":["Tools of the Trade","Wraith Form v2"],"picked":"A Thousand Cuts","floor":16},{"not_picked":["Infinite Blades+1","Dagger Throw+1"],"picked":"Deadly Poison+1","floor":18},{"not_picked":["Caltrops","Poisoned Stab+1","Expertise+1"],"picked":"Singing Bowl","floor":18},{"not_picked":["Blade Dance+1","Dagger Throw"],"picked":"Dodge and Roll","floor":20},{"not_picked":["Flying Knee","Dagger Spray"],"picked":"Masterful Stab+1","floor":20},{"not_picked":["Sucker Punch","Infinite Blades","Quick Slash"],"picked":"Singing Bowl","floor":21},{"not_picked":["Tactician","Backflip"],"picked":"Well Laid Plans+1","floor":21},{"not_picked":["Well Laid Plans+1","Terror"],"picked":"Backstab","floor":24},{"not_picked":["Dodge and Roll","Outmaneuver+1"],"picked":"Leg Sweep","floor":25},{"not_picked":["Eviscerate","Backstab","Calculated Gamble"],"picked":"Singing Bowl","floor":25},{"not_picked":["Sucker Punch","Bane"],"picked":"A Thousand Cuts","floor":28},{"not_picked":["Poisoned Stab","Dagger Spray"],"picked":"Dodge and Roll","floor":28},{"not_picked":["Flying Knee","Expertise"],"picked":"Choke+1","floor":31},{"not_picked":["Die Die Die","Bullet Time"],"picked":"Adrenaline","floor":33},{"not_picked":["Dagger Spray","Underhanded Strike+1","Bane"],"picked":"Singing Bowl","floor":34},{"not_picked":["Concentrate+1","Accuracy"],"picked":"PiercingWail","floor":34},{"not_picked":["Outmaneuver","Cloak And Dagger"],"picked":"Malaise","floor":34},{"not_picked":["Outmaneuver","Acrobatics+1","Caltrops"],"picked":"Singing Bowl","floor":34},{"not_picked":["Backflip+1","Bane"],"picked":"Distraction+1","floor":34},{"not_picked":["Outmaneuver","Quick Slash+1","Predator+1"],"picked":"Singing Bowl","floor":35},{"not_picked":["Blade Dance+1","Reflex"],"picked":"Backflip+1","floor":35},{"not_picked":["Dagger Spray","Poisoned Stab"],"picked":"Corpse Explosion","floor":37},{"not_picked":["Quick Slash","Slice+1"],"picked":"PiercingWail+1","floor":37},{"not_picked":["Finisher+1","Quick Slash","Riddle With Holes+1"],"picked":"Singing Bowl","floor":38},{"not_picked":["Underhanded Strike","Dagger Spray+1"],"picked":"Escape Plan","floor":38},{"not_picked":["Underhanded Strike+1","Riddle With Holes"],"picked":"Flying Knee+1","floor":39},{"not_picked":["Riddle With Holes","Deflect+1"],"picked":"Footwork+1","floor":39},{"not_picked":["Expertise+1","Bane"],"picked":"Glass Knife","floor":40},{"not_picked":["Deflect","Prepared+1"],"picked":"Noxious Fumes","floor":45},{"not_picked":["Slice","Flying Knee+1","Masterful Stab+1"],"picked":"Singing Bowl","floor":46},{"not_picked":["Dagger Spray","Acrobatics","Envenom"],"picked":"Singing Bowl","floor":46}],"player_experience":87108,"relics_obtained":[{"floor":6,"key":"Prayer Wheel"},{"floor":9,"key":"Singing Bowl"},{"floor":10,"key":"PreservedInsect"},{"floor":12,"key":"Orichalcum"},{"floor":22,"key":"Ninja Scroll"},{"floor":24,"key":"Mango"},{"floor":26,"key":"Omamori"},{"floor":31,"key":"Strawberry"},{"floor":40,"key":"Juzu Bracelet"},{"floor":43,"key":"Anchor"},{"floor":45,"key":"Dream Catcher"}],"event_choices":[{"damage_healed":0,"gold_gain":175,"player_choice":"AGREE","damage_taken":0,"max_hp_gain":0,"max_hp_loss":0,"event_name":"Liars Game","floor":2,"gold_loss":0,"cards_obtained":["Doubt"]},{"damage_healed":17,"gold_gain":0,"player_choice":"Healed","damage_taken":0,"max_hp_gain":0,"max_hp_loss":0,"event_name":"The Cleric","floor":8,"gold_loss":35},{"damage_healed":0,"gold_gain":0,"player_choice":"Upgraded","damage_taken":0,"max_hp_gain":0,"max_hp_loss":0,"event_name":"Upgrade Shrine","floor":14,"gold_loss":0,"cards_upgraded":["Venomology"]},{"damage_healed":32,"gold_gain":0,"player_choice":"Heal","damage_taken":0,"max_hp_gain":0,"max_hp_loss":0,"event_name":"The Library","floor":27,"gold_loss":0},{"cards_removed":["Masterful Stab"],"damage_healed":0,"gold_gain":0,"player_choice":"Gave Card","damage_taken":0,"relics_obtained":["Gambling Chip"],"max_hp_gain":0,"max_hp_loss":0,"event_name":"WeMeetAgain","floor":41,"gold_loss":0}],"is_beta":true,"boss_relics":[{"not_picked":["HoveringKite","Calling Bell"],"picked":"Astrolabe"},{"not_picked":["White Beast Statue","Empty Cage"],"picked":"Orrery"}],"items_purged_floors":[19],"is_endless":false,"potions_floor_spawned":[1,6,11,16,20,24,31,39,46],"killed_by":"Nemesis","ascension_level":3}