{"gold_per_floor":[112,112,124,84,100,135,155,218,297,297,312,46,46,46,46,146,146,162,90,90,100,100,100,115,115,115,125,125],"floor_reached":28,"playtime":530,"items_purged":["Defend_R"],"score":321,"play_id":"200ca38b-1457-444a-9e38-9787b1df24e0","local_time":"20190812024903","is_ascension_mode":true,"campfire_choices":[{"floor":10,"key":"REST"},{"data":"Perfected Strike","floor":15,"key":"SMITH"},{"floor":23,"key":"REST"},{"data":"Perfected Strike","floor":25,"key":"SMITH"}],"neow_cost":"NONE","seed_source_timestamp":86485880700265,"circlet_count":0,"master_deck":["Strike_R","Strike_R","Strike_R","Strike_R","Strike_R","Defend_R","Defend_R","Bash","Twin Strike","Twin Strike","Perfected Strike+1","Twin Strike","Perfected Strike+1","Demon Form+1","Twin Strike"],"relics":["Black Blood","NeowsBlessing","Regal Pillow","Nunchaku","Tiny Chest","Shuriken","DollysMirror","Darkstone Periapt"],"potions_floor_usage":[6,6,6,8,16,21,27,27,27],"damage_taken":[{"damage":0,"enemies":"Small Slimes","floor":1,"turns":1},{"damage":0,"enemies":"Cultist","floor":3,"turns":1},{"damage":0,"enemies":"2 Louse","floor":5,"turns":1},{"damage":25,"enemies":"Lagavulin","floor":6,"turns":5},{"damage":16,"enemies":"Exordium Thugs","floor":7,"turns":4},{"damage":40,"enemies":"3 Sentries","floor":8,"turns":7},{"damage":18,"enemies":"Large Slime","floor":11,"turns":4},{"damage":62,"enemies":"The Guardian","floor":16,"turns":8},{"damage":11,"enemies":"Spheric Guardian","floor":18,"turns":3},{"damage":38,"enemies":"Shell Parasite","floor":21,"turns":4},{"damage":20,"enemies":"Snecko","floor":24,"turns":4},{"damage":8,"enemies":"3 Cultists","floor":27,"turns":3},{"damage":87,"enemies":"Book of Stabbing","floor":28,"turns":4}],"seed_played":"-1761262262804422209","potions_obtained":[{"floor":3,"key":"Regen Potion"},{"floor":4,"key":"Energy Potion"},{"floor":4,"key":"Weak Potion"},{"floor":6,"key":"Dexterity Potion"},{"floor":7,"key":"FearPotion"},{"floor":16,"key":"Explosive Potion"},{"floor":18,"key":"PowerPotion"},{"floor":24,"key":"AttackPotion"},{"floor":27,"key":"FairyPotion"}],"is_trial":false,"path_per_floor":["M","?","M","?","M","E","M","E","T","R","M","$","?","?","R","B",null,"M","$","?","M","?","R","M","R","T","M","E"],"character_chosen":"IRONCLAD","items_purchased":["DollysMirror","BloodPotion"],"campfire_rested":2,"item_purchase_floors":[12,19],"current_hp_per_floor":[78,78,80,80,80,66,56,22,22,61,49,49,75,68,68,12,63,62,62,62,54,46,80,70,70,70,72,0],"gold":125,"neow_bonus":"THREE_ENEMY_KILL","is_prod":false,"is_daily":false,"chose_seed":false,"campfire_upgraded":2,"win_rate":0,"timestamp":1565596143,"path_taken":["M","?","?","?","M","E","?","E","T","R","M","$","?","?","R","BOSS","M","$","?","?","?","R","M","R","T","?","E"],"build_version":"2019-07-17","purchased_purges":1,"victory":false,"max_hp_per_floor":[80,80,80,80,80,80,80,80,80,80,80,80,80,80,80,80,80,80,80,80,80,80,80,80,80,80,80,80],"card_choices":[{"not_picked":["Armaments","Thunderclap"],"picked":"Clash","floor":1},{"not_picked":["Flame Barrier","Clothesline","Blood for Blood"],"picked":"SKIP","floor":3},{"not_picked":["Reckless Charge","Metallicize"],"picked":"Twin Strike","floor":5},{"not_picked":["Armaments","Iron Wave"],"picked":"Twin Strike","floor":6},{"not_picked":["Pummel","Shrug It Off","Armaments"],"picked":"SKIP","floor":7},{"not_picked":["Intimidate","Bloodletting"],"picked":"Perfected Strike","floor":8},{"not_picked":["Clash","Pommel Strike"],"picked":"Twin Strike","floor":11},{"not_picked":["Juggernaut","Barricade"],"picked":"Demon Form","floor":16},{"not_picked":["Sword Boomerang","Cleave","True Grit"],"picked":"SKIP","floor":18},{"not_picked":["Dual Wield","Heavy Blade","Warcry"],"picked":"SKIP","floor":21},{"not_picked":["Corruption+1","Second Wind","Sword Boomerang"],"picked":"SKIP","floor":24},{"not_picked":["Heavy Blade","Armaments"],"picked":"Twin Strike","floor":27}],"player_experience":286904,"relics_obtained":[{"floor":6,"key":"Nunchaku"},{"floor":8,"key":"Tiny Chest"},{"floor":9,"key":"Shuriken"},{"floor":26,"key":"Darkstone Periapt"}],"event_choices":[{"cards_removed":["Clash"],"damage_healed":0,"gold_gain":0,"player_choice":"Gave Card","damage_taken":0,"relics_obtained":["Regal Pillow"],"max_hp_gain":0,"max_hp_loss":0,"event_name":"WeMeetAgain","floor":2,"gold_loss":0},{"damage_healed":0,"gold_gain":0,"player_choice":"Bought 3 Potions","damage_taken":0,"max_hp_gain":0,"max_hp_loss":0,"event_name":"The Woman in Blue","floor":4,"gold_loss":0},{"damage_healed":26,"gold_gain":0,"player_choice":"Banana","damage_taken":0,"max_hp_gain":0,"max_hp_loss":0,"event_name":"Big Fish","floor":13,"gold_loss":0},{"cards_removed":["Defend_R"],"damage_healed":0,"gold_gain":0,"player_choice":"Card Removal","damage_taken":7,"max_hp_gain":0,"max_hp_loss":0,"event_name":"Golden Wing","floor":14,"gold_loss":0},{"damage_healed":0,"gold_gain":0,"player_choice":"Upgraded","damage_taken":0,"max_hp_gain":0,"max_hp_loss":0,"event_name":"Upgrade Shrine","floor":20,"gold_loss":0,"cards_upgraded":["Demon Form"]},{"damage_healed":0,"gold_gain":0,"player_choice":"Damaged","damage_taken":8,"max_hp_gain":0,"max_hp_loss":0,"event_name":"Wheel of Change","floor":22,"gold_loss":0}],"is_beta":false,"boss_relics":[{"not_picked":["Black Star","Astrolabe"],"picked":"Black Blood"}],"items_purged_floors":[12],"is_endless":false,"potions_floor_spawned":[3,6,7,16,18,24,27],"killed_by":"Book of Stabbing","ascension_level":6}