{"gold_per_floor":[216,291,7,18,18,44,44,72,72,82,96,113,113,130,130,235,235,248,264,21,21,21,21,46,46,71,71,86,86,11,45,45,45],"floor_reached":33,"playtime":1691,"items_purged":["Strike_G"],"score":308,"play_id":"dfdb217a-cb9d-48eb-8eb0-703accb70c62","local_time":"20190505152653","is_ascension_mode":true,"campfire_choices":[{"floor":7,"key":"REST"},{"floor":13,"key":"REST"},{"data":"Neutralize","floor":15,"key":"SMITH"},{"data":"After Image","floor":23,"key":"SMITH"},{"data":"Blade Dance","floor":25,"key":"SMITH"},{"floor":32,"key":"REST"}],"neow_cost":"NONE","seed_source_timestamp":101183019443600,"circlet_count":0,"master_deck":["Defend_G+1","Defend_G","Defend_G","Defend_G","Defend_G","Strike_G","Strike_G","Strike_G","Survivor","Neutralize+1","Accuracy+1","Well Laid Plans","Slice","Slice","Prepared","Backflip","Blade Dance+1","Deadly Poison","After Image+1","Finisher+1","Blade Dance+1","Accuracy","Crippling Poison+1"],"relics":["Ring of the Serpent","Mercury Hourglass","The Specimen","Bag of Marbles","Letter Opener","Matryoshka","Ginger","Juzu Bracelet","Happy Flower","Pear","Potion Belt"],"potions_floor_usage":[8,16,18,24,33],"damage_taken":[{"damage":0,"enemies":"2 Louse","floor":1,"turns":3},{"damage":0,"enemies":"Jaw Worm","floor":4,"turns":5},{"damage":24,"enemies":"Lagavulin","floor":6,"turns":9},{"damage":15,"enemies":"Gremlin Nob","floor":8,"turns":4},{"damage":0,"enemies":"Cultist","floor":10,"turns":2},{"damage":4,"enemies":"Exordium Thugs","floor":11,"turns":4},{"damage":0,"enemies":"Exordium Wildlife","floor":12,"turns":4},{"damage":4,"enemies":"Red Slaver","floor":14,"turns":3},{"damage":14,"enemies":"Hexaghost","floor":16,"turns":11},{"damage":9,"enemies":"2 Thieves","floor":18,"turns":5},{"damage":10,"enemies":"3 Byrds","floor":19,"turns":4},{"damage":17,"enemies":"Book of Stabbing","floor":24,"turns":6},{"damage":2,"enemies":"Centurion and Healer","floor":28,"turns":3},{"damage":14,"enemies":"Slavers","floor":31,"turns":5},{"damage":53,"enemies":"Champ","floor":33,"turns":7}],"seed_played":"-8244024693271148767","potions_obtained":[{"floor":1,"key":"GhostInAJar"},{"floor":6,"key":"Regen Potion"},{"floor":8,"key":"Fire Potion"},{"floor":12,"key":"PowerPotion"},{"floor":18,"key":"Explosive Potion"},{"floor":31,"key":"Fire Potion"}],"is_trial":false,"path_per_floor":["M","?","$","M","?","E","R","E","T","M","M","M","R","M","R","B",null,"M","M","$","?","?","R","E","R","T","$","M","?","$","E","R","B"],"character_chosen":"THE_SILENT","items_purchased":["Mercury Hourglass","Well Laid Plans","Matryoshka"],"campfire_rested":3,"item_purchase_floors":[3,3,20],"current_hp_per_floor":[70,59,59,59,45,21,42,32,32,32,28,28,49,45,45,31,70,61,51,51,51,51,51,34,34,34,34,32,42,42,28,52,0],"gold":45,"neow_bonus":"HUNDRED_GOLD","is_prod":false,"is_daily":false,"chose_seed":false,"campfire_upgraded":3,"win_rate":0,"timestamp":1557062813,"path_taken":["M","?","$","M","?","E","R","E","T","M","M","M","R","M","R","BOSS","M","M","$","?","?","R","E","R","T","$","M","?","?","E","R","BOSS"],"build_version":"2019-04-23","purchased_purges":1,"victory":false,"max_hp_per_floor":[70,70,70,70,70,70,70,70,70,70,70,70,70,70,70,70,70,70,70,70,70,70,70,70,70,70,70,70,80,80,80,80,80],"card_choices":[{"not_picked":["Escape Plan","Deflect"],"picked":"Accuracy","floor":1},{"not_picked":["Predator","Acrobatics"],"picked":"Slice","floor":4},{"not_picked":["Dash","Sucker Punch"],"picked":"Slice","floor":6},{"not_picked":["Flying Knee","All Out Attack"],"picked":"Prepared","floor":8},{"not_picked":["Sucker Punch","Tactician"],"picked":"Backflip","floor":10},{"not_picked":["Acrobatics","Deflect"],"picked":"Blade Dance","floor":11},{"not_picked":["Heel Hook","Well Laid Plans","Skewer"],"picked":"SKIP","floor":12},{"not_picked":["All Out Attack","Endless Agony"],"picked":"Deadly Poison","floor":14},{"not_picked":["Venomology","Malaise"],"picked":"After Image","floor":16},{"not_picked":["Blade Dance","Sucker Punch"],"picked":"Finisher+1","floor":18},{"not_picked":["Bane","Sucker Punch","Acrobatics"],"picked":"SKIP","floor":19},{"not_picked":["Noxious Fumes+1","Riddle With Holes"],"picked":"Blade Dance+1","floor":24},{"not_picked":["Bane","Deadly Poison"],"picked":"Accuracy","floor":28},{"not_picked":["Outmaneuver+1","Slice"],"picked":"Crippling Poison+1","floor":31}],"player_experience":61883,"relics_obtained":[{"floor":6,"key":"The Specimen"},{"floor":8,"key":"Bag of Marbles"},{"floor":9,"key":"Letter Opener"},{"floor":24,"key":"Ginger"},{"floor":26,"key":"Juzu Bracelet"},{"floor":26,"key":"Happy Flower"},{"floor":31,"key":"Potion Belt"}],"event_choices":[{"damage_healed":0,"gold_gain":75,"player_choice":"Gather Gold","damage_taken":11,"max_hp_gain":0,"max_hp_loss":0,"event_name":"World of Goop","floor":2,"gold_loss":0},{"damage_healed":0,"gold_gain":0,"player_choice":"Entered Light","damage_taken":14,"max_hp_gain":0,"max_hp_loss":0,"event_name":"Shining Light","floor":5,"gold_loss":0,"cards_upgraded":["Defend_G","Accuracy"]},{"damage_healed":0,"gold_gain":0,"player_choice":"Ignored","damage_taken":0,"max_hp_gain":0,"max_hp_loss":0,"event_name":"Beggar","floor":21,"gold_loss":0},{"cards_removed":["Strike_G"],"damage_healed":0,"gold_gain":0,"player_choice":"Purged","damage_taken":0,"max_hp_gain":0,"max_hp_loss":0,"event_name":"Purifier","floor":22,"gold_loss":0},{"damage_healed":0,"gold_gain":0,"player_choice":"Gave Potion","damage_taken":0,"relics_obtained":["Pear"],"max_hp_gain":0,"max_hp_loss":0,"event_name":"WeMeetAgain","floor":29,"gold_loss":0}],"is_beta":true,"boss_relics":[{"not_picked":["Lizard Tail","Velvet Choker"],"picked":"Ring of the Serpent"}],"items_purged_floors":[30],"is_endless":false,"potions_floor_spawned":[1,6,8,12,18,31],"killed_by":"Champ","ascension_level":1}