{"gold_per_floor":[118,118,128,140,158,188,188,223,246,246,321,291,323,340,340,435,435,452,51,68,68,68,97,25,25,25,44,44,55,55,88,100,112],"floor_reached":33,"playtime":1764,"items_purged":[],"score":343,"play_id":"38f1696f-6c14-4e92-a0da-dd150d376aae","local_time":"20191020161545","is_ascension_mode":true,"campfire_choices":[{"data":"Anger","floor":7,"key":"SMITH"},{"data":"Metallicize","floor":10,"key":"SMITH"},{"data":"Searing Blow","floor":15,"key":"SMITH"},{"floor":25,"key":"RECALL"},{"data":"Searing Blow+1","floor":28,"key":"SMITH"},{"data":"Wild Strike","floor":30,"key":"SMITH"},{"data":"Searing Blow+2","floor":32,"key":"SMITH"}],"neow_cost":"NONE","seed_source_timestamp":2137411210366815,"circlet_count":0,"master_deck":["Defend_R","Defend_R","Defend_R","Defend_R","Bash","Anger+1","Metallicize","Flex","Armaments","Pommel Strike","Metallicize+1","Searing Blow+3","True Grit","Impervious","Body Slam","Metallicize","Flame Barrier","Body Slam+1","Bite","Bite","Bite","Bite","Bite","Wild Strike+1","Anger","Armaments","Anger","True Grit+1","Rampage"],"relics":["Burning Blood","Anchor","Bottled Tornado","Omamori","Matryoshka","Eternal Feather","Bottled Flame","MutagenicStrength","Orichalcum","Pen Nib","Toxic Egg 2","MawBank"],"potions_floor_usage":[8,8,16,27,31,33,33],"damage_taken":[{"damage":8,"enemies":"Small Slimes","floor":1,"turns":4},{"damage":10,"enemies":"Cultist","floor":3,"turns":4},{"damage":10,"enemies":"2 Louse","floor":4,"turns":3},{"damage":4,"enemies":"Exordium Thugs","floor":5,"turns":5},{"damage":24,"enemies":"3 Sentries","floor":6,"turns":10},{"damage":11,"enemies":"Gremlin Nob","floor":8,"turns":4},{"damage":5,"enemies":"3 Sentries","floor":13,"turns":12},{"damage":1,"enemies":"Looter","floor":14,"turns":3},{"damage":35,"enemies":"Hexaghost","floor":16,"turns":15},{"damage":24,"enemies":"3 Byrds","floor":18,"turns":9},{"damage":6,"enemies":"Spheric Guardian","floor":20,"turns":8},{"damage":67,"enemies":"Book of Stabbing","floor":23,"turns":10},{"damage":10,"enemies":"Snecko","floor":27,"turns":8},{"damage":42,"enemies":"Shelled Parasite and Fungi","floor":29,"turns":10},{"damage":42,"enemies":"Slavers","floor":31,"turns":11},{"damage":55,"enemies":"Champ","floor":33,"turns":13}],"seed_played":"-3444361368287096594","potions_obtained":[{"floor":3,"key":"FairyPotion"},{"floor":5,"key":"Fire Potion"},{"floor":6,"key":"AttackPotion"},{"floor":12,"key":"Weak Potion"},{"floor":12,"key":"Dexterity Potion"},{"floor":23,"key":"Weak Potion"},{"floor":29,"key":"Dexterity Potion"},{"floor":31,"key":"Poison Potion"}],"is_trial":false,"path_per_floor":["M","?","M","M","M","E","R","E","T","R","?","?","E","M","R","B",null,"M","$","M","?","?","E","$","R","T","M","R","M","R","E","R","B"],"character_chosen":"IRONCLAD","items_purchased":["Metallicize","Bottled Flame","Flame Barrier","Anger","Armaments"],"campfire_rested":0,"item_purchase_floors":[19,19,19,24,24],"current_hp_per_floor":[86,86,82,78,80,62,62,57,57,57,46,46,47,52,52,23,88,70,70,70,61,61,14,14,29,29,39,54,32,47,27,42,0],"gold":112,"neow_bonus":"TEN_PERCENT_HP_BONUS","is_prod":false,"is_daily":false,"chose_seed":false,"campfire_upgraded":6,"win_rate":0,"timestamp":1571602545,"path_taken":["M","?","?","M","M","E","R","E","T","R","?","?","E","?","R","BOSS","M","$","M","?","?","E","?","R","T","M","R","?","R","E","R","BOSS"],"build_version":"2019-07-17","purchased_purges":0,"victory":false,"max_hp_per_floor":[88,88,88,88,88,88,88,88,88,88,88,88,88,88,88,88,88,88,88,88,61,61,61,61,61,61,61,61,61,61,61,61,61],"card_choices":[{"not_picked":["Warcry","Sword Boomerang"],"picked":"Anger","floor":1},{"not_picked":["Rupture","Anger"],"picked":"Metallicize","floor":3},{"not_picked":["Perfected Strike","Wild Strike"],"picked":"Flex","floor":4},{"not_picked":["Warcry","Anger"],"picked":"Armaments","floor":5},{"not_picked":["Dropkick","Power Through"],"picked":"Pommel Strike","floor":6},{"not_picked":["Double Tap","Sword Boomerang"],"picked":"Metallicize","floor":8},{"not_picked":["Power Through","Disarm"],"picked":"Searing Blow","floor":13},{"not_picked":["Heavy Blade","Perfected Strike"],"picked":"True Grit","floor":14},{"not_picked":["Berserk","Reaper"],"picked":"Impervious","floor":16},{"not_picked":["Entrench+1","Clothesline+1"],"picked":"Body Slam","floor":18},{"not_picked":["Armaments","Clash+1"],"picked":"Body Slam+1","floor":20},{"not_picked":["Body Slam","Thunderclap+1"],"picked":"Wild Strike","floor":23},{"not_picked":["Entrench+1","Warcry+1"],"picked":"Anger","floor":27},{"not_picked":["Bloodletting+1","Burning Pact+1"],"picked":"True Grit+1","floor":29},{"not_picked":["Sever Soul","Sword Boomerang"],"picked":"Rampage","floor":31}],"player_experience":44239,"relics_obtained":[{"floor":6,"key":"Matryoshka"},{"floor":8,"key":"Anchor"},{"floor":9,"key":"Omamori"},{"floor":13,"key":"Bottled Tornado"},{"floor":23,"key":"Orichalcum"},{"floor":26,"key":"Pen Nib"},{"floor":26,"key":"Toxic Egg 2"},{"floor":31,"key":"MawBank"}],"event_choices":[{"cards_removed":["Strike_R"],"damage_healed":0,"gold_gain":0,"player_choice":"Offered Basic","damage_taken":0,"max_hp_gain":0,"max_hp_loss":0,"event_name":"Bonfire Elementals","floor":2,"gold_loss":0},{"damage_healed":0,"gold_gain":75,"player_choice":"Gather Gold","damage_taken":11,"max_hp_gain":0,"max_hp_loss":0,"event_name":"World of Goop","floor":11,"gold_loss":0},{"damage_healed":0,"gold_gain":0,"player_choice":"Bought 2 Potions","damage_taken":0,"max_hp_gain":0,"max_hp_loss":0,"event_name":"The Woman in Blue","floor":12,"gold_loss":0},{"damage_healed":0,"gold_gain":0,"player_choice":"Became a vampire","damage_taken":0,"max_hp_gain":0,"max_hp_loss":27,"event_name":"Vampires","floor":21,"gold_loss":0,"cards_obtained":["Bite","Bite","Bite","Bite","Bite"]},{"damage_healed":0,"gold_gain":0,"player_choice":"Inject Mutagens","damage_taken":0,"relics_obtained":["MutagenicStrength"],"max_hp_gain":0,"max_hp_loss":0,"event_name":"Drug Dealer","floor":22,"gold_loss":0}],"is_beta":false,"boss_relics":[{"not_picked":["Astrolabe","Velvet Choker"],"picked":"Eternal Feather"}],"items_purged_floors":[],"is_endless":false,"potions_floor_spawned":[3,5,6,23,29,31],"killed_by":"Champ","ascension_level":1}