{"gold_per_floor":[115,115,131,146,132,166,13,13,13,30,47,62,62,92,92,192,192,204,214,229,229,246,271,271,305,305,154,154,154,166,66,66,164,164,175,450,462,2,2,2],"floor_reached":40,"playtime":1939,"items_purged":["Strike_B","Shame","Regret"],"score":537,"play_id":"0e759b41-6b8f-4563-8615-6295984f52d4","local_time":"20190527225759","is_ascension_mode":true,"campfire_choices":[{"floor":8.0,"key":"REST"},{"data":"Redo","floor":13.0,"key":"SMITH"},{"floor":15.0,"key":"REST"},{"floor":24.0,"key":"REST"},{"data":"Loop","floor":32.0,"key":"SMITH"}],"neow_cost":"NONE","seed_source_timestamp":620637825723900,"circlet_count":0,"master_deck":["Strike_B","Strike_B","Defend_B","Defend_B","Defend_B","Defend_B","Zap","Dualcast","Panacea","Cold Snap","Doom and Gloom","Consume","Skim","Echo Form","Redo+1","Cold Snap","Leap","Beam Cell","Multi-Cast","Barrage+1","Sunder","Redo","Seek","Genetic Algorithm+1","BootSequence","Capacitor","Loop+1","Skim+1","Darkness+1","Leap+1","Self Repair+1","Undo"],"special_seed":0,"relics":["Cracked Core","Incense Burner","Cables","Mercury Hourglass","Sozu","Meat on the Bone","Juzu Bracelet","Ornamental Fan","Boot","Black Star","Blood Vial","Orichalcum"],"potions_floor_usage":[],"damage_taken":[{"damage":1.0,"enemies":"2 Louse","floor":1.0,"turns":2.0},{"damage":5.0,"enemies":"Small Slimes","floor":3.0,"turns":4.0},{"damage":0.0,"enemies":"Cultist","floor":4.0,"turns":3.0},{"damage":27.0,"enemies":"Exordium Thugs","floor":5.0,"turns":5.0},{"damage":30.0,"enemies":"Lagavulin","floor":6.0,"turns":6.0},{"damage":0.0,"enemies":"Large Slime","floor":10.0,"turns":4.0},{"damage":12.0,"enemies":"3 Louse","floor":11.0,"turns":3.0},{"damage":8.0,"enemies":"Gremlin Gang","floor":12.0,"turns":6.0},{"damage":21.0,"enemies":"Gremlin Nob","floor":14.0,"turns":5.0},{"damage":0.0,"enemies":"Slime Boss","floor":16.0,"turns":7.0},{"damage":15.0,"enemies":"Shell Parasite","floor":18.0,"turns":5.0},{"damage":12.0,"enemies":"Chosen","floor":19.0,"turns":5.0},{"damage":23.0,"enemies":"Snecko","floor":20.0,"turns":4.0},{"damage":0.0,"enemies":"Snake Plant","floor":22.0,"turns":2.0},{"damage":16.0,"enemies":"Gremlin Leader","floor":23.0,"turns":7.0},{"damage":9.0,"enemies":"Book of Stabbing","floor":25.0,"turns":3.0},{"damage":14.0,"enemies":"Sentry and Sphere","floor":30.0,"turns":4.0},{"damage":31,"enemies":"Champ","floor":33,"turns":9},{"damage":12,"enemies":"3 Shapes","floor":35,"turns":3},{"damage":61,"enemies":"3 Darklings","floor":37,"turns":4},{"damage":20,"enemies":"Reptomancer","floor":40,"turns":2}],"seed_played":"3584211474898199706","potions_obtained":[{"floor":4.0,"key":"LiquidBronze"},{"floor":6.0,"key":"EssenceOfSteel"},{"floor":10.0,"key":"Regen Potion"},{"floor":11.0,"key":"Regen Potion"}],"is_trial":false,"path_per_floor":["M","?","M","M","M","E","$","R","T","M","M","M","R","E","R","B",null,"M","M","M","?","M","E","R","E","T","$","?","?","M","$","R","B",null,"M","?","M","$","?","E"],"character_chosen":"DEFECT","items_purchased":["Echo Form","Capacitor","Undo","Blood Vial","Orichalcum"],"campfire_rested":3,"item_purchase_floors":[7,27,38,38,38],"current_hp_per_floor":[74,67,62,62,35,5,5,27,27,27,24,31,31,10,32,32,75,60,48,25,25,25,9,31,34,34,34,34,34,32,32,32,13,75,63,63,14,14,14,0],"gold":2,"neow_bonus":"RANDOM_COLORLESS","is_prod":false,"is_daily":false,"chose_seed":false,"campfire_upgraded":2,"win_rate":0,"timestamp":1558990679,"path_taken":["M","?","M","M","M","E","$","R","T","M","M","M","R","E","R","BOSS","M","M","M","?","?","E","R","E","T","$","?","?","M","$","R","BOSS","M","?","M","$","?","E"],"build_version":"2019-05-26","purchased_purges":3,"victory":false,"max_hp_per_floor":[75,75,75,75,75,75,75,75,75,75,75,75,75,75,75,75,75,75,75,75,75,75,75,75,75,75,75,75,75,75,75,75,75,75,75,75,75,75,75,75],"card_choices":[{"not_picked":["Barrage","Leap"],"picked":"Cold Snap","floor":1.0},{"not_picked":["Streamline","Scrape"],"picked":"Doom and Gloom","floor":3.0},{"not_picked":["Lockon","Leap"],"picked":"Consume","floor":4.0},{"not_picked":["Coolheaded","Gash"],"picked":"Rebound","floor":5.0},{"not_picked":["Aggregate","Turbo"],"picked":"Skim","floor":6.0},{"not_picked":["Streamline","Stack"],"picked":"Redo","floor":10.0},{"not_picked":["Chaos","Streamline"],"picked":"Cold Snap","floor":11.0},{"not_picked":["Turbo","Steam"],"picked":"Leap","floor":12.0},{"not_picked":["Gash","Ball Lightning"],"picked":"Beam Cell","floor":14.0},{"not_picked":["Hyperbeam","Echo Form"],"picked":"Multi-Cast","floor":16.0},{"not_picked":["Sweeping Beam","Compile Driver"],"picked":"Barrage+1","floor":18.0},{"not_picked":["Skim","Barrage"],"picked":"Sunder","floor":19.0},{"not_picked":["Ball Lightning","Heatsinks+1"],"picked":"Redo","floor":20.0},{"not_picked":["Rip and Tear","Scrape"],"picked":"Genetic Algorithm+1","floor":22.0},{"not_picked":["Gash","Storm+1"],"picked":"BootSequence","floor":23.0},{"not_picked":["Blizzard+1","Steam","Consume"],"picked":"SKIP","floor":25.0},{"not_picked":["Stack","Beam Cell"],"picked":"Skim+1","floor":30.0},{"not_picked":["Thunder Strike","Meteor Strike"],"picked":"Darkness+1","floor":33},{"not_picked":["Redo","Cold Snap"],"picked":"Leap+1","floor":35},{"not_picked":["Streamline","Redo"],"picked":"Self Repair+1","floor":37}],"player_experience":80981,"relics_obtained":[{"floor":6.0,"key":"Incense Burner"},{"floor":9.0,"key":"Cables"},{"floor":14.0,"key":"Mercury Hourglass"},{"floor":23.0,"key":"Meat on the Bone"},{"floor":25.0,"key":"Juzu Bracelet"},{"floor":26.0,"key":"Ornamental Fan"}],"event_choices":[{"cards_removed":["Strike_B"],"damage_healed":0.0,"max_hp_gain":0.0,"max_hp_loss":0.0,"gold_gain":0.0,"event_name":"Golden Wing","player_choice":"Card Removal","floor":2.0,"gold_loss":0.0,"damage_taken":7.0},{"damage_healed":0.0,"max_hp_gain":0.0,"max_hp_loss":0.0,"gold_gain":0.0,"event_name":"Match and Keep!","player_choice":"1 cards matched","floor":21.0,"gold_loss":0.0,"damage_taken":0.0,"cards_obtained":["Seek"]},{"damage_healed":0.0,"max_hp_gain":0.0,"max_hp_loss":0.0,"gold_gain":0.0,"event_name":"The Library","player_choice":"Read","floor":28.0,"gold_loss":0.0,"damage_taken":0.0,"cards_obtained":["Loop"]},{"damage_healed":0.0,"max_hp_gain":0.0,"max_hp_loss":0.0,"gold_gain":0.0,"event_name":"Addict","player_choice":"Stole Relic","floor":29.0,"gold_loss":0.0,"damage_taken":0.0,"relics_obtained":["Boot"],"cards_obtained":["Shame"]},{"damage_healed":0,"gold_gain":275,"player_choice":"Desecrate","damage_taken":0,"max_hp_gain":0,"max_hp_loss":0,"event_name":"Golden Shrine","floor":36,"gold_loss":0,"cards_obtained":["Regret"]},{"cards_removed":["Rebound"],"damage_healed":0,"gold_gain":0,"player_choice":"Removed Attack","damage_taken":0,"max_hp_gain":0,"max_hp_loss":0,"event_name":"Falling","floor":39,"gold_loss":0}],"is_beta":true,"boss_relics":[{"not_picked":["Orrery","Runic Dome"],"picked":"Sozu"},{"not_picked":["Tiny House","Busted Crown"],"picked":"Black Star"}],"items_purged_floors":[27,31,38],"is_endless":false,"potions_floor_spawned":[4,6,10,11,18,19,22,25,33,35],"killed_by":"Reptomancer","ascension_level":2}