{"gold_per_floor":[110,6,6,25,125,125,143,143,166,116,33,47,47,47,47,143,143,154,167,167,167],"floor_reached":21,"playtime":680,"items_purged":[],"score":267,"play_id":"7c34360b-f317-46d9-8162-eee501e85064","local_time":"20191019213423","is_ascension_mode":true,"campfire_choices":[{"floor":6.0,"key":"REST"},{"floor":8.0,"key":"REST"},{"data":"Uppercut","floor":15.0,"key":"SMITH"}],"neow_cost":"PERCENT_DAMAGE","seed_source_timestamp":0,"circlet_count":0,"master_deck":["AscendersBane","Strike_R","Strike_R","Strike_R+1","Strike_R","Defend_R+1","Defend_R","Defend_R","Defend_R","Deep Breath","Magnetism","Spot Weakness","Clash","Warcry","Discovery+1","Uppercut+1","Reaper","Warcry","Combust"],"special_seed":0,"relics":["Burning Blood","Smiling Mask","Happy Flower","Runic Cube"],"potions_floor_usage":[21],"damage_taken":[{"damage":11.0,"enemies":"2 Louse","floor":1.0,"turns":3.0},{"damage":13.0,"enemies":"Jaw Worm","floor":4.0,"turns":5.0},{"damage":1.0,"enemies":"Cultist","floor":7.0,"turns":3.0},{"damage":0.0,"enemies":"2 Fungi Beasts","floor":12.0,"turns":1.0},{"damage":75.0,"enemies":"Slime Boss","floor":16.0,"turns":10.0},{"damage":44.0,"enemies":"3 Byrds","floor":18.0,"turns":6.0},{"damage":25.0,"enemies":"Spheric Guardian","floor":19.0,"turns":5.0},{"damage":39,"enemies":"Cultist and Chosen","floor":21,"turns":6}],"seed_played":"-4332471492018044666","potions_obtained":[{"floor":4.0,"key":"Explosive Potion"},{"floor":7.0,"key":"SteroidPotion"},{"floor":12.0,"key":"BloodPotion"},{"floor":16.0,"key":"PowerPotion"},{"floor":19.0,"key":"Poison Potion"}],"is_trial":false,"path_per_floor":["M","$","?","M","?","R","M","R","T","?","$","M","?","?","R","B",null,"M","M","?","M"],"character_chosen":"IRONCLAD","items_purchased":["Spot Weakness","Clash","Discovery"],"campfire_rested":2,"item_purchase_floors":[2,2,11],"current_hp_per_floor":[46,46,30,23,23,47,52,76,76,76,76,80,73,73,73,24,66,37,26,26,0],"gold":167,"neow_bonus":"RANDOM_COLORLESS_2","is_prod":false,"is_daily":false,"chose_seed":false,"campfire_upgraded":1,"win_rate":0,"timestamp":1571535263,"path_taken":["M","$","?","M","?","R","?","R","T","?","?","?","?","?","R","BOSS","M","?","?","M"],"build_version":"2019-07-17","purchased_purges":0,"victory":false,"max_hp_per_floor":[80,80,80,80,80,80,80,80,80,80,80,80,80,80,80,80,80,80,80,80,80],"card_choices":[{"not_picked":["Dropkick","Reckless Charge"],"picked":"Thunderclap","floor":1.0},{"not_picked":["Wild Strike","Sword Boomerang"],"picked":"Warcry","floor":4.0},{"not_picked":["Clothesline","Thunderclap","Wild Strike"],"picked":"SKIP","floor":7.0},{"not_picked":["Sever Soul","Anger"],"picked":"Uppercut","floor":12.0},{"not_picked":["Berserk","Feed"],"picked":"Reaper","floor":16.0},{"not_picked":["Sentinel","Anger"],"picked":"Warcry","floor":18.0},{"not_picked":["Sever Soul","Blood for Blood+1"],"picked":"Combust","floor":19.0}],"player_experience":731049,"relics_obtained":[{"floor":9.0,"key":"Smiling Mask"}],"event_choices":[{"damage_healed":0.0,"max_hp_gain":0.0,"max_hp_loss":0.0,"gold_gain":0.0,"event_name":"Shining Light","player_choice":"Entered Light","floor":3.0,"gold_loss":0.0,"damage_taken":16.0,"cards_upgraded":["Defend_R","Strike_R"]},{"damage_healed":0.0,"max_hp_gain":0.0,"max_hp_loss":0.0,"gold_gain":100.0,"event_name":"Golden Shrine","player_choice":"Pray","floor":5.0,"gold_loss":0.0,"damage_taken":0.0},{"cards_removed":["Strike_R"],"damage_healed":0.0,"max_hp_gain":0.0,"max_hp_loss":0.0,"gold_gain":0.0,"event_name":"The Cleric","player_choice":"Card Removal","floor":10.0,"gold_loss":50.0,"damage_taken":0.0},{"cards_removed":["Bash"],"damage_healed":0.0,"max_hp_gain":0.0,"max_hp_loss":0.0,"gold_gain":0.0,"event_name":"Golden Wing","player_choice":"Card Removal","floor":13.0,"gold_loss":0.0,"damage_taken":7.0},{"cards_removed":["Thunderclap"],"damage_healed":0.0,"max_hp_gain":0.0,"max_hp_loss":0.0,"gold_gain":0.0,"event_name":"WeMeetAgain","player_choice":"Gave Card","floor":14.0,"gold_loss":0.0,"damage_taken":0.0,"relics_obtained":["Happy Flower"]},{"damage_healed":0.0,"max_hp_gain":0.0,"max_hp_loss":0.0,"gold_gain":0.0,"event_name":"Upgrade Shrine","player_choice":"Upgraded","floor":20.0,"gold_loss":0.0,"damage_taken":0.0,"cards_upgraded":["Discovery"]}],"is_beta":false,"boss_relics":[{"not_picked":["Snecko Eye","White Beast Statue"],"picked":"Runic Cube"}],"items_purged_floors":[],"is_endless":false,"potions_floor_spawned":[4,7,12,16,19],"killed_by":"Cultist and Chosen","ascension_level":12}