{"gold_per_floor":[118,193,213,101,101,101,101,133,133,133,149,149,167,178,178,282,282,295,312,126,126,139,139,170,170,170,203,223,98,98,113,113,113],"floor_reached":33,"playtime":1173,"items_purged":["Strike_R","Strike_R","Defend_R"],"score":372,"play_id":"4e14a875-6ee5-4f5a-87c9-d62b0b890312","local_time":"20190905213350","is_ascension_mode":true,"campfire_choices":[{"data":"Barricade","floor":6,"key":"SMITH"},{"data":"Rampage","floor":10,"key":"SMITH"},{"data":"Uppercut","floor":12,"key":"SMITH"},{"data":"Armaments","floor":15,"key":"SMITH"},{"data":"Body Slam","floor":23,"key":"SMITH"},{"floor":25,"key":"REST"},{"floor":32,"key":"DIG"}],"neow_cost":"NONE","seed_source_timestamp":1759461720606600,"circlet_count":0,"master_deck":["Defend_R+1","Defend_R+1","Bash","Seeing Red","Barricade+1","Uppercut+1","Rampage+1","Shrug It Off","Armaments+1","Double Tap","Body Slam+1","Bandage Up","Battle Trance"],"relics":["Burning Blood","NeowsBlessing","Self Forming Clay","Mercury Hourglass","Empty Cage","Anchor","Kunai","Shovel","Blood Vial"],"potions_floor_usage":[18,22,24,27,28],"damage_taken":[{"damage":0,"enemies":"Cultist","floor":1,"turns":1},{"damage":0,"enemies":"2 Louse","floor":3,"turns":1},{"damage":0,"enemies":"Gremlin Nob","floor":8,"turns":1},{"damage":2,"enemies":"Jaw Worm","floor":11,"turns":3},{"damage":0,"enemies":"3 Louse","floor":13,"turns":3},{"damage":2,"enemies":"2 Fungi Beasts","floor":14,"turns":3},{"damage":35,"enemies":"Hexaghost","floor":16,"turns":12},{"damage":14,"enemies":"2 Thieves","floor":18,"turns":4},{"damage":16,"enemies":"Shell Parasite","floor":19,"turns":4},{"damage":10,"enemies":"Snake Plant","floor":22,"turns":3},{"damage":65,"enemies":"Book of Stabbing","floor":24,"turns":7},{"damage":33,"enemies":"Slavers","floor":27,"turns":6},{"damage":0,"enemies":"3 Cultists","floor":28,"turns":4},{"damage":6,"enemies":"Shelled Parasite and Fungi","floor":31,"turns":4},{"damage":40,"enemies":"Collector","floor":33,"turns":7}],"seed_played":"-5495800370529662564","potions_obtained":[{"floor":1,"key":"Fire Potion"},{"floor":13,"key":"Ancient Potion"},{"floor":14,"key":"FearPotion"},{"floor":18,"key":"LiquidBronze"},{"floor":22,"key":"Swift Potion"},{"floor":27,"key":"AttackPotion"}],"is_trial":false,"path_per_floor":["M","?","M","$","?","R","?","E","T","R","M","R","M","M","R","B",null,"M","M","$","?","M","R","E","R","T","E","M","$","?","M","R","B"],"character_chosen":"IRONCLAD","items_purchased":["Seeing Red","Bandage Up"],"campfire_rested":1,"item_purchase_floors":[4,20],"current_hp_per_floor":[80,69,75,75,75,75,75,80,80,80,80,80,80,80,80,51,80,72,62,62,62,62,62,7,31,31,8,18,18,18,22,22,0],"gold":113,"neow_bonus":"THREE_ENEMY_KILL","is_prod":false,"is_daily":false,"chose_seed":false,"campfire_upgraded":5,"win_rate":0,"timestamp":1567712030,"path_taken":["M","?","M","$","?","R","?","E","T","R","M","R","?","M","R","BOSS","M","M","$","?","M","R","E","R","T","E","M","$","?","M","R","BOSS"],"build_version":"2019-08-26","purchased_purges":3,"victory":false,"max_hp_per_floor":[80,80,80,80,80,80,80,80,80,80,80,80,80,80,80,80,80,80,80,80,80,80,80,80,80,80,80,80,80,80,80,80,80],"card_choices":[{"not_picked":["Second Wind","Corruption","Wild Strike"],"picked":"SKIP","floor":1},{"not_picked":["Perfected Strike","Anger","Flex"],"picked":"SKIP","floor":3},{"not_picked":["Disarm","Infernal Blade"],"picked":"Rampage","floor":8},{"not_picked":["Armaments","Flex"],"picked":"Shrug It Off","floor":11},{"not_picked":["Perfected Strike","Clash","Cleave"],"picked":"SKIP","floor":13},{"not_picked":["Shrug It Off","Disarm"],"picked":"Armaments","floor":14},{"not_picked":["Impervious","Reaper"],"picked":"Double Tap","floor":16},{"not_picked":["Pommel Strike+1","Warcry+1","Thunderclap+1"],"picked":"SKIP","floor":18},{"not_picked":["Evolve","Rupture"],"picked":"Body Slam","floor":19},{"not_picked":["True Grit","Havoc","Dropkick"],"picked":"SKIP","floor":22},{"not_picked":["Warcry","Clash","Heavy Blade"],"picked":"SKIP","floor":24},{"not_picked":["Twin Strike","Anger","Warcry+1"],"picked":"SKIP","floor":27},{"not_picked":["Burning Pact","Anger","Armaments+1"],"picked":"SKIP","floor":28},{"not_picked":["Clash","Armaments","True Grit+1"],"picked":"SKIP","floor":31}],"player_experience":148451,"relics_obtained":[{"floor":8,"key":"Self Forming Clay"},{"floor":9,"key":"Mercury Hourglass"},{"floor":24,"key":"Anchor"},{"floor":26,"key":"Kunai"},{"floor":27,"key":"Shovel"},{"floor":32,"key":"Blood Vial"}],"event_choices":[{"damage_healed":0,"gold_gain":75,"player_choice":"Gather Gold","damage_taken":11,"max_hp_gain":0,"max_hp_loss":0,"event_name":"World of Goop","floor":2,"gold_loss":0},{"damage_healed":0,"gold_gain":0,"cards_transformed":["Strike_R"],"player_choice":"Change","damage_taken":0,"max_hp_gain":0,"max_hp_loss":0,"event_name":"Living Wall","floor":5,"gold_loss":0,"cards_obtained":["Barricade"]},{"damage_healed":0,"gold_gain":0,"cards_transformed":["Strike_R"],"player_choice":"Transformed","damage_taken":0,"max_hp_gain":0,"max_hp_loss":0,"event_name":"Transmorgrifier","floor":7,"gold_loss":0,"cards_obtained":["Uppercut"]},{"damage_healed":0,"gold_gain":0,"player_choice":"Read","damage_taken":0,"max_hp_gain":0,"max_hp_loss":0,"event_name":"The Library","floor":21,"gold_loss":0,"cards_obtained":["Battle Trance"]},{"damage_healed":0,"gold_gain":0,"player_choice":"Simplicity","damage_taken":0,"max_hp_gain":0,"max_hp_loss":0,"event_name":"Back to Basics","floor":30,"gold_loss":0,"cards_upgraded":["Defend_R","Defend_R"]}],"is_beta":true,"boss_relics":[{"not_picked":["Eternal Feather","Coffee Dripper"],"picked":"Empty Cage"}],"items_purged_floors":[4,20,29],"is_endless":false,"potions_floor_spawned":[1,13,14,18,22,27],"killed_by":"Collector","ascension_level":4}