{"gold_per_floor":[16,26,39,39,39,39,56,91,91,107,107,107,136,148,148,251,251,271,255,33,33,33,33,45,45,45,45,59,87,87,13,13,13],"floor_reached":33,"playtime":1457,"items_purged":[],"score":325,"play_id":"390de204-1dbe-45cd-b293-f1fcb65e5973","local_time":"20190504003511","is_ascension_mode":false,"campfire_choices":[{"data":"Rainbow","floor":6,"key":"SMITH"},{"data":"Hologram","floor":12,"key":"SMITH"},{"data":"Reprogram","floor":15,"key":"SMITH"},{"data":"Redo","floor":23,"key":"SMITH"},{"data":"Aggregate","floor":25,"key":"SMITH"},{"floor":32,"key":"REST"}],"neow_cost":"NO_GOLD","seed_source_timestamp":1386448049763700,"circlet_count":0,"master_deck":["Zap","Dualcast","Rainbow+1","Hologram","Self Repair","Hologram","Redo+1","Hologram+1","Reprogram+1","Compile Driver","Barrage","Auto Shields","Rainbow","Buffer","Ball Lightning","Aggregate+1","Glacier","Hologram","Conserve Battery","Compile Driver","Capacitor","Bite","Bite","Bite","Bite","Bite","Ball Lightning","Barrage","Consume","Jack Of All Trades","Self Repair","Chaos"],"relics":["Cracked Core","Lantern","Meat on the Bone","Ginger","Pandora\u0027s Box","Juzu Bracelet","Nilry\u0027s Codex","Omamori","Bottled Lightning"],"potions_floor_usage":[16,18],"damage_taken":[{"damage":0,"enemies":"Small Slimes","floor":1,"turns":3},{"damage":0,"enemies":"2 Louse","floor":2,"turns":2},{"damage":1,"enemies":"Cultist","floor":3,"turns":3},{"damage":10,"enemies":"Looter","floor":7,"turns":4},{"damage":30,"enemies":"3 Sentries","floor":8,"turns":9},{"damage":19,"enemies":"Lots of Slimes","floor":10,"turns":4},{"damage":19,"enemies":"Lagavulin","floor":13,"turns":8},{"damage":10,"enemies":"Large Slime","floor":14,"turns":5},{"damage":18,"enemies":"Slime Boss","floor":16,"turns":12},{"damage":19,"enemies":"3 Byrds","floor":18,"turns":3},{"damage":23,"enemies":"2 Thieves","floor":19,"turns":4},{"damage":42,"enemies":"Centurion and Healer","floor":24,"turns":9},{"damage":7,"enemies":"Snecko","floor":28,"turns":6},{"damage":41,"enemies":"Book of Stabbing","floor":29,"turns":5},{"damage":39,"enemies":"Automaton","floor":33,"turns":4}],"seed_played":"-2789206393315059780","potions_obtained":[{"floor":7,"key":"FairyPotion"},{"floor":10,"key":"EssenceOfSteel"},{"floor":16,"key":"LiquidBronze"},{"floor":24,"key":"FocusPotion"},{"floor":29,"key":"SteroidPotion"}],"is_trial":false,"path_per_floor":["M","M","M","?","?","R","M","E","T","M","?","R","E","M","R","B",null,"M","M","$","?","?","R","M","R","T","?","M","E","?","$","R","B"],"character_chosen":"DEFECT","items_purchased":["Capacitor","Juzu Bracelet","Chaos"],"campfire_rested":1,"item_purchase_floors":[20,20,31],"current_hp_per_floor":[75,75,75,68,68,68,65,42,42,42,42,42,42,51,51,52,75,63,47,47,31,31,31,22,22,22,22,36,17,17,17,32,0],"gold":13,"neow_bonus":"THREE_RARE_CARDS","is_prod":false,"is_daily":false,"chose_seed":false,"campfire_upgraded":5,"win_rate":0.0,"timestamp":1556922911,"path_taken":["M","M","M","?","?","R","M","E","T","?","?","R","E","M","R","BOSS","M","M","?","?","?","R","M","R","T","?","M","E","?","?","R","BOSS"],"build_version":"2019-04-23","purchased_purges":0,"victory":false,"max_hp_per_floor":[75,75,75,75,75,75,75,75,75,75,75,75,75,75,75,75,75,75,75,75,75,52,52,52,52,52,52,52,52,52,52,52,52],"card_choices":[{"not_picked":["Multi-Cast","Amplify"],"picked":"Rainbow","floor":0},{"not_picked":["Streamline","Beam Cell"],"picked":"Hologram","floor":1},{"not_picked":["Reprogram","Leap"],"picked":"Self Repair","floor":2},{"not_picked":["Rebound","Compile Driver"],"picked":"Hologram","floor":3},{"not_picked":["Ball Lightning","Redo"],"picked":"Hologram","floor":7},{"not_picked":["All For One","Coolheaded"],"picked":"Reprogram","floor":8},{"not_picked":["Beam Cell","Blizzard"],"picked":"Compile Driver","floor":10},{"not_picked":["Redo","Streamline"],"picked":"Barrage","floor":13},{"not_picked":["Scrape","Cold Snap"],"picked":"Auto Shields","floor":14},{"not_picked":["Machine Learning","Thunder Strike"],"picked":"Rainbow","floor":16},{"not_picked":["Stack","Ball Lightning"],"picked":"Conserve Battery","floor":18},{"not_picked":["Redo","Steam"],"picked":"Compile Driver","floor":19},{"not_picked":["Hologram","Go for the Eyes"],"picked":"Ball Lightning","floor":24},{"not_picked":["Turbo","Rebound"],"picked":"Barrage","floor":28},{"not_picked":["Steam","Auto Shields"],"picked":"Consume","floor":29}],"player_experience":40036,"relics_obtained":[{"floor":8,"key":"Lantern"},{"floor":9,"key":"Meat on the Bone"},{"floor":13,"key":"Ginger"},{"floor":21,"key":"Nilry\u0027s Codex"},{"floor":26,"key":"Omamori"},{"floor":29,"key":"Bottled Lightning"}],"event_choices":[{"cards_removed":["Strike_B"],"damage_healed":0,"gold_gain":0,"player_choice":"Card Removal","damage_taken":7,"max_hp_gain":0,"max_hp_loss":0,"event_name":"Golden Wing","floor":4,"gold_loss":0},{"damage_healed":0,"gold_gain":0,"cards_transformed":["Strike_B"],"player_choice":"Transformed","damage_taken":0,"max_hp_gain":0,"max_hp_loss":0,"event_name":"Transmorgrifier","floor":5,"gold_loss":0,"cards_obtained":["Redo"]},{"cards_removed":["Strike_B"],"damage_healed":0,"gold_gain":0,"player_choice":"Purged","damage_taken":0,"max_hp_gain":0,"max_hp_loss":0,"event_name":"Purifier","floor":11,"gold_loss":0},{"damage_healed":0,"gold_gain":0,"player_choice":"Obtained Book","damage_taken":16,"max_hp_gain":0,"max_hp_loss":0,"event_name":"Cursed Tome","floor":21,"gold_loss":0},{"damage_healed":0,"gold_gain":0,"player_choice":"Became a vampire","damage_taken":0,"max_hp_gain":0,"max_hp_loss":23,"event_name":"Vampires","floor":22,"gold_loss":0,"cards_obtained":["Bite","Bite","Bite","Bite","Bite"]},{"damage_healed":0,"gold_gain":0,"player_choice":"Ignored","damage_taken":0,"max_hp_gain":0,"max_hp_loss":0,"event_name":"Beggar","floor":27,"gold_loss":0},{"damage_healed":0,"gold_gain":0,"player_choice":"2 cards matched","damage_taken":0,"max_hp_gain":0,"max_hp_loss":0,"event_name":"Match and Keep!","floor":30,"gold_loss":0,"cards_obtained":["Jack Of All Trades","Self Repair"]}],"is_beta":true,"boss_relics":[{"not_picked":["Tiny House","Coffee Dripper"],"picked":"Pandora\u0027s Box"}],"items_purged_floors":[],"is_endless":false,"potions_floor_spawned":[7,10,16,24,29],"killed_by":"Automaton","ascension_level":0}