{"gold_per_floor":[14,34,34,109,122,150,167,178,178,178,190,190,190],"floor_reached":13,"playtime":691,"items_purged":[],"score":87,"play_id":"ec84ba23-2715-45d8-93e3-f925fc8ee83b","local_time":"20190503183153","is_ascension_mode":false,"campfire_choices":[{"data":"Armaments","floor":10,"key":"SMITH"}],"neow_cost":"NO_GOLD","seed_source_timestamp":1365415105118200,"circlet_count":0,"master_deck":["Strike_R+1","Strike_R","Strike_R","Strike_R","Strike_R","Defend_R","Defend_R+1","Defend_R","Defend_R","Bash","Double Tap","Armaments+1","Headbutt","Metallicize","Metallicize","Ghostly Armor","Iron Wave"],"relics":["Burning Blood","Dream Catcher","Orichalcum","Potion Belt"],"potions_floor_usage":[6,13],"damage_taken":[{"damage":7,"enemies":"Small Slimes","floor":1,"turns":3},{"damage":8,"enemies":"Jaw Worm","floor":2,"turns":4},{"damage":1,"enemies":"Cultist","floor":5,"turns":3},{"damage":17,"enemies":"3 Sentries","floor":6,"turns":12},{"damage":11,"enemies":"Exordium Thugs","floor":7,"turns":6},{"damage":15,"enemies":"Large Slime","floor":8,"turns":9},{"damage":0,"enemies":"3 Louse","floor":11,"turns":6},{"damage":17,"enemies":"Gremlin Gang","floor":13,"turns":3}],"seed_played":"5888444046298291204","potions_obtained":[{"floor":1,"key":"SkillPotion"},{"floor":2,"key":"AttackPotion"},{"floor":7,"key":"Ancient Potion"}],"is_trial":false,"path_per_floor":["M","M","?","?","M","E","M","M","T","R","M","?","M"],"character_chosen":"IRONCLAD","items_purchased":[],"campfire_rested":0,"item_purchase_floors":[],"current_hp_per_floor":[79,77,61,50,55,44,39,30,30,30,36,11,0],"gold":190,"neow_bonus":"THREE_RARE_CARDS","is_prod":false,"is_daily":false,"chose_seed":false,"campfire_upgraded":1,"win_rate":0.0,"timestamp":1556901113,"path_taken":["M","M","?","?","M","E","M","M","T","R","M","?","M"],"build_version":"2019-04-23","purchased_purges":0,"victory":false,"max_hp_per_floor":[80,80,80,80,80,80,80,80,80,80,80,80,80],"card_choices":[{"not_picked":["Brutality","Demon Form"],"picked":"Double Tap","floor":0},{"not_picked":["Infernal Blade","Spot Weakness"],"picked":"Armaments","floor":1},{"not_picked":["Inflame","Perfected Strike"],"picked":"Headbutt","floor":2},{"not_picked":["Clothesline","Cleave"],"picked":"Metallicize","floor":5},{"not_picked":["Warcry","Brutality"],"picked":"Metallicize","floor":6},{"not_picked":["Cleave","Twin Strike"],"picked":"Ghostly Armor","floor":7},{"not_picked":["Warcry","Pommel Strike"],"picked":"Iron Wave","floor":8},{"not_picked":["Blood for Blood","Armaments","Sword Boomerang"],"picked":"SKIP","floor":11}],"player_experience":19870,"relics_obtained":[{"floor":6,"key":"Dream Catcher"},{"floor":9,"key":"Orichalcum"}],"event_choices":[{"damage_healed":0,"gold_gain":0,"player_choice":"Entered Light","damage_taken":16,"max_hp_gain":0,"max_hp_loss":0,"event_name":"Shining Light","floor":3,"gold_loss":0,"cards_upgraded":["Strike_R","Defend_R"]},{"damage_healed":0,"gold_gain":75,"player_choice":"Gather Gold","damage_taken":11,"max_hp_gain":0,"max_hp_loss":0,"event_name":"World of Goop","floor":4,"gold_loss":0},{"damage_healed":0,"gold_gain":0,"player_choice":"Success","damage_taken":25,"relics_obtained":["Potion Belt"],"max_hp_gain":0,"max_hp_loss":0,"event_name":"Scrap Ooze","floor":12,"gold_loss":0}],"is_beta":true,"boss_relics":[],"items_purged_floors":[],"is_endless":false,"potions_floor_spawned":[1,2,7],"killed_by":"Gremlin Gang","ascension_level":0}