{"gold_per_floor":[111,111,36,36,36,36,70,70,151,151,163,338,108,128,128,227,227,216,216,216,216,227,256,266,266,292,292,292],"floor_reached":28,"playtime":1131,"items_purged":["Doubt"],"score":232,"play_id":"1a7d138e-c3b4-4805-9ee7-69ef3c4d3ff0","local_time":"20191019130301","is_ascension_mode":false,"campfire_choices":[{"data":"Clothesline","floor":6,"key":"SMITH"},{"data":"Pommel Strike","floor":8,"key":"SMITH"},{"data":"Bash","floor":10,"key":"SMITH"},{"data":"Cleave","floor":15,"key":"SMITH"},{"data":"Demon Form","floor":25,"key":"SMITH"}],"neow_cost":"NONE","seed_source_timestamp":0,"circlet_count":0,"master_deck":["Strike_R","Strike_R","Strike_R+1","Strike_R","Strike_R","Defend_R","Defend_R","Defend_R","Defend_R","Bash+1","True Grit+1","Clothesline+1","Armaments+1","Pommel Strike+1","Cleave+1","Intimidate","Demon Form+1","Rage","Searing Blow","Pummel+1","Perfected Strike+1"],"special_seed":0,"relics":["Black Blood","Orichalcum","Strawberry","Paper Frog","Oddly Smooth Stone","MutagenicStrength","Letter Opener","WingedGreaves","Pen Nib","Nilry\u0027s Codex"],"potions_floor_usage":[16,16,22,24,28],"damage_taken":[{"damage":0,"enemies":"2 Louse","floor":1,"turns":3},{"damage":13,"enemies":"Gremlin Nob","floor":7,"turns":5},{"damage":0,"enemies":"Cultist","floor":11,"turns":3},{"damage":0,"enemies":"Small Slimes","floor":14,"turns":4},{"damage":44,"enemies":"Hexaghost","floor":16,"turns":13},{"damage":14,"enemies":"2 Thieves","floor":18,"turns":4},{"damage":9,"enemies":"3 Byrds","floor":22,"turns":6},{"damage":46,"enemies":"Slavers","floor":23,"turns":9},{"damage":19,"enemies":"Snake Plant","floor":24,"turns":5},{"damage":29,"enemies":"Cultist and Chosen","floor":28,"turns":4}],"seed_played":"-289429807229964841","potions_obtained":[{"floor":7,"key":"AttackPotion"},{"floor":11,"key":"PowerPotion"},{"floor":16,"key":"Explosive Potion"},{"floor":23,"key":"Swift Potion"},{"floor":24,"key":"Swift Potion"}],"is_trial":false,"path_per_floor":["M","?","$","?","$","R","E","R","T","R","M","?","$","M","R","B",null,"M","?","?","T","M","E","M","R","T","?","M"],"character_chosen":"IRONCLAD","items_purchased":["Clothesline","Armaments","Oddly Smooth Stone"],"campfire_rested":0,"item_purchase_floors":[3,3,13],"current_hp_per_floor":[80,80,80,64,64,64,64,64,64,64,70,70,70,76,76,38,87,83,83,83,83,84,48,39,39,39,23,0],"gold":292,"neow_bonus":"RANDOM_COMMON_RELIC","is_prod":false,"is_daily":false,"chose_seed":false,"campfire_upgraded":5,"win_rate":0.0,"timestamp":1571504581,"path_taken":["M","?","?","?","?","R","E","R","T","R","M","?","$","M","R","BOSS","M","?","?","?","?","E","M","R","T","?","M"],"build_version":"2019-07-17","purchased_purges":1,"victory":false,"max_hp_per_floor":[80,80,80,80,80,80,87,87,87,87,87,87,87,87,87,87,87,87,87,87,87,87,87,87,87,87,87,87],"card_choices":[{"not_picked":["Heavy Blade","Flex"],"picked":"True Grit","floor":1},{"not_picked":["Burning Pact","Seeing Red"],"picked":"Pommel Strike","floor":7},{"not_picked":["Thunderclap","Feed"],"picked":"Cleave","floor":11},{"not_picked":["Flex","Warcry"],"picked":"Intimidate","floor":14},{"not_picked":["Dark Embrace","Juggernaut"],"picked":"Demon Form","floor":16},{"not_picked":["Clothesline","Twin Strike"],"picked":"Rage","floor":18},{"not_picked":["Power Through","Bloodletting"],"picked":"Searing Blow","floor":22},{"not_picked":["True Grit+1","Warcry"],"picked":"Pummel+1","floor":23},{"not_picked":["Body Slam","Corruption"],"picked":"Perfected Strike+1","floor":24}],"player_experience":2959,"relics_obtained":[{"floor":7,"key":"Strawberry"},{"floor":9,"key":"Paper Frog"},{"floor":21,"key":"Letter Opener"},{"floor":23,"key":"WingedGreaves"},{"floor":26,"key":"Pen Nib"},{"floor":27,"key":"Nilry\u0027s Codex"}],"event_choices":[{"damage_healed":0,"gold_gain":0,"player_choice":"Upgraded","damage_taken":0,"max_hp_gain":0,"max_hp_loss":0,"event_name":"Upgrade Shrine","floor":2,"gold_loss":0,"cards_upgraded":["True Grit"]},{"damage_healed":0,"gold_gain":0,"player_choice":"Entered Light","damage_taken":16,"max_hp_gain":0,"max_hp_loss":0,"event_name":"Shining Light","floor":4,"gold_loss":0,"cards_upgraded":["Strike_R","Armaments"]},{"damage_healed":0,"gold_gain":175,"player_choice":"AGREE","damage_taken":0,"max_hp_gain":0,"max_hp_loss":0,"event_name":"Liars Game","floor":12,"gold_loss":0,"cards_obtained":["Doubt"]},{"damage_healed":0,"gold_gain":0,"player_choice":"Inject Mutagens","damage_taken":0,"relics_obtained":["MutagenicStrength"],"max_hp_gain":0,"max_hp_loss":0,"event_name":"Drug Dealer","floor":19,"gold_loss":0},{"damage_healed":0,"gold_gain":0,"player_choice":"Ignored","damage_taken":0,"max_hp_gain":0,"max_hp_loss":0,"event_name":"The Mausoleum","floor":20,"gold_loss":0},{"damage_healed":0,"gold_gain":0,"player_choice":"Obtained Book","damage_taken":16,"max_hp_gain":0,"max_hp_loss":0,"event_name":"Cursed Tome","floor":27,"gold_loss":0}],"is_beta":false,"boss_relics":[{"not_picked":["Velvet Choker","Runic Cube"],"picked":"Black Blood"}],"items_purged_floors":[13],"is_endless":false,"potions_floor_spawned":[7,11,16,23,24],"killed_by":"Cultist and Chosen","ascension_level":0}