{"gold_per_floor":[365,85,85,96,115,115,115,115,115,115,61,61,61,105,105,224,224,239,259,285,320,332,377,389,401,413,461,486,498,524,557,569,581],"floor_reached":33,"playtime":1458,"items_purged":["Writhe"],"score":325,"play_id":"6a260e68-05b1-4765-8bde-f93ccdbc858b","local_time":"20190616221223","is_ascension_mode":true,"campfire_choices":[{"data":"Good Instincts","floor":6,"key":"SMITH"},{"data":"Pommel Strike","floor":8,"key":"SMITH"},{"data":"Armaments","floor":13,"key":"SMITH"},{"data":"Flame Barrier","floor":15,"key":"SMITH"},{"floor":24,"key":"REST"},{"data":"Immolate","floor":32,"key":"SMITH"}],"neow_cost":"CURSE","seed_source_timestamp":2346460016206900,"circlet_count":0,"master_deck":["Strike_R","Strike_R","Strike_R","Strike_R","Strike_R","Defend_R","Defend_R","Defend_R","Defend_R","Bash","Pommel Strike+1","Good Instincts+1","Headbutt","Armaments+1","Flame Barrier+1","Immolate+1","True Grit+1","Cleave","Iron Wave+1","Sword Boomerang","Thunderclap+1","Corruption+1","Carnage"],"relics":["Black Blood","Tiny Chest","WarpedTongs","Golden Idol","Sundial","Matryoshka","Ginger","Bag of Marbles","MawBank","Omamori","Shuriken","Blue Candle","Pantograph","Meat on the Bone","Turnip"],"potions_floor_usage":[14,18,19,19,23,23,23,27,28,33],"damage_taken":[{"damage":0,"enemies":"Small Slimes","floor":1,"turns":4},{"damage":6,"enemies":"Cultist","floor":4,"turns":3},{"damage":14,"enemies":"2 Louse","floor":5,"turns":3},{"damage":7,"enemies":"Lagavulin","floor":14,"turns":5},{"damage":14,"enemies":"The Guardian","floor":16,"turns":14},{"damage":17,"enemies":"Chosen","floor":18,"turns":6},{"damage":9,"enemies":"2 Thieves","floor":19,"turns":3},{"damage":0,"enemies":"Snecko","floor":21,"turns":4},{"damage":63,"enemies":"Gremlin Leader","floor":23,"turns":8},{"damage":41,"enemies":"Book of Stabbing","floor":27,"turns":8},{"damage":10,"enemies":"Cultist and Chosen","floor":28,"turns":5},{"damage":23,"enemies":"Centurion and Healer","floor":30,"turns":5},{"damage":12,"enemies":"3 Cultists","floor":31,"turns":5},{"damage":78,"enemies":"Champ","floor":33,"turns":11}],"seed_played":"-5382012778045060696","potions_obtained":[{"floor":1,"key":"Explosive Potion"},{"floor":4,"key":"Weak Potion"},{"floor":14,"key":"Swift Potion"},{"floor":18,"key":"EntropicBrew"},{"floor":23,"key":"Weak Potion"},{"floor":27,"key":"BloodPotion"},{"floor":30,"key":"SkillPotion"}],"is_trial":false,"path_per_floor":["M","$","?","M","M","R","?","R","T","?","$","T","R","E","R","B",null,"M","M","T","M","T","E","R","T","T","E","M","$","M","M","R","B"],"character_chosen":"IRONCLAD","items_purchased":["Tiny Chest","Good Instincts","Armaments"],"campfire_rested":1,"item_purchase_floors":[2,2,11],"current_hp_per_floor":[80,80,80,80,72,72,72,72,72,65,65,65,65,64,64,56,74,67,68,68,74,74,21,43,43,43,24,54,54,53,51,51,0],"gold":581,"neow_bonus":"TWO_FIFTY_GOLD","is_prod":false,"is_daily":false,"chose_seed":false,"campfire_upgraded":5,"win_rate":0,"timestamp":1560715943,"path_taken":["M","$","?","M","?","R","?","R","T","?","$","?","R","E","R","BOSS","M","M","?","?","?","E","R","?","T","E","M","$","M","M","R","BOSS"],"build_version":"2019-06-13","purchased_purges":1,"victory":false,"max_hp_per_floor":[80,80,80,80,80,80,74,74,74,74,74,74,74,74,74,74,74,74,74,74,74,74,74,74,74,74,74,74,74,74,74,74,74],"card_choices":[{"not_picked":["Perfected Strike","Clash"],"picked":"Pommel Strike","floor":1},{"not_picked":["Pommel Strike","Brutality","Wild Strike"],"picked":"SKIP","floor":4},{"not_picked":["Havoc","Clash"],"picked":"Headbutt","floor":5},{"not_picked":["Evolve","Warcry"],"picked":"Flame Barrier","floor":14},{"not_picked":["Brutality","Dark Embrace"],"picked":"Immolate","floor":16},{"not_picked":["Pummel","Metallicize"],"picked":"True Grit+1","floor":18},{"not_picked":["Perfected Strike","Headbutt+1"],"picked":"Cleave","floor":19},{"not_picked":["Evolve","Havoc","Clothesline"],"picked":"SKIP","floor":21},{"not_picked":["Ghostly Armor","Shockwave"],"picked":"Iron Wave+1","floor":23},{"not_picked":["Immolate","Dual Wield"],"picked":"Sword Boomerang","floor":27},{"not_picked":["Pommel Strike","True Grit+1"],"picked":"Thunderclap+1","floor":28},{"not_picked":["Warcry","Shrug It Off"],"picked":"Corruption+1","floor":30},{"not_picked":["Heavy Blade","Intimidate"],"picked":"Carnage","floor":31}],"player_experience":99362,"relics_obtained":[{"floor":9,"key":"Sundial"},{"floor":12,"key":"Matryoshka"},{"floor":14,"key":"Ginger"},{"floor":20,"key":"Bag of Marbles"},{"floor":20,"key":"MawBank"},{"floor":22,"key":"Omamori"},{"floor":22,"key":"Shuriken"},{"floor":23,"key":"Blue Candle"},{"floor":25,"key":"Pantograph"},{"floor":26,"key":"Meat on the Bone"},{"floor":27,"key":"Turnip"}],"event_choices":[{"damage_healed":0,"gold_gain":0,"player_choice":"Rummage","damage_taken":0,"relics_obtained":["WarpedTongs"],"max_hp_gain":0,"max_hp_loss":0,"event_name":"Accursed Blacksmith","floor":3,"gold_loss":0,"cards_obtained":["Pain"]},{"damage_healed":0,"gold_gain":0,"player_choice":"Lose Max HP","damage_taken":0,"relics_obtained":["Golden Idol"],"max_hp_gain":0,"max_hp_loss":6,"event_name":"Golden Idol","floor":7,"gold_loss":0},{"cards_removed":["Pain"],"damage_healed":0,"gold_gain":0,"player_choice":"Card Removal","damage_taken":7,"max_hp_gain":0,"max_hp_loss":0,"event_name":"Golden Wing","floor":10,"gold_loss":0}],"is_beta":true,"boss_relics":[{"not_picked":["White Beast Statue","Ectoplasm"],"picked":"Black Blood"}],"items_purged_floors":[2],"is_endless":false,"potions_floor_spawned":[1,4,14,18,23,27,30],"killed_by":"Champ","ascension_level":3}