{"gold_per_floor":[118,130,32,50,50,85,2,29,29,59,59,59,91,91,91,189,189,189,129,129,129],"floor_reached":21,"playtime":1279,"items_purged":["Strike_B"],"score":238,"play_id":"5182e60f-dd34-444b-bece-04dc3c3294b1","local_time":"20190812221622","is_ascension_mode":true,"campfire_choices":[{"data":"Sweeping Beam","floor":15,"key":"SMITH"}],"neow_cost":"NONE","seed_source_timestamp":14721975962500,"circlet_count":0,"master_deck":["Strike_B","Strike_B","Strike_B","Defend_B","Defend_B","Defend_B","Defend_B","Zap+1","Dualcast","Conserve Battery","Consume","Conserve Battery","Beam Cell","Leap","Panacea","Sweeping Beam+1","Undo","Coolheaded","Echo Form","Redo","Chill+1","Double Energy+1"],"relics":["Cracked Core","Mummified Hand","The Courier","Bottled Flame","Regal Pillow","Nunchaku","Blood Vial","Ectoplasm"],"potions_floor_usage":[6,6,8,16,21],"damage_taken":[{"damage":0,"enemies":"Cultist","floor":1,"turns":3},{"damage":0,"enemies":"Small Slimes","floor":2,"turns":2},{"damage":0,"enemies":"2 Louse","floor":4,"turns":3},{"damage":5,"enemies":"Lagavulin","floor":6,"turns":7},{"damage":24,"enemies":"3 Sentries","floor":8,"turns":8},{"damage":36,"enemies":"Gremlin Nob","floor":10,"turns":5},{"damage":21,"enemies":"3 Sentries","floor":13,"turns":7},{"damage":36,"enemies":"Hexaghost","floor":16,"turns":16},{"damage":16,"enemies":"Spheric Guardian","floor":18,"turns":6},{"damage":24,"enemies":"2 Thieves","floor":19,"turns":4},{"damage":16,"enemies":"Snake Plant","floor":20,"turns":5},{"damage":30,"enemies":"Cultist and Chosen","floor":21,"turns":6}],"seed_played":"-8908787590256355043","potions_obtained":[{"floor":2,"key":"EssenceOfSteel"},{"floor":5,"key":"FocusPotion"},{"floor":5,"key":"Dexterity Potion"},{"floor":5,"key":"SkillPotion"},{"floor":6,"key":"SkillPotion"},{"floor":16,"key":"GamblersBrew"},{"floor":19,"key":"FocusPotion"}],"is_trial":false,"path_per_floor":["M","M","$","M","?","E","$","E","T","E","?","?","E","?","R","B",null,"M","M","M","M"],"character_chosen":"DEFECT","items_purchased":["Conserve Battery","Panacea"],"campfire_rested":0,"item_purchase_floors":[3,7],"current_hp_per_floor":[75,75,75,75,75,70,70,46,46,10,7,32,11,75,75,39,75,59,37,23,0],"gold":129,"neow_bonus":"UPGRADE_CARD","is_prod":false,"is_daily":false,"chose_seed":false,"campfire_upgraded":1,"win_rate":0,"timestamp":1565640982,"path_taken":["M","M","$","?","?","E","?","E","T","E","?","?","E","?","R","BOSS","M","?","M","M"],"build_version":"2019-07-18","purchased_purges":1,"victory":false,"max_hp_per_floor":[75,75,75,75,75,75,75,75,75,75,75,75,75,75,75,75,75,75,75,75,75],"card_choices":[{"not_picked":["Leap","Stack"],"picked":"Conserve Battery","floor":1},{"not_picked":["Defragment","Turbo"],"picked":"Consume","floor":2},{"not_picked":["Hologram","Barrage"],"picked":"Beam Cell","floor":4},{"not_picked":["Blizzard","Lockon"],"picked":"Leap","floor":6},{"not_picked":["White Noise","Cold Snap"],"picked":"Sweeping Beam","floor":8},{"not_picked":["Barrage","Hyperbeam"],"picked":"Undo","floor":10},{"not_picked":["Turbo","FTL"],"picked":"Coolheaded","floor":13},{"not_picked":["Multi-Cast","Seek"],"picked":"Echo Form","floor":16},{"not_picked":["Steam","Cold Snap"],"picked":"Redo","floor":18},{"not_picked":["Steam Power+1","Cold Snap"],"picked":"Chill+1","floor":19},{"not_picked":["Blizzard","White Noise"],"picked":"Double Energy+1","floor":20}],"player_experience":139083,"relics_obtained":[{"floor":6,"key":"Mummified Hand"},{"floor":8,"key":"The Courier"},{"floor":9,"key":"Bottled Flame"},{"floor":10,"key":"Regal Pillow"},{"floor":13,"key":"Blood Vial"}],"event_choices":[{"damage_healed":0,"gold_gain":0,"player_choice":"Got Potions","damage_taken":0,"max_hp_gain":0,"max_hp_loss":0,"event_name":"Lab","floor":5,"gold_loss":0},{"damage_healed":0,"gold_gain":0,"player_choice":"Success","damage_taken":3,"relics_obtained":["Nunchaku"],"max_hp_gain":0,"max_hp_loss":0,"event_name":"Scrap Ooze","floor":11,"gold_loss":0},{"damage_healed":25,"gold_gain":0,"player_choice":"Banana","damage_taken":0,"max_hp_gain":0,"max_hp_loss":0,"event_name":"Big Fish","floor":12,"gold_loss":0},{"damage_healed":64,"gold_gain":0,"player_choice":"Full Heal","damage_taken":0,"max_hp_gain":0,"max_hp_loss":0,"event_name":"Wheel of Change","floor":14,"gold_loss":0}],"is_beta":true,"boss_relics":[{"not_picked":["Calling Bell","Snecko Eye"],"picked":"Ectoplasm"}],"items_purged_floors":[3],"is_endless":false,"potions_floor_spawned":[2,6,16,19],"killed_by":"Cultist and Chosen","ascension_level":3}