{"gold_per_floor":[119,119,119,23,23,23,39,52,52,83,99,174,174,235,235,235],"floor_reached":16,"playtime":402,"items_purged":[],"score":157,"play_id":"2cefec1e-89ff-4e21-8bca-1aa5fd9d3381","local_time":"20191020224322","is_ascension_mode":true,"campfire_choices":[{"floor":6.0,"key":"REST"},{"data":"Perfected Strike","floor":15,"key":"SMITH"}],"neow_cost":"NONE","seed_source_timestamp":191473140212100,"circlet_count":0,"master_deck":["AscendersBane","Strike_R","Strike_R","Strike_R","Strike_R","Strike_R","Defend_R","Defend_R+1","Defend_R","Defend_R","Bash","Armaments+1","Headbutt+1","Dramatic Entrance","Armaments","Perfected Strike+1","Armaments","Body Slam"],"special_seed":0,"relics":["Burning Blood","Smiling Mask","The Courier","Regal Pillow"],"potions_floor_usage":[10],"damage_taken":[{"damage":7.0,"enemies":"Jaw Worm","floor":1.0,"turns":3.0},{"damage":0.0,"enemies":"Small Slimes","floor":7.0,"turns":3.0},{"damage":0.0,"enemies":"2 Louse","floor":8.0,"turns":2.0},{"damage":17,"enemies":"3 Sentries","floor":10,"turns":6},{"damage":7,"enemies":"Large Slime","floor":11,"turns":9},{"damage":59,"enemies":"Hexaghost","floor":16,"turns":11}],"seed_played":"-2541358959635916902","potions_obtained":[{"floor":1.0,"key":"Strength Potion"}],"is_trial":false,"path_per_floor":["M","?","?","$","$","R","M","M","T","E","M","?","?","?","R","B"],"character_chosen":"IRONCLAD","items_purchased":["Dramatic Entrance"],"campfire_rested":1,"item_purchase_floors":[4],"current_hp_per_floor":[71,59,43,43,43,67,73,79,79,68,67,56,56,56,56,0],"gold":235,"neow_bonus":"THREE_CARDS","is_prod":false,"is_daily":false,"chose_seed":false,"campfire_upgraded":1,"win_rate":0,"timestamp":1571625802,"path_taken":["M","?","?","?","$","R","M","?","T","E","M","?","?","?","R","BOSS"],"build_version":"2019-07-17","purchased_purges":0,"victory":false,"max_hp_per_floor":[80,80,80,80,80,80,80,80,80,80,80,80,80,80,80,80],"card_choices":[{"not_picked":["Body Slam","Cleave"],"picked":"Armaments","floor":0.0},{"not_picked":["Second Wind","Heavy Blade"],"picked":"Headbutt","floor":1.0},{"not_picked":["Shockwave","Pommel Strike"],"picked":"Armaments","floor":7.0},{"not_picked":["Clothesline","Second Wind"],"picked":"Perfected Strike","floor":8.0},{"not_picked":["Combust","Shockwave"],"picked":"Armaments","floor":10},{"not_picked":["Clash","Flex"],"picked":"Body Slam","floor":11}],"player_experience":740069,"relics_obtained":[{"floor":9.0,"key":"The Courier"},{"floor":10,"key":"Regal Pillow"}],"event_choices":[{"damage_healed":0.0,"max_hp_gain":0.0,"max_hp_loss":0.0,"gold_gain":0.0,"event_name":"Scrap Ooze","player_choice":"Success","floor":2.0,"gold_loss":0.0,"damage_taken":12.0,"relics_obtained":["Smiling Mask"]},{"damage_healed":0.0,"max_hp_gain":0.0,"max_hp_loss":0.0,"gold_gain":0.0,"event_name":"Shining Light","player_choice":"Entered Light","floor":3.0,"gold_loss":0.0,"damage_taken":16.0,"cards_upgraded":["Headbutt","Defend_R"]},{"damage_healed":0,"gold_gain":75,"player_choice":"Gather Gold","damage_taken":11,"max_hp_gain":0,"max_hp_loss":0,"event_name":"World of Goop","floor":12,"gold_loss":0},{"damage_healed":0,"gold_gain":0,"player_choice":"Grow","damage_taken":0,"max_hp_gain":0,"max_hp_loss":0,"event_name":"Living Wall","floor":13,"gold_loss":0,"cards_upgraded":["Armaments"]},{"damage_healed":0,"gold_gain":61,"player_choice":"Gained Gold","damage_taken":0,"max_hp_gain":0,"max_hp_loss":0,"event_name":"Golden Wing","floor":14,"gold_loss":0}],"is_beta":false,"boss_relics":[],"items_purged_floors":[],"is_endless":false,"potions_floor_spawned":[1],"killed_by":"Hexaghost","ascension_level":12}