{"gold_per_floor":[115,3,3,13,13,38,58,71,143,43,43,54,54,11,11,11],"floor_reached":16,"playtime":593,"items_purged":["Strike_R","Strike_R"],"score":115,"play_id":"9e7b5e8b-0a31-4202-ae28-3df1fb815057","local_time":"20190531155003","is_ascension_mode":true,"campfire_choices":[{"floor":11,"key":"DIG"},{"floor":13,"key":"DIG"},{"floor":15,"key":"DIG"}],"neow_cost":"TEN_PERCENT_HP_LOSS","seed_source_timestamp":942048117790200,"circlet_count":0,"master_deck":["Strike_R","Strike_R","Defend_R","Defend_R","Defend_R","Bash","Battle Trance","Rage","Iron Wave","Shrug It Off"],"relics":["Burning Blood","Shovel","Dodecahedron","Orichalcum","Boot","Art of War"],"potions_floor_usage":[6,16],"damage_taken":[{"damage":1,"enemies":"Cultist","floor":1,"turns":3},{"damage":0,"enemies":"2 Louse","floor":4,"turns":3},{"damage":53,"enemies":"Lagavulin","floor":6,"turns":7},{"damage":8,"enemies":"Jaw Worm","floor":7,"turns":5},{"damage":3,"enemies":"Large Slime","floor":8,"turns":7},{"damage":1,"enemies":"Exordium Wildlife","floor":12,"turns":6},{"damage":37,"enemies":"Hexaghost","floor":16,"turns":11}],"seed_played":"-4707149698915037293","potions_obtained":[{"floor":1,"key":"Strength Potion"},{"floor":7,"key":"SpeedPotion"},{"floor":8,"key":"Dexterity Potion"}],"is_trial":false,"path_per_floor":["M","$","?","M","?","E","M","M","T","$","R","M","R","?","R","B"],"character_chosen":"IRONCLAD","items_purchased":["Rage"],"campfire_rested":0,"item_purchase_floors":[2],"current_hp_per_floor":[72,72,72,72,72,25,23,26,26,26,26,31,31,31,31,0],"gold":11,"neow_bonus":"REMOVE_TWO","is_prod":false,"is_daily":false,"chose_seed":false,"campfire_upgraded":0,"win_rate":0,"timestamp":1559310603,"path_taken":["M","$","?","?","?","E","?","M","T","?","R","M","R","?","R","BOSS"],"build_version":"2019-05-28","purchased_purges":2,"victory":false,"max_hp_per_floor":[72,72,72,72,72,72,72,72,72,72,72,72,72,72,72,72],"card_choices":[{"not_picked":["Carnage","Sword Boomerang"],"picked":"Battle Trance","floor":1},{"not_picked":["Infernal Blade","Bloodletting","Anger"],"picked":"SKIP","floor":4},{"not_picked":["Clash","Perfected Strike","Fire Breathing"],"picked":"SKIP","floor":6},{"not_picked":["Thunderclap","Dual Wield"],"picked":"Iron Wave","floor":7},{"not_picked":["Spot Weakness","Body Slam","Armaments"],"picked":"SKIP","floor":8},{"not_picked":["Flex","Bloodletting"],"picked":"Shrug It Off","floor":12}],"player_experience":90325,"relics_obtained":[{"floor":6,"key":"Shovel"},{"floor":9,"key":"Dodecahedron"},{"floor":11,"key":"Orichalcum"},{"floor":13,"key":"Boot"},{"floor":15,"key":"Art of War"}],"event_choices":[{"damage_healed":0,"gold_gain":0,"player_choice":"1 cards matched","damage_taken":0,"max_hp_gain":0,"max_hp_loss":0,"event_name":"Match and Keep!","floor":3,"gold_loss":0,"cards_obtained":["Mind Blast"]},{"cards_removed":["Mind Blast"],"damage_healed":0,"gold_gain":0,"player_choice":"Purged","damage_taken":0,"max_hp_gain":0,"max_hp_loss":0,"event_name":"Purifier","floor":5,"gold_loss":0},{"damage_healed":0,"gold_gain":0,"player_choice":"Left Gold","damage_taken":0,"max_hp_gain":0,"max_hp_loss":0,"event_name":"World of Goop","floor":14,"gold_loss":43}],"is_beta":true,"boss_relics":[],"items_purged_floors":[2,10],"is_endless":false,"potions_floor_spawned":[1,7,8],"killed_by":"Hexaghost","ascension_level":3}