{"gold_per_floor":[112,112,128,145,145,145,158,190,243,268,280],"floor_reached":11,"playtime":270,"items_purged":[],"score":101,"play_id":"eb73dd67-67c9-401f-9f32-89e20d388932","local_time":"20190813020826","is_ascension_mode":true,"campfire_choices":[{"data":"Bash","floor":6,"key":"SMITH"}],"neow_cost":"NONE","seed_source_timestamp":170714450210423,"circlet_count":0,"master_deck":["Strike_R","Strike_R","Strike_R","Strike_R","Strike_R","Defend_R","Defend_R","Defend_R","Defend_R","Bash+1","Inflame","Barricade","Spot Weakness"],"relics":["Burning Blood","NeowsBlessing","Paper Frog","Potion Belt","MawBank"],"potions_floor_usage":[2,8,8,8],"damage_taken":[{"damage":0,"enemies":"Cultist","floor":1,"turns":1},{"damage":0,"enemies":"2 Louse","floor":3,"turns":1},{"damage":0,"enemies":"Jaw Worm","floor":4,"turns":1},{"damage":20,"enemies":"2 Fungi Beasts","floor":7,"turns":4},{"damage":40,"enemies":"3 Sentries","floor":8,"turns":7},{"damage":14,"enemies":"3 Louse","floor":10,"turns":4},{"damage":18,"enemies":"Large Slime","floor":11,"turns":5}],"seed_played":"8969188060760748623","potions_obtained":[{"floor":2,"key":"Fruit Juice"},{"floor":2,"key":"GamblersBrew"},{"floor":2,"key":"FearPotion"},{"floor":3,"key":"LiquidBronze"},{"floor":4,"key":"Block Potion"}],"is_trial":false,"path_per_floor":["M","?","M","M","?","R","M","E","T","M","M"],"character_chosen":"IRONCLAD","items_purchased":[],"campfire_rested":0,"item_purchase_floors":[],"current_hp_per_floor":[78,83,85,85,67,67,53,19,19,11,0],"gold":280,"neow_bonus":"THREE_ENEMY_KILL","is_prod":false,"is_daily":false,"chose_seed":false,"campfire_upgraded":1,"win_rate":0,"timestamp":1565680106,"path_taken":["M","?","?","M","?","R","M","E","T","M","M"],"build_version":"2019-07-17","purchased_purges":0,"victory":false,"max_hp_per_floor":[80,85,85,85,85,85,85,85,85,85,85],"card_choices":[{"not_picked":["Flex","Rage","Armaments"],"picked":"SKIP","floor":1},{"not_picked":["True Grit","Flame Barrier"],"picked":"Inflame","floor":3},{"not_picked":["Havoc","Clash","Flex"],"picked":"SKIP","floor":4},{"not_picked":["Perfected Strike","Headbutt"],"picked":"Barricade","floor":7},{"not_picked":["Sword Boomerang","Pommel Strike"],"picked":"Spot Weakness","floor":8},{"not_picked":["Flex","Seeing Red","Disarm"],"picked":"SKIP","floor":10}],"player_experience":291097,"relics_obtained":[{"floor":8,"key":"Potion Belt"},{"floor":9,"key":"MawBank"}],"event_choices":[{"damage_healed":0,"gold_gain":0,"player_choice":"Got Potions","damage_taken":0,"max_hp_gain":0,"max_hp_loss":0,"event_name":"Lab","floor":2,"gold_loss":0},{"damage_healed":0,"gold_gain":0,"player_choice":"Success","damage_taken":18,"relics_obtained":["Paper Frog"],"max_hp_gain":0,"max_hp_loss":0,"event_name":"Scrap Ooze","floor":5,"gold_loss":0}],"is_beta":false,"boss_relics":[],"items_purged_floors":[],"is_endless":false,"potions_floor_spawned":[3,4],"killed_by":"Large Slime","ascension_level":7}