{"gold_per_floor":[109,124,143,143,143,143,162,182,182,182,199,526,546,266,266,367,367,378,303,147,147],"floor_reached":21,"playtime":1304,"items_purged":["Strike_B"],"score":208,"play_id":"6426050c-1f12-4150-b88e-ee9fb6f17096","local_time":"20190420000432","is_ascension_mode":true,"campfire_choices":[{"data":"Chill","floor":6,"key":"SMITH"},{"data":"Genetic Algorithm","floor":10,"key":"SMITH"},{"data":"Tempest","floor":15,"key":"SMITH"}],"neow_cost":"NONE","seed_source_timestamp":175164031708400,"circlet_count":0,"master_deck":["Strike_B","Strike_B","Defend_B","Defend_B","Defend_B","Defend_B","Zap","Dualcast","Multi-Cast","Chill+1","Genetic Algorithm+1","Tempest+1","Static Discharge","Ball Lightning","Self Repair","Consume","Conserve Battery","Fission","Glacier","Go for the Eyes+1"],"relics":["Cracked Core","Incense Burner","Old Coin","Dream Catcher","Inserter","Boot"],"potions_floor_usage":[21,21,21],"damage_taken":[{"damage":8,"enemies":"Jaw Worm","floor":1,"turns":4},{"damage":4,"enemies":"Cultist","floor":2,"turns":4},{"damage":0,"enemies":"2 Louse","floor":3,"turns":3},{"damage":14,"enemies":"Exordium Wildlife","floor":7,"turns":6},{"damage":12,"enemies":"Lots of Slimes","floor":8,"turns":5},{"damage":6,"enemies":"Looter","floor":11,"turns":3},{"damage":15,"enemies":"Lagavulin","floor":12,"turns":7},{"damage":1,"enemies":"Blue Slaver","floor":13,"turns":4},{"damage":21,"enemies":"Hexaghost","floor":16,"turns":9},{"damage":26,"enemies":"3 Byrds","floor":18,"turns":3},{"damage":14,"enemies":"2 Thieves","floor":19,"turns":5},{"damage":23,"enemies":"Colosseum Slavers","floor":21,"turns":6},{"damage":38,"enemies":"Colosseum Nobs","floor":21,"turns":3}],"seed_played":"8306617649767489092","potions_obtained":[{"floor":7,"key":"Explosive Potion"},{"floor":8,"key":"Swift Potion"},{"floor":11,"key":"Swift Potion"},{"floor":12,"key":"GamblersBrew"}],"is_trial":false,"path_per_floor":["M","M","M","?","?","R","M","M","T","R","M","E","M","$","R","B",null,"M","M","$","?"],"character_chosen":"DEFECT","items_purchased":["Dream Catcher","Conserve Battery","Boot"],"campfire_rested":0,"item_purchase_floors":[14,14,20],"current_hp_per_floor":[67,63,63,75,75,75,61,49,49,49,43,35,41,41,41,27,75,49,42,42,0],"gold":147,"neow_bonus":"TRANSFORM_CARD","is_prod":false,"is_daily":false,"chose_seed":false,"campfire_upgraded":3,"win_rate":0,"timestamp":1555711472,"path_taken":["M","M","M","?","?","R","M","?","T","R","M","E","M","$","R","BOSS","M","M","$","?"],"build_version":"2019-01-23","purchased_purges":1,"victory":false,"max_hp_per_floor":[75,75,75,75,75,75,75,75,75,75,75,75,75,75,75,75,75,75,75,75,75],"card_choices":[{"not_picked":["Compile Driver","Sweeping Beam"],"picked":"Chill","floor":1},{"not_picked":["Fusion","Capacitor"],"picked":"Genetic Algorithm","floor":2},{"not_picked":["Sweeping Beam","Turbo"],"picked":"Tempest","floor":3},{"not_picked":["Reprogram","Turbo"],"picked":"Static Discharge","floor":7},{"not_picked":["Skim","Hologram"],"picked":"Ball Lightning","floor":8},{"not_picked":["Steam","Reprogram"],"picked":"Self Repair","floor":11},{"not_picked":["Ball Lightning","Turbo"],"picked":"Consume","floor":12},{"not_picked":["Stack","Barrage","Genetic Algorithm"],"picked":"SKIP","floor":13},{"not_picked":["Multi-Cast","Echo Form"],"picked":"Fission","floor":16},{"not_picked":["Streamline+1","Redo+1"],"picked":"Glacier","floor":18},{"not_picked":["Hologram","Rebound"],"picked":"Go for the Eyes+1","floor":19}],"player_experience":290559,"relics_obtained":[{"floor":9,"key":"Incense Burner"},{"floor":12,"key":"Old Coin"}],"event_choices":[{"damage_healed":25,"gold_gain":0,"player_choice":"Banana","damage_taken":0,"max_hp_gain":0,"max_hp_loss":0,"event_name":"Big Fish","floor":4,"gold_loss":0},{"damage_healed":0,"gold_gain":0,"player_choice":"Bought 0 Potions","damage_taken":0,"max_hp_gain":0,"max_hp_loss":0,"event_name":"The Woman in Blue","floor":5,"gold_loss":0},{"damage_healed":0,"gold_gain":0,"player_choice":"Fight","damage_taken":0,"max_hp_gain":0,"max_hp_loss":0,"event_name":"Colosseum","floor":21,"gold_loss":0},{"damage_healed":0,"gold_gain":0,"player_choice":"Fought Nobs","damage_taken":0,"max_hp_gain":0,"max_hp_loss":0,"event_name":"Colosseum","floor":21,"gold_loss":0}],"is_beta":false,"boss_relics":[{"not_picked":["Sozu","Calling Bell"],"picked":"Inserter"}],"items_purged_floors":[14],"is_endless":false,"potions_floor_spawned":[7,8,11,12,13],"killed_by":"Colosseum Nobs","ascension_level":3}