{"gold_per_floor":[113,188,188,212,16,16,43,218,241,253,272,286,286,309,309,432,432,448,0,0,0,0],"floor_reached":22,"playtime":772,"items_purged":[],"score":291,"play_id":"eab8f61e-0672-48b4-bb39-0ca94cd165e8","local_time":"20191020202242","is_ascension_mode":true,"campfire_choices":[{"floor":6.0,"key":"REST"},{"floor":15.0,"key":"REST"}],"neow_cost":"TEN_PERCENT_HP_LOSS","seed_source_timestamp":182463083047200,"circlet_count":0,"master_deck":["AscendersBane","Strike_R","Strike_R+1","Strike_R","Strike_R","Defend_R+1","Defend_R","Defend_R","Bash","Havoc","Infernal Blade","Entrench","Armaments","Evolve","Ghostly Armor","Inflame","Doubt","Cleave","Berserk","Combust","Feed","Barricade","Burning Pact","Armaments"],"special_seed":0,"relics":["Burning Blood","Juzu Bracelet","Bronze Scales","Anchor","Golden Idol","Runic Pyramid"],"potions_floor_usage":[],"damage_taken":[{"damage":17.0,"enemies":"Jaw Worm","floor":1.0,"turns":3.0},{"damage":30.0,"enemies":"3 Sentries","floor":7.0,"turns":11.0},{"damage":3.0,"enemies":"Small Slimes","floor":10.0,"turns":4.0},{"damage":0.0,"enemies":"2 Louse","floor":11.0,"turns":2.0},{"damage":6.0,"enemies":"Blue Slaver","floor":12.0,"turns":5.0},{"damage":2.0,"enemies":"Gremlin Gang","floor":14.0,"turns":3.0},{"damage":65.0,"enemies":"The Guardian","floor":16.0,"turns":13.0},{"damage":35.0,"enemies":"Chosen","floor":18.0,"turns":6.0},{"damage":10,"enemies":"Shell Parasite","floor":22,"turns":5}],"seed_played":"-2104121281546597442","potions_obtained":[{"floor":7.0,"key":"Fire Potion"},{"floor":10.0,"key":"Explosive Potion"},{"floor":14.0,"key":"Weak Potion"},{"floor":18.0,"key":"FearPotion"}],"is_trial":false,"path_per_floor":["M","?","?","T","$","R","E","?","T","M","M","M","?","M","R","B",null,"M","?","$","?","M"],"character_chosen":"IRONCLAD","items_purchased":["Armaments","Evolve","Ghostly Armor"],"campfire_rested":2,"item_purchase_floors":[5,5,5],"current_hp_per_floor":[61,50,36,36,36,57,33,33,33,36,42,42,42,46,66,7,52,26,26,26,26,16],"gold":0,"neow_bonus":"TRANSFORM_TWO_CARDS","is_prod":false,"is_daily":false,"chose_seed":false,"campfire_upgraded":0,"win_rate":0,"timestamp":1571617362,"path_taken":["M","?","?","?","$","R","E","?","T","M","M","M","?","M","R","BOSS","M","?","$","?","M"],"build_version":"2019-07-17","purchased_purges":0,"victory":false,"max_hp_per_floor":[72,72,72,72,72,72,72,72,72,72,72,72,67,67,67,67,67,70,70,70,70,70],"card_choices":[{"not_picked":["Shrug It Off","Perfected Strike"],"picked":"Entrench","floor":1.0},{"not_picked":["Shockwave","Armaments"],"picked":"Inflame","floor":7.0},{"not_picked":["Heavy Blade","Hemokinesis"],"picked":"Cleave","floor":10.0},{"not_picked":["Armaments","Iron Wave"],"picked":"Berserk","floor":11.0},{"not_picked":["Clash","Whirlwind"],"picked":"Combust","floor":12.0},{"not_picked":["Flex","Twin Strike"],"picked":"Feed","floor":14.0},{"not_picked":["Reaper","Impervious"],"picked":"Barricade","floor":16.0},{"not_picked":["Pommel Strike","Perfected Strike"],"picked":"Burning Pact","floor":18.0}],"player_experience":737599,"relics_obtained":[{"floor":4.0,"key":"Juzu Bracelet"},{"floor":7.0,"key":"Bronze Scales"},{"floor":9.0,"key":"Anchor"}],"event_choices":[{"damage_healed":0.0,"max_hp_gain":0.0,"max_hp_loss":0.0,"gold_gain":75.0,"event_name":"World of Goop","player_choice":"Gather Gold","floor":2.0,"gold_loss":0.0,"damage_taken":11.0},{"damage_healed":0.0,"max_hp_gain":0.0,"max_hp_loss":0.0,"gold_gain":0.0,"event_name":"Shining Light","player_choice":"Entered Light","floor":3.0,"gold_loss":0.0,"damage_taken":14.0,"cards_upgraded":["Defend_R","Strike_R"]},{"damage_healed":0.0,"max_hp_gain":0.0,"max_hp_loss":0.0,"gold_gain":175.0,"event_name":"Liars Game","player_choice":"AGREE","floor":8.0,"gold_loss":0.0,"damage_taken":0.0,"cards_obtained":["Doubt"]},{"damage_healed":0.0,"max_hp_gain":0.0,"max_hp_loss":5.0,"gold_gain":0.0,"event_name":"Golden Idol","player_choice":"Lose Max HP","floor":13.0,"gold_loss":0.0,"damage_taken":0.0,"relics_obtained":["Golden Idol"]},{"damage_healed":0,"gold_gain":0,"player_choice":"Paid Fearfully","damage_taken":0,"max_hp_gain":0,"max_hp_loss":0,"event_name":"Masked Bandits","floor":19,"gold_loss":448},{"damage_healed":0,"gold_gain":0,"player_choice":"Copied","damage_taken":0,"max_hp_gain":0,"max_hp_loss":0,"event_name":"Duplicator","floor":21,"gold_loss":0,"cards_obtained":["Armaments"]}],"is_beta":false,"boss_relics":[{"not_picked":["Empty Cage","Sozu"],"picked":"Runic Pyramid"}],"items_purged_floors":[],"is_endless":false,"potions_floor_spawned":[7,10,14,18],"killed_by":"Shell Parasite","ascension_level":12}