{"gold_per_floor":[110,110,128,4,4,37,37,80,80,80,98,98,123,167,167,298,298,316,37,37,37,13,13,13,37,83,101,101],"floor_reached":28,"playtime":834,"items_purged":[],"score":323,"play_id":"68d16b3a-c80a-4b31-8d24-d8f0bbbb8246","local_time":"20190820190022","is_ascension_mode":true,"campfire_choices":[{"floor":10,"key":"REST"},{"floor":15,"key":"REST"},{"data":"Discovery","floor":24,"key":"SMITH"}],"neow_cost":"NONE","seed_source_timestamp":82547204004300,"circlet_count":0,"master_deck":["Defend_R","Defend_R","Defend_R","Bash","Twin Strike","Armaments","Discovery+1","Ghostly Armor","Metallicize+1","Cleave","Combust+1","Twin Strike","Inflame+1","Reaper","Dual Wield+1","Rupture+1","Bite","Bite","Bite","Bite","Bite","Thunderclap","Pummel+1","Carnage"],"relics":["Burning Blood","NeowsBlessing","Golden Idol","Frozen Egg 2","Shuriken","Mummified Hand","Ancient Tea Set","Bottled Flame","Empty Cage","Strange Spoon","Blood Vial","Dream Catcher"],"potions_floor_usage":[14,14,27,27,27,28],"damage_taken":[{"damage":0,"enemies":"Small Slimes","floor":1,"turns":1},{"damage":0,"enemies":"2 Louse","floor":3,"turns":1},{"damage":0,"enemies":"3 Sentries","floor":6,"turns":2},{"damage":38,"enemies":"Gremlin Nob","floor":8,"turns":5},{"damage":3,"enemies":"Jaw Worm","floor":11,"turns":3},{"damage":12,"enemies":"Exordium Thugs","floor":13,"turns":3},{"damage":18,"enemies":"Lagavulin","floor":14,"turns":4},{"damage":37,"enemies":"Hexaghost","floor":16,"turns":7},{"damage":24,"enemies":"Spheric Guardian","floor":18,"turns":4},{"damage":40,"enemies":"Shell Parasite","floor":25,"turns":5},{"damage":12,"enemies":"Centurion and Healer","floor":27,"turns":4},{"damage":45,"enemies":"Gremlin Leader","floor":28,"turns":5}],"seed_played":"8222169408105096167","potions_obtained":[{"floor":6,"key":"LiquidBronze"},{"floor":8,"key":"PowerPotion"},{"floor":13,"key":"Fire Potion"},{"floor":14,"key":"AttackPotion"},{"floor":25,"key":"Block Potion"},{"floor":27,"key":"Energy Potion"}],"is_trial":false,"path_per_floor":["M","?","M","$","?","E","$","E","T","R","M","?","M","E","R","B",null,"M","$","?","T","$","?","R","M","T","M","E"],"character_chosen":"IRONCLAD","items_purchased":["Discovery","Ghostly Armor","Rupture+1","Strange Spoon","Thunderclap"],"campfire_rested":2,"item_purchase_floors":[4,4,19,19,22],"current_hp_per_floor":[80,74,74,74,71,74,74,42,42,64,67,60,54,42,64,33,74,56,56,51,51,51,51,51,27,27,31,0],"gold":101,"neow_bonus":"THREE_ENEMY_KILL","is_prod":false,"is_daily":false,"chose_seed":false,"campfire_upgraded":1,"win_rate":0,"timestamp":1566342022,"path_taken":["M","?","M","$","?","E","?","E","T","R","?","?","M","E","R","BOSS","M","$","?","?","?","?","R","M","T","M","E"],"build_version":"2019-07-17","purchased_purges":0,"victory":false,"max_hp_per_floor":[80,74,74,74,74,74,74,74,74,74,74,74,74,74,74,74,74,74,74,51,51,51,51,51,51,51,51,51],"card_choices":[{"not_picked":["Sword Boomerang","Intimidate"],"picked":"Twin Strike","floor":1},{"not_picked":["Headbutt","Havoc"],"picked":"Armaments","floor":3},{"not_picked":["Armaments","Searing Blow"],"picked":"Metallicize+1","floor":6},{"not_picked":["Power Through","Flex"],"picked":"Cleave","floor":8},{"not_picked":["Twin Strike","Rampage"],"picked":"Combust+1","floor":11},{"not_picked":["Wild Strike","Clash"],"picked":"Twin Strike","floor":13},{"not_picked":["Spot Weakness","Iron Wave"],"picked":"Inflame+1","floor":14},{"not_picked":["Feed","Exhume"],"picked":"Reaper","floor":16},{"not_picked":["Cleave","Havoc"],"picked":"Dual Wield+1","floor":18},{"not_picked":["Entrench","Flex"],"picked":"Pummel+1","floor":25},{"not_picked":["Shrug It Off","Pommel Strike"],"picked":"Carnage","floor":27}],"player_experience":601054,"relics_obtained":[{"floor":6,"key":"Shuriken"},{"floor":8,"key":"Mummified Hand"},{"floor":9,"key":"Ancient Tea Set"},{"floor":14,"key":"Bottled Flame"},{"floor":21,"key":"Blood Vial"},{"floor":26,"key":"Dream Catcher"}],"event_choices":[{"damage_healed":0,"gold_gain":0,"player_choice":"Lose Max HP","damage_taken":0,"relics_obtained":["Golden Idol"],"max_hp_gain":0,"max_hp_loss":6,"event_name":"Golden Idol","floor":2,"gold_loss":0},{"damage_healed":0,"gold_gain":0,"player_choice":"Success","damage_taken":3,"relics_obtained":["Frozen Egg 2"],"max_hp_gain":0,"max_hp_loss":0,"event_name":"Scrap Ooze","floor":5,"gold_loss":0},{"cards_removed":["Strike_R"],"damage_healed":0,"gold_gain":0,"player_choice":"Card Removal","damage_taken":7,"max_hp_gain":0,"max_hp_loss":0,"event_name":"Golden Wing","floor":12,"gold_loss":0},{"damage_healed":0,"gold_gain":0,"player_choice":"Became a vampire","damage_taken":0,"max_hp_gain":0,"max_hp_loss":23,"event_name":"Vampires","floor":20,"gold_loss":0,"cards_obtained":["Bite","Bite","Bite","Bite","Bite"]},{"damage_healed":0,"gold_gain":0,"player_choice":"Ignored","damage_taken":0,"max_hp_gain":0,"max_hp_loss":0,"event_name":"Ghosts","floor":23,"gold_loss":0}],"is_beta":false,"boss_relics":[{"not_picked":["Lizard Tail","Philosopher\u0027s Stone"],"picked":"Empty Cage"}],"items_purged_floors":[],"is_endless":false,"potions_floor_spawned":[6,8,13,14,25,27],"killed_by":"Gremlin Leader","ascension_level":3}