{"gold_per_floor":[114,16,16,29,48,48,48,48,97,122,136,150,50,65,65,164,164,179,199,62,79,96,96],"floor_reached":23,"playtime":896,"items_purged":["Defend_R","Defend_R"],"score":234,"play_id":"b76c23ff-3667-441f-8d49-5f6eba93a822","local_time":"20190428194640","is_ascension_mode":true,"campfire_choices":[{"data":"Perfected Strike","floor":6,"key":"SMITH"},{"data":"Perfected Strike","floor":8,"key":"SMITH"},{"data":"Armaments","floor":15,"key":"SMITH"}],"neow_cost":"TEN_PERCENT_HP_LOSS","seed_source_timestamp":937695766753700,"circlet_count":0,"master_deck":["Strike_R","Strike_R","Strike_R","Strike_R","Strike_R","Defend_R","Defend_R","Bash","Shrug It Off","Perfected Strike+1","Perfected Strike+1","Battle Trance","Shockwave","Armaments+1","Flame Barrier","Bludgeon","Flame Barrier+1","True Grit","Good Instincts","Shrug It Off","Iron Wave"],"relics":["Burning Blood","Bird Faced Urn","FossilizedHelix","Oddly Smooth Stone","Dream Catcher","Black Star"],"potions_floor_usage":[21,22,23,23],"damage_taken":[{"damage":1,"enemies":"Cultist","floor":1,"turns":3},{"damage":0,"enemies":"Jaw Worm","floor":4,"turns":3},{"damage":0,"enemies":"2 Louse","floor":5,"turns":3},{"damage":20,"enemies":"3 Sentries","floor":10,"turns":7},{"damage":0,"enemies":"Large Slime","floor":11,"turns":5},{"damage":0,"enemies":"Blue Slaver","floor":12,"turns":2},{"damage":6,"enemies":"3 Louse","floor":14,"turns":3},{"damage":13,"enemies":"The Guardian","floor":16,"turns":11},{"damage":0,"enemies":"Spheric Guardian","floor":18,"turns":3},{"damage":18,"enemies":"2 Thieves","floor":19,"turns":5},{"damage":8,"enemies":"Snake Plant","floor":21,"turns":4},{"damage":40,"enemies":"Chosen and Byrds","floor":22,"turns":10},{"damage":31,"enemies":"Gremlin Leader","floor":23,"turns":6}],"seed_played":"4547930135398709172","potions_obtained":[{"floor":4,"key":"Fire Potion"},{"floor":5,"key":"Block Potion"},{"floor":11,"key":"SteroidPotion"},{"floor":22,"key":"SteroidPotion"}],"is_trial":false,"path_per_floor":["M","$","?","M","M","R","$","R","T","E","M","M","$","M","R","B",null,"M","M","$","M","M","E"],"character_chosen":"IRONCLAD","items_purchased":["Perfected Strike","Good Instincts","Shrug It Off"],"campfire_rested":0,"item_purchase_floors":[2,20,20],"current_hp_per_floor":[72,72,69,72,72,72,72,72,72,58,64,70,70,70,70,63,72,72,60,60,58,24,0],"gold":96,"neow_bonus":"ONE_RARE_RELIC","is_prod":false,"is_daily":false,"chose_seed":false,"campfire_upgraded":3,"win_rate":0,"timestamp":1556473600,"path_taken":["M","?","?","M","M","R","$","R","T","E","M","M","$","M","R","BOSS","M","M","$","M","M","E"],"build_version":"2019-01-23","purchased_purges":2,"victory":false,"max_hp_per_floor":[72,72,72,72,72,72,72,72,72,72,72,72,72,72,72,72,72,72,72,72,72,72,72],"card_choices":[{"not_picked":["Sword Boomerang","Uppercut"],"picked":"Shrug It Off","floor":1},{"not_picked":["Warcry","Metallicize"],"picked":"Perfected Strike","floor":4},{"not_picked":["Anger","Evolve"],"picked":"Battle Trance","floor":5},{"not_picked":["Thunderclap","Body Slam"],"picked":"Shockwave","floor":10},{"not_picked":["Bloodletting","Whirlwind"],"picked":"Armaments","floor":11},{"not_picked":["Clothesline","Warcry","Whirlwind"],"picked":"SKIP","floor":12},{"not_picked":["Cleave","Armaments"],"picked":"Flame Barrier","floor":14},{"not_picked":["Immolate","Dark Embrace"],"picked":"Bludgeon","floor":16},{"not_picked":["Combust","Warcry+1"],"picked":"Flame Barrier+1","floor":18},{"not_picked":["Clash","Battle Trance+1"],"picked":"True Grit","floor":19},{"not_picked":["Rupture","Clash"],"picked":"Iron Wave","floor":21},{"not_picked":["Clash","Shrug It Off","Burning Pact"],"picked":"SKIP","floor":22}],"player_experience":306326,"relics_obtained":[{"floor":9,"key":"Oddly Smooth Stone"},{"floor":10,"key":"Dream Catcher"}],"event_choices":[{"damage_healed":0,"gold_gain":0,"player_choice":"Success","damage_taken":3,"relics_obtained":["FossilizedHelix"],"max_hp_gain":0,"max_hp_loss":0,"event_name":"Scrap Ooze","floor":3,"gold_loss":0}],"is_beta":false,"boss_relics":[{"not_picked":["Lizard Tail","Mark of Pain"],"picked":"Black Star"}],"items_purged_floors":[2,13],"is_endless":false,"potions_floor_spawned":[4,5,11,12,19,22],"killed_by":"Gremlin Leader","ascension_level":4}