{"gold_per_floor":[112,62,12,37,56,87,87,87,387,421,53,53,64,78,78,175,175,185,198,50,50,67,67,101,101,126,142,157,157,182,198,198,198],"floor_reached":33,"playtime":948,"items_purged":["Sentinel"],"score":432,"play_id":"f1f430e4-534c-4cdc-bc24-a5a4a23d7ccf","local_time":"20190903004347","is_ascension_mode":true,"campfire_choices":[{"data":"Armaments","floor":7,"key":"SMITH"},{"data":"Defend_R","floor":15,"key":"PURGE"},{"data":"Defend_R","floor":23,"key":"PURGE"},{"floor":25,"key":"REST"},{"data":"Strike_R","floor":29,"key":"PURGE"},{"floor":32,"key":"REST"}],"neow_cost":"NONE","seed_source_timestamp":1144758393566900,"circlet_count":0,"master_deck":["Strike_R","Strike_R","Defend_R","Defend_R","Bash","Armaments+1","Dropkick","Shrug It Off","Clash+1","Rampage+1","Dropkick+1"],"relics":["Black Blood","NeowsBlessing","Bag of Marbles","Bronze Scales","Peace Pipe","Old Coin","Ginger","Molten Egg 2","Omamori","Boot","Blood Vial","Red Skull"],"potions_floor_usage":[10,16,16,18,24,28],"damage_taken":[{"damage":0,"enemies":"Small Slimes","floor":1,"turns":1},{"damage":0,"enemies":"Jaw Worm","floor":5,"turns":1},{"damage":0,"enemies":"3 Sentries","floor":6,"turns":1},{"damage":44,"enemies":"Lagavulin","floor":10,"turns":6},{"damage":2,"enemies":"2 Louse","floor":13,"turns":3},{"damage":0,"enemies":"Red Slaver","floor":14,"turns":4},{"damage":65,"enemies":"Hexaghost","floor":16,"turns":8},{"damage":9,"enemies":"3 Byrds","floor":18,"turns":3},{"damage":13,"enemies":"Spheric Guardian","floor":19,"turns":4},{"damage":30,"enemies":"Snake Plant","floor":22,"turns":3},{"damage":30,"enemies":"Book of Stabbing","floor":24,"turns":4},{"damage":28,"enemies":"Centurion and Healer","floor":27,"turns":7},{"damage":7,"enemies":"Chosen and Byrds","floor":28,"turns":3},{"damage":35,"enemies":"Gremlin Leader","floor":30,"turns":5},{"damage":21,"enemies":"Snake Plant","floor":31,"turns":3},{"damage":50,"enemies":"Collector","floor":33,"turns":3}],"seed_played":"7503355966475813524","potions_obtained":[{"floor":5,"key":"LiquidBronze"},{"floor":10,"key":"Poison Potion"},{"floor":13,"key":"Block Potion"},{"floor":14,"key":"Explosive Potion"},{"floor":22,"key":"Fire Potion"},{"floor":24,"key":"LiquidBronze"}],"is_trial":false,"path_per_floor":["M","$","?","T","M","E","R","?","T","E","$","?","M","M","R","B",null,"M","M","$","?","M","R","E","R","T","M","M","R","E","M","R","B"],"character_chosen":"IRONCLAD","items_purchased":["Armaments","Molten Egg 2","Shrug It Off","Omamori"],"campfire_rested":2,"item_purchase_floors":[2,11,11,20],"current_hp_per_floor":[78,78,78,78,80,80,80,77,77,42,42,90,90,90,90,31,75,76,73,73,73,53,53,33,60,60,44,49,49,26,17,44,0],"gold":198,"neow_bonus":"THREE_ENEMY_KILL","is_prod":false,"is_daily":false,"chose_seed":false,"campfire_upgraded":1,"win_rate":0,"timestamp":1567489427,"path_taken":["M","$","?","?","M","E","R","?","T","E","$","?","M","M","R","BOSS","M","M","$","?","M","R","E","R","T","M","M","R","E","M","R","BOSS"],"build_version":"2019-07-17","purchased_purges":1,"victory":false,"max_hp_per_floor":[80,80,80,80,80,80,80,80,80,80,80,90,90,90,90,90,90,90,90,90,90,90,90,90,90,90,90,90,90,90,90,90,90],"card_choices":[{"not_picked":["Twin Strike","Flex"],"picked":"Sentinel","floor":1},{"not_picked":["Armaments","Wild Strike"],"picked":"Dropkick","floor":5},{"not_picked":["Shrug It Off","Twin Strike"],"picked":"Reaper","floor":6},{"not_picked":["Wild Strike","Rage","Reckless Charge"],"picked":"SKIP","floor":10},{"not_picked":["Anger+1","Clothesline+1"],"picked":"Clash+1","floor":13},{"not_picked":["Reckless Charge+1","Heavy Blade+1"],"picked":"Rampage+1","floor":14},{"not_picked":["Warcry","Body Slam+1","Cleave+1"],"picked":"SKIP","floor":18},{"not_picked":["Armaments","Warcry","Clothesline+1"],"picked":"SKIP","floor":19},{"not_picked":["Sword Boomerang+1","Perfected Strike+1","Twin Strike+1"],"picked":"SKIP","floor":22},{"not_picked":["Infernal Blade","Rampage+1","Intimidate+1"],"picked":"SKIP","floor":24},{"not_picked":["Evolve","Shrug It Off","Uppercut+1"],"picked":"SKIP","floor":27},{"not_picked":["Evolve+1","Iron Wave+1"],"picked":"Dropkick+1","floor":28},{"not_picked":["Headbutt+1","Fiend Fire+1","Heavy Blade+1"],"picked":"SKIP","floor":30},{"not_picked":["Body Slam+1","Twin Strike+1","Heavy Blade+1"],"picked":"SKIP","floor":31}],"player_experience":309400,"relics_obtained":[{"floor":4,"key":"Bag of Marbles"},{"floor":6,"key":"Bronze Scales"},{"floor":9,"key":"Old Coin"},{"floor":10,"key":"Ginger"},{"floor":24,"key":"Boot"},{"floor":26,"key":"Blood Vial"},{"floor":30,"key":"Red Skull"}],"event_choices":[{"cards_removed":["Strike_R"],"damage_healed":0,"gold_gain":0,"player_choice":"Card Removal","damage_taken":0,"max_hp_gain":0,"max_hp_loss":0,"event_name":"The Cleric","floor":3,"gold_loss":50},{"damage_healed":0,"gold_gain":0,"player_choice":"Success","damage_taken":3,"relics_obtained":["Peace Pipe"],"max_hp_gain":0,"max_hp_loss":0,"event_name":"Scrap Ooze","floor":8,"gold_loss":0},{"cards_removed":["Reaper"],"damage_healed":38,"gold_gain":0,"player_choice":"Offered Rare","damage_taken":0,"max_hp_gain":10,"max_hp_loss":0,"event_name":"Bonfire Elementals","floor":12,"gold_loss":0},{"cards_removed":["Strike_R"],"damage_healed":0,"gold_gain":0,"player_choice":"Elegance","damage_taken":0,"max_hp_gain":0,"max_hp_loss":0,"event_name":"Back to Basics","floor":21,"gold_loss":0}],"is_beta":false,"boss_relics":[{"not_picked":["Pandora\u0027s Box","Ectoplasm"],"picked":"Black Blood"}],"items_purged_floors":[11],"is_endless":false,"potions_floor_spawned":[5,10,13,14,22,24],"killed_by":"Collector","ascension_level":7}