{"gold_per_floor":[109,74,74,74,90,118,118,149,149,165,199,218,143,155,155,250,250,266,541,531,354,366,366],"floor_reached":23,"playtime":1113,"items_purged":["Pain","Regret"],"score":287,"play_id":"546f967d-a55a-4521-8c39-bd6061936af2","local_time":"20190527234724","is_ascension_mode":true,"campfire_choices":[{"floor":7.0,"key":"REST"},{"floor":15,"key":"REST"}],"neow_cost":"PERCENT_DAMAGE","seed_source_timestamp":624595065017900,"circlet_count":0,"master_deck":["Strike_B","Strike_B","Strike_B+1","Strike_B","Defend_B","Defend_B","Defend_B","Defend_B","Zap+1","Dualcast","Electrodynamics","Glacier","Coolheaded","Rainbow","White Noise","Leap","Heatsinks","Rebound","Coolheaded","Glacier","Skim","Sunder","FTL+1","Tempest","Sweeping Beam+1","White Noise","Core Surge"],"special_seed":0,"relics":["FrozenCore","WarpedTongs","Nunchaku","PreservedInsect","Prayer Wheel","Regal Pillow"],"potions_floor_usage":[14,20,22,23,23],"damage_taken":[{"damage":0.0,"enemies":"2 Louse","floor":1.0,"turns":1.0},{"damage":16.0,"enemies":"Small Slimes","floor":5.0,"turns":3.0},{"damage":17.0,"enemies":"3 Sentries","floor":6.0,"turns":4.0},{"damage":10.0,"enemies":"Lagavulin","floor":8.0,"turns":8.0},{"damage":6.0,"enemies":"Cultist","floor":10.0,"turns":3.0},{"damage":1.0,"enemies":"Gremlin Nob","floor":11.0,"turns":4.0},{"damage":2.0,"enemies":"2 Fungi Beasts","floor":12.0,"turns":2.0},{"damage":0,"enemies":"Lots of Slimes","floor":14,"turns":1},{"damage":39,"enemies":"Hexaghost","floor":16,"turns":13},{"damage":37,"enemies":"Spheric Guardian","floor":18,"turns":8},{"damage":21,"enemies":"2 Thieves","floor":20,"turns":4},{"damage":16,"enemies":"Centurion and Healer","floor":22,"turns":5},{"damage":2,"enemies":"Gremlin Leader","floor":23,"turns":1}],"seed_played":"-7887961001204782824","potions_obtained":[{"floor":5.0,"key":"Energy Potion"},{"floor":10.0,"key":"FearPotion"},{"floor":16,"key":"SpeedPotion"},{"floor":18,"key":"FocusPotion"},{"floor":22,"key":"Swift Potion"}],"is_trial":false,"path_per_floor":["M","?","?","?","M","E","R","E","T","M","E","M","$","M","R","B",null,"M","?","M","$","M","E"],"character_chosen":"DEFECT","items_purchased":["Regen Potion"],"campfire_rested":2,"item_purchase_floors":[21],"current_hp_per_floor":[54,72,57,57,41,24,46,36,36,30,29,27,27,27,64,25,75,38,38,17,17,1,0],"gold":366,"neow_bonus":"THREE_RARE_CARDS","is_prod":false,"is_daily":false,"chose_seed":false,"campfire_upgraded":0,"win_rate":0,"timestamp":1558993644,"path_taken":["M","?","?","?","?","E","R","E","T","M","E","M","$","M","R","BOSS","M","?","?","$","?","E"],"build_version":"2019-05-26","purchased_purges":2,"victory":false,"max_hp_per_floor":[75,75,75,75,75,75,75,75,75,75,75,75,75,75,75,75,75,75,75,75,75,75,75],"card_choices":[{"not_picked":["Amplify","All For One"],"picked":"Electrodynamics","floor":0.0},{"not_picked":["Streamline","Skim","Stack"],"picked":"SKIP","floor":1.0},{"not_picked":["Streamline","Rebound"],"picked":"Glacier","floor":5.0},{"not_picked":["Rebound","Chaos"],"picked":"Coolheaded","floor":6.0},{"not_picked":["Ball Lightning","Go for the Eyes"],"picked":"Rainbow","floor":8.0},{"not_picked":["Barrage","Streamline"],"picked":"White Noise","floor":10.0},{"not_picked":["Steam","Turbo"],"picked":"Leap","floor":10.0},{"not_picked":["Biased Cognition","Ball Lightning"],"picked":"Heatsinks","floor":11.0},{"not_picked":["Turbo","FTL"],"picked":"Rebound","floor":12.0},{"not_picked":["Scrape","Stack"],"picked":"Coolheaded","floor":12.0},{"not_picked":["Stack","Compile Driver"],"picked":"Glacier","floor":14},{"not_picked":["All For One","Lockon"],"picked":"Skim","floor":14},{"not_picked":["Multi-Cast","Meteor Strike"],"picked":"Sunder","floor":16},{"not_picked":["Gash","Compile Driver"],"picked":"FTL+1","floor":18},{"not_picked":["Chill","Hologram"],"picked":"Tempest","floor":18},{"not_picked":["Force Field+1","Steam","Barrage"],"picked":"SKIP","floor":20},{"not_picked":["Sweeping Beam+1","Beam Cell","Coolheaded"],"picked":"SKIP","floor":20},{"not_picked":["Beam Cell","Coolheaded"],"picked":"Sweeping Beam+1","floor":20},{"not_picked":["Force Field+1","Steam","Barrage"],"picked":"SKIP","floor":20},{"not_picked":["Hologram","Force Field"],"picked":"White Noise","floor":22},{"not_picked":["Ball Lightning+1","Cold Snap"],"picked":"Core Surge","floor":22}],"player_experience":84500,"relics_obtained":[{"floor":6.0,"key":"Nunchaku"},{"floor":8.0,"key":"PreservedInsect"},{"floor":9.0,"key":"Prayer Wheel"},{"floor":11.0,"key":"Regal Pillow"}],"event_choices":[{"damage_healed":18.0,"max_hp_gain":0.0,"max_hp_loss":0.0,"gold_gain":0.0,"event_name":"The Cleric","player_choice":"Healed","floor":2.0,"gold_loss":35.0,"damage_taken":0.0},{"damage_healed":0.0,"max_hp_gain":0.0,"max_hp_loss":0.0,"gold_gain":0.0,"event_name":"Shining Light","player_choice":"Entered Light","floor":3.0,"gold_loss":0.0,"damage_taken":15.0,"cards_upgraded":["Zap","Strike_B"]},{"damage_healed":0.0,"max_hp_gain":0.0,"max_hp_loss":0.0,"gold_gain":0.0,"event_name":"Accursed Blacksmith","player_choice":"Rummage","floor":4.0,"gold_loss":0.0,"damage_taken":0.0,"relics_obtained":["WarpedTongs"],"cards_obtained":["Pain"]},{"damage_healed":0,"gold_gain":275,"player_choice":"Desecrate","damage_taken":0,"max_hp_gain":0,"max_hp_loss":0,"event_name":"Golden Shrine","floor":19,"gold_loss":0,"cards_obtained":["Regret"]}],"is_beta":true,"boss_relics":[{"not_picked":["Busted Crown","Fusion Hammer"],"picked":"FrozenCore"}],"items_purged_floors":[13,21],"is_endless":false,"potions_floor_spawned":[5,10,16,18,22],"killed_by":"Gremlin Leader","ascension_level":2}