{"gold_per_floor":[112,112,129,143,143,143,143,92,122,140,179,354,369,394,394,517,517,530,184,184,209,209,245,265,308,308,359,359,373,16,35,35,163,163,177,196,210,16,16],"floor_reached":39,"playtime":2110,"items_purged":["Regret"],"score":494,"play_id":"fe973bfd-75f1-4e16-bdb4-99288d4036eb","local_time":"20190504140641","is_ascension_mode":true,"campfire_choices":[{"data":"A Thousand Cuts","floor":15,"key":"SMITH"},{"floor":28,"key":"REST"},{"floor":32,"key":"REST"}],"neow_cost":"NONE","seed_source_timestamp":9553450672200,"circlet_count":0,"master_deck":["Defend_G","Defend_G","Defend_G","Defend_G","Defend_G","Survivor","Neutralize","Cloak And Dagger","A Thousand Cuts+1","Accuracy","Infinite Blades","Cloak And Dagger","Backstab","Flying Knee","Doubt","Well Laid Plans","Leg Sweep","Bullet Time","Terror","Blade Dance","Backflip","Bite","Bite","Bite","Bite","Bite","Deflect+1","Dash","Cloak And Dagger","Accuracy+1","Choke+1","Predator","PiercingWail+1","Corpse Explosion","Riddle With Holes","Dash+1","Blade Dance"],"relics":["Ring of the Snake","NeowsBlessing","Golden Idol","FossilizedHelix","Tiny Chest","Pear","Lizard Tail","Kunai","Bottled Flame","Sundial","Lantern","Matryoshka","Bronze Scales","Orichalcum","Ornamental Fan","Black Star","TwistedFunnel"],"potions_floor_usage":[11,14,23,31,31,33,36,39],"damage_taken":[{"damage":0,"enemies":"2 Louse","floor":1,"turns":1},{"damage":0,"enemies":"Small Slimes","floor":3,"turns":1},{"damage":0,"enemies":"Jaw Worm","floor":4,"turns":1},{"damage":4,"enemies":"Blue Slaver","floor":10,"turns":4},{"damage":13,"enemies":"3 Sentries","floor":11,"turns":6},{"damage":1,"enemies":"Exordium Wildlife","floor":13,"turns":3},{"damage":2,"enemies":"Gremlin Gang","floor":14,"turns":5},{"damage":61,"enemies":"Hexaghost","floor":16,"turns":13},{"damage":3,"enemies":"Shell Parasite","floor":18,"turns":7},{"damage":3,"enemies":"Chosen","floor":21,"turns":4},{"damage":45,"enemies":"Slavers","floor":23,"turns":7},{"damage":31,"enemies":"Centurion and Healer","floor":24,"turns":8},{"damage":23,"enemies":"Gremlin Leader","floor":25,"turns":9},{"damage":28,"enemies":"Snake Plant","floor":29,"turns":6},{"damage":30,"enemies":"3 Cultists","floor":31,"turns":8},{"damage":32,"enemies":"Automaton","floor":33,"turns":11},{"damage":0,"enemies":"3 Shapes","floor":35,"turns":6},{"damage":0,"enemies":"3 Darklings","floor":36,"turns":3},{"damage":70,"enemies":"Transient","floor":37,"turns":5},{"damage":13,"enemies":"Maw","floor":39,"turns":7}],"seed_played":"-3386347483275584890","potions_obtained":[{"floor":3,"key":"Block Potion"},{"floor":4,"key":"PowerPotion"},{"floor":14,"key":"Dexterity Potion"},{"floor":24,"key":"FearPotion"},{"floor":25,"key":"Swift Potion"},{"floor":31,"key":"SkillPotion"},{"floor":33,"key":"AttackPotion"},{"floor":35,"key":"LiquidBronze"}],"is_trial":false,"path_per_floor":["M","?","M","M","?","?","T","$","T","M","E","?","M","M","R","B",null,"M","$","?","M","T","E","M","E","T","T","R","M","$","M","R","B",null,"M","M","M","$","M"],"character_chosen":"THE_SILENT","items_purchased":["Cloak And Dagger","Kunai","Blade Dance","Backflip","Ornamental Fan","Predator","TwistedFunnel"],"campfire_rested":2,"item_purchase_floors":[8,19,19,19,30,30,38],"current_hp_per_floor":[70,70,70,70,70,65,65,65,65,61,60,60,61,61,61,2,75,72,72,72,75,75,46,29,20,20,20,42,20,20,37,59,35,75,75,75,7,7,0],"gold":16,"neow_bonus":"THREE_ENEMY_KILL","is_prod":false,"is_daily":false,"chose_seed":false,"campfire_upgraded":1,"win_rate":0,"timestamp":1556971601,"path_taken":["M","?","M","M","?","?","?","$","T","M","E","?","M","M","R","BOSS","M","$","?","M","?","E","M","E","T","?","R","M","$","?","R","BOSS","M","M","M","$","M"],"build_version":"2019-04-23","purchased_purges":1,"victory":false,"max_hp_per_floor":[70,70,70,70,70,65,65,65,65,65,75,75,75,75,75,75,75,75,75,75,75,75,75,75,75,75,75,75,75,75,75,75,75,75,75,75,75,75,75],"card_choices":[{"not_picked":["PiercingWail","Bane"],"picked":"Cloak And Dagger","floor":1},{"not_picked":["Sucker Punch","Noxious Fumes"],"picked":"Accuracy","floor":3},{"not_picked":["Reflex","Dagger Throw"],"picked":"Infinite Blades","floor":4},{"not_picked":["Deadly Poison","Sucker Punch"],"picked":"Backstab","floor":10},{"not_picked":["Acrobatics","Poisoned Stab"],"picked":"Flying Knee","floor":11},{"not_picked":["Expertise","Endless Agony"],"picked":"Well Laid Plans","floor":13},{"not_picked":["Deadly Poison","Eviscerate"],"picked":"Leg Sweep","floor":14},{"not_picked":["Die Die Die","Glass Knife"],"picked":"Bullet Time","floor":16},{"not_picked":["Noxious Fumes","Slice"],"picked":"Terror","floor":18},{"not_picked":["Underhanded Strike","Escape Plan"],"picked":"Deflect+1","floor":21},{"not_picked":["Underhanded Strike+1","Backflip"],"picked":"Dash","floor":23},{"not_picked":["Distraction+1","Reflex"],"picked":"Cloak And Dagger","floor":24},{"not_picked":["Quick Slash","Endless Agony+1"],"picked":"Accuracy+1","floor":25},{"not_picked":["Bane+1","Calculated Gamble"],"picked":"Choke+1","floor":29},{"not_picked":["Backflip","Dagger Throw+1"],"picked":"PiercingWail+1","floor":31},{"not_picked":["Die Die Die","Night Terror"],"picked":"Corpse Explosion","floor":33},{"not_picked":["Sucker Punch","Poisoned Stab+1"],"picked":"Riddle With Holes","floor":35},{"not_picked":["Quick Slash+1","Outmaneuver"],"picked":"Dash+1","floor":36},{"not_picked":["Flechettes","Dash"],"picked":"Blade Dance","floor":37}],"player_experience":51269,"relics_obtained":[{"floor":7,"key":"FossilizedHelix"},{"floor":9,"key":"Tiny Chest"},{"floor":11,"key":"Pear"},{"floor":22,"key":"Bottled Flame"},{"floor":23,"key":"Sundial"},{"floor":25,"key":"Lantern"},{"floor":26,"key":"Matryoshka"},{"floor":27,"key":"Bronze Scales"},{"floor":27,"key":"Orichalcum"}],"event_choices":[{"damage_healed":0,"gold_gain":0,"cards_transformed":["Strike_G"],"player_choice":"Change","damage_taken":0,"max_hp_gain":0,"max_hp_loss":0,"event_name":"Living Wall","floor":2,"gold_loss":0,"cards_obtained":["A Thousand Cuts"]},{"damage_healed":0,"gold_gain":0,"player_choice":"Box","damage_taken":0,"relics_obtained":["Blood Vial"],"max_hp_gain":0,"max_hp_loss":0,"event_name":"Big Fish","floor":5,"gold_loss":0,"cards_obtained":["Regret"]},{"damage_healed":0,"gold_gain":0,"player_choice":"Lose Max HP","damage_taken":0,"relics_obtained":["Golden Idol"],"max_hp_gain":0,"max_hp_loss":5,"event_name":"Golden Idol","floor":6,"gold_loss":0},{"damage_healed":0,"gold_gain":175,"player_choice":"AGREE","damage_taken":0,"max_hp_gain":0,"max_hp_loss":0,"event_name":"Liars Game","floor":12,"gold_loss":0,"cards_obtained":["Doubt"]},{"damage_healed":0,"gold_gain":0,"player_choice":"Became a vampire (Vial)","damage_taken":0,"max_hp_gain":0,"max_hp_loss":0,"event_name":"Vampires","floor":20,"relics_lost":["Blood Vial"],"gold_loss":0,"cards_obtained":["Bite","Bite","Bite","Bite","Bite"]}],"is_beta":true,"boss_relics":[{"not_picked":["White Beast Statue","Runic Dome"],"picked":"Lizard Tail"},{"not_picked":["Empty Cage","HoveringKite"],"picked":"Black Star"}],"items_purged_floors":[30],"is_endless":false,"potions_floor_spawned":[3,4,14,24,25,31,33,35],"killed_by":"Maw","ascension_level":1}