{"gold_per_floor":[117,38,52,52,3,34,48,61,61,61,76,76,95,111,111,209,209,222,237,237,42,42,75,75],"floor_reached":24,"playtime":758,"items_purged":[],"score":304,"play_id":"5389772a-deea-4260-a5bc-8030c4b98047","local_time":"20190825100800","is_ascension_mode":true,"campfire_choices":[{"floor":10.0,"key":"REST"},{"data":"Uppercut","floor":12.0,"key":"SMITH"},{"floor":15.0,"key":"REST"}],"neow_cost":"NONE","seed_source_timestamp":0,"circlet_count":0,"master_deck":["Strike_R","Strike_R","Strike_R","Strike_R","Defend_R","Defend_R","Defend_R","Defend_R","Bash","Uppercut","Inflame","Havoc","Uppercut+1","Cleave","Offering","Rage","Thunderclap","Metallicize","Juggernaut","Injury","Decay","Clumsy","Pommel Strike","Sword Boomerang","Juggernaut","Rage","Armaments"],"special_seed":0,"relics":["Burning Blood","NeowsBlessing","StoneCalendar","Dodecahedron","Calling Bell","Dream Catcher","Meat on the Bone","Champion Belt","Juzu Bracelet","Ornamental Fan"],"potions_floor_usage":[24],"damage_taken":[{"damage":0.0,"enemies":"Jaw Worm","floor":1.0,"turns":1.0},{"damage":0.0,"enemies":"Cultist","floor":3.0,"turns":1.0},{"damage":0.0,"enemies":"Gremlin Nob","floor":6.0,"turns":1.0},{"damage":0.0,"enemies":"Small Slimes","floor":7.0,"turns":2.0},{"damage":21.0,"enemies":"Gremlin Gang","floor":8.0,"turns":5.0},{"damage":6.0,"enemies":"Looter","floor":11.0,"turns":2.0},{"damage":0.0,"enemies":"Exordium Wildlife","floor":13.0,"turns":2.0},{"damage":14.0,"enemies":"Blue Slaver","floor":14.0,"turns":2.0},{"damage":48.0,"enemies":"Hexaghost","floor":16.0,"turns":7.0},{"damage":36.0,"enemies":"3 Byrds","floor":18.0,"turns":4.0},{"damage":22.0,"enemies":"Shell Parasite","floor":19.0,"turns":7.0},{"damage":39.0,"enemies":"Slavers","floor":23.0,"turns":3.0},{"damage":28,"enemies":"Centurion and Healer","floor":24,"turns":3}],"seed_played":"6442742533502941157","potions_obtained":[{"floor":1.0,"key":"SkillPotion"},{"floor":7.0,"key":"SneckoOil"},{"floor":14.0,"key":"Poison Potion"},{"floor":16.0,"key":"Ancient Potion"},{"floor":18.0,"key":"Explosive Potion"},{"floor":19.0,"key":"SkillPotion"},{"floor":23.0,"key":"AttackPotion"}],"is_trial":false,"path_per_floor":["M","$","M","?","$","E","M","M","T","R","M","R","M","M","R","B",null,"M","M","?","$","?","E","M"],"character_chosen":"IRONCLAD","items_purchased":["Inflame","Explosive Potion","Juzu Bracelet","Rage"],"campfire_rested":2,"item_purchase_floors":[2,5,21,21],"current_hp_per_floor":[80,80,80,80,80,80,80,65,65,80,80,80,80,72,80,38,70,52,48,48,48,48,27,0],"gold":75,"neow_bonus":"THREE_ENEMY_KILL","is_prod":false,"is_daily":false,"chose_seed":false,"campfire_upgraded":1,"win_rate":0,"timestamp":1566742080,"path_taken":["M","$","M","?","$","E","?","M","T","R","?","R","?","M","R","BOSS","M","M","?","$","?","E","M"],"build_version":"2019-07-17","purchased_purges":0,"victory":false,"max_hp_per_floor":[80,80,80,80,80,80,80,80,80,80,80,80,80,80,80,80,80,80,80,80,80,80,80,80],"card_choices":[{"not_picked":["Thunderclap","Headbutt"],"picked":"Uppercut","floor":1.0},{"not_picked":["Anger","Wild Strike"],"picked":"Havoc","floor":3.0},{"not_picked":["Pommel Strike","Havoc"],"picked":"Uppercut","floor":6.0},{"not_picked":["Havoc","Body Slam"],"picked":"Cleave","floor":7.0},{"not_picked":["Clash","Evolve"],"picked":"Offering","floor":8.0},{"not_picked":["True Grit","Thunderclap"],"picked":"Rage","floor":11.0},{"not_picked":["Clothesline","Havoc"],"picked":"Thunderclap","floor":13.0},{"not_picked":["True Grit","Dual Wield"],"picked":"Metallicize","floor":14.0},{"not_picked":["Exhume","Feed"],"picked":"Juggernaut","floor":16.0},{"not_picked":["Hemokinesis+1","Wild Strike"],"picked":"Pommel Strike","floor":18.0},{"not_picked":["Headbutt","Thunderclap"],"picked":"Sword Boomerang","floor":19.0},{"not_picked":["Headbutt","Burning Pact"],"picked":"Armaments","floor":23.0}],"player_experience":640699,"relics_obtained":[{"floor":6.0,"key":"StoneCalendar"},{"floor":9.0,"key":"Dodecahedron"},{"floor":17.0,"key":"Dream Catcher"},{"floor":17.0,"key":"Meat on the Bone"},{"floor":17.0,"key":"Champion Belt"},{"floor":23.0,"key":"Ornamental Fan"}],"event_choices":[{"cards_removed":["Strike_R"],"damage_healed":0.0,"max_hp_gain":0.0,"max_hp_loss":0.0,"gold_gain":0.0,"event_name":"Purifier","player_choice":"Purged","floor":4.0,"gold_loss":0.0,"damage_taken":0.0},{"damage_healed":0.0,"max_hp_gain":0.0,"max_hp_loss":0.0,"gold_gain":0.0,"event_name":"Duplicator","player_choice":"Copied","floor":20.0,"gold_loss":0.0,"damage_taken":0.0,"cards_obtained":["Juggernaut"]},{"damage_healed":0.0,"max_hp_gain":0.0,"max_hp_loss":0.0,"gold_gain":0.0,"event_name":"Ghosts","player_choice":"Ignored","floor":22.0,"gold_loss":0.0,"damage_taken":0.0}],"is_beta":false,"boss_relics":[{"not_picked":["White Beast Statue","Velvet Choker"],"picked":"Calling Bell"}],"items_purged_floors":[],"is_endless":false,"potions_floor_spawned":[1,7,14,16,18,19,23],"killed_by":"Centurion and Healer","ascension_level":5}