{"gold_per_floor":[112,112,131,151,151,151,181,181,207,235,245,1,17,27,27,132,132,144,144,155,155,166,166,198,198,269,269,294,313,325,90,90,194,194,206,206,1205,1215,1238,1563,1563,1563],"floor_reached":42,"playtime":2069,"items_purged":[],"score":624,"play_id":"1e46c7fe-e142-4fd7-96b3-93ab2ea8a6d0","local_time":"20190620201732","is_ascension_mode":true,"campfire_choices":[{"floor":6,"key":"REST"},{"floor":8,"key":"REST"},{"floor":15,"key":"REST"},{"floor":23,"key":"REST"},{"data":"Streamline","floor":32,"key":"SMITH"},{"floor":41,"key":"REST"}],"neow_cost":"PERCENT_DAMAGE","seed_source_timestamp":2684557071046300,"circlet_count":0,"master_deck":["Defend_B","Defend_B+1","Defend_B","Zap+1","Dualcast","Seek","Leap+1","Conserve Battery","Sunder","Seek","Cold Snap","Auto Shields","Ball Lightning","Genetic Algorithm","Hyperbeam","Rebound","Go for the Eyes+1","Storm","Streamline+1","Beam Cell+1","Rebound","Bite","Bite","Bite","Bite","Bite","Self Repair","Glacier+1","Rebound","Undo","Machine Learning","Barrage","Normality","Normality","Chill+1","Stack+1"],"relics":["Cracked Core","FaceOfCleric","Vajra","War Paint","Pear","Membership Card","Nuclear Battery","Lantern","Singing Bowl","Mercury Hourglass","Runic Capacitor","Tiny Chest","DataDisk","Black Star","Potion Belt","Old Coin","Dream Catcher"],"potions_floor_usage":[7,16,24,24,28,28,29,40],"damage_taken":[{"damage":2,"enemies":"Small Slimes","floor":1,"turns":3},{"damage":0,"enemies":"2 Louse","floor":3,"turns":2},{"damage":1,"enemies":"Cultist","floor":4,"turns":3},{"damage":26,"enemies":"Lagavulin","floor":7,"turns":7},{"damage":25,"enemies":"3 Sentries","floor":10,"turns":10},{"damage":10,"enemies":"Large Slime","floor":11,"turns":4},{"damage":2,"enemies":"Lots of Slimes","floor":13,"turns":4},{"damage":0,"enemies":"3 Louse","floor":14,"turns":3},{"damage":26,"enemies":"Hexaghost","floor":16,"turns":11},{"damage":21,"enemies":"Shell Parasite","floor":18,"turns":5},{"damage":13,"enemies":"2 Thieves","floor":20,"turns":4},{"damage":27,"enemies":"3 Cultists","floor":22,"turns":6},{"damage":38,"enemies":"Book of Stabbing","floor":24,"turns":6},{"damage":22,"enemies":"Slavers","floor":28,"turns":4},{"damage":0,"enemies":"Sentry and Sphere","floor":29,"turns":3},{"damage":4,"enemies":"Snake Plant","floor":30,"turns":3},{"damage":50,"enemies":"Champ","floor":33,"turns":16},{"damage":23,"enemies":"3 Darklings","floor":35,"turns":6},{"damage":0,"enemies":"Orb Walker","floor":38,"turns":2},{"damage":37,"enemies":"Reptomancer","floor":40,"turns":9},{"damage":94,"enemies":"Giant Head","floor":42,"turns":11}],"seed_played":"-3996692989034642597","potions_obtained":[{"floor":3,"key":"SteroidPotion"},{"floor":4,"key":"LiquidBronze"},{"floor":11,"key":"Strength Potion"},{"floor":16,"key":"Energy Potion"},{"floor":19,"key":"EntropicBrew"},{"floor":19,"key":"Regen Potion"},{"floor":20,"key":"Regen Potion"},{"floor":28,"key":"SteroidPotion"},{"floor":29,"key":"Strength Potion"},{"floor":38,"key":"SkillPotion"}],"is_trial":false,"path_per_floor":["M","?","M","M","?","R","E","R","T","E","M","$","M","M","R","B",null,"M","?","M","?","M","R","E","?","T","?","E","M","M","$","R","B",null,"M","?","?","M","T","E","R","E"],"character_chosen":"DEFECT","items_purchased":["Membership Card","Auto Shields","Runic Capacitor","Tiny Chest","DataDisk","Undo"],"campfire_rested":5,"item_purchase_floors":[12,12,31,31,31,31],"current_hp_per_floor":[52,37,37,36,36,58,33,55,55,41,32,32,31,32,59,34,91,71,71,59,59,33,61,54,54,54,54,39,57,64,64,64,46,70,61,61,61,64,64,49,71,0],"gold":1563,"neow_bonus":"THREE_RARE_CARDS","is_prod":false,"is_daily":false,"chose_seed":false,"campfire_upgraded":1,"win_rate":0,"timestamp":1561054652,"path_taken":["M","?","M","M","?","R","E","R","T","E","?","$","M","M","R","BOSS","M","?","?","?","M","R","E","?","T","?","E","M","M","$","R","BOSS","M","?","?","M","?","E","R","E"],"build_version":"2019-06-19","purchased_purges":0,"victory":false,"max_hp_per_floor":[75,75,75,75,75,75,76,76,76,87,88,88,89,90,90,91,91,92,92,93,93,94,94,95,66,66,66,67,68,69,69,69,70,70,71,71,71,72,72,75,75,75],"card_choices":[{"not_picked":["Creative AI","Reboot"],"picked":"Seek","floor":0},{"not_picked":["Beam Cell","Barrage"],"picked":"Leap","floor":1},{"not_picked":["Compile Driver","Sweeping Beam"],"picked":"Conserve Battery","floor":3},{"not_picked":["Sweeping Beam","Compile Driver"],"picked":"Double Energy","floor":4},{"not_picked":["Conserve Battery","Rip and Tear"],"picked":"Sunder","floor":7},{"not_picked":["Cold Snap","Steam Power"],"picked":"Seek","floor":10},{"not_picked":["Scrape","Compile Driver"],"picked":"Cold Snap","floor":11},{"not_picked":["Chill","Stack"],"picked":"Ball Lightning","floor":13},{"not_picked":["Skim","Chill"],"picked":"Genetic Algorithm","floor":14},{"not_picked":["Core Surge","Machine Learning"],"picked":"Hyperbeam","floor":16},{"not_picked":["Capacitor","Doom and Gloom"],"picked":"Rebound","floor":18},{"not_picked":["Leap","Beam Cell"],"picked":"Go for the Eyes+1","floor":20},{"not_picked":["Skim","Self Repair"],"picked":"Beam Cell+1","floor":22},{"not_picked":["Conserve Battery","Sweeping Beam"],"picked":"Rebound","floor":24},{"not_picked":["Reboot","Heatsinks"],"picked":"Self Repair","floor":28},{"not_picked":["Compile Driver","Stack+1"],"picked":"Glacier+1","floor":29},{"not_picked":["Ball Lightning","Coolheaded+1"],"picked":"Rebound","floor":30},{"not_picked":["Buffer","Rainbow"],"picked":"Machine Learning","floor":33},{"not_picked":["Recycle","Sweeping Beam"],"picked":"Barrage","floor":35},{"not_picked":["Barrage","Leap"],"picked":"Chill+1","floor":38},{"not_picked":["Steam+1","Coolheaded","Stack"],"picked":"Singing Bowl","floor":40},{"not_picked":["Skim+1","Steam+1"],"picked":"Stack+1","floor":41}],"player_experience":105263,"relics_obtained":[{"floor":7,"key":"Vajra"},{"floor":9,"key":"War Paint"},{"floor":10,"key":"Pear"},{"floor":24,"key":"Lantern"},{"floor":26,"key":"Singing Bowl"},{"floor":28,"key":"Mercury Hourglass"},{"floor":39,"key":"Potion Belt"},{"floor":40,"key":"Old Coin"},{"floor":40,"key":"Dream Catcher"}],"event_choices":[{"damage_healed":0,"gold_gain":0,"player_choice":"Entered Light","damage_taken":15,"max_hp_gain":0,"max_hp_loss":0,"event_name":"Shining Light","floor":2,"gold_loss":0,"cards_upgraded":["Strike_B","Leap"]},{"damage_healed":0,"gold_gain":0,"player_choice":"Trade","damage_taken":0,"relics_obtained":["FaceOfCleric"],"max_hp_gain":0,"max_hp_loss":0,"event_name":"FaceTrader","floor":5,"gold_loss":0},{"damage_healed":0,"gold_gain":0,"player_choice":"Got Potions","damage_taken":0,"max_hp_gain":0,"max_hp_loss":0,"event_name":"Lab","floor":19,"gold_loss":0},{"damage_healed":0,"gold_gain":0,"cards_transformed":["Double Energy","Defend_B"],"player_choice":"Became Test Subject","damage_taken":0,"max_hp_gain":0,"max_hp_loss":0,"event_name":"Drug Dealer","floor":21,"gold_loss":0,"cards_obtained":["Storm","Streamline"]},{"damage_healed":0,"gold_gain":0,"player_choice":"Became a vampire","damage_taken":0,"max_hp_gain":0,"max_hp_loss":29,"event_name":"Vampires","floor":25,"gold_loss":0,"cards_obtained":["Bite","Bite","Bite","Bite","Bite"]},{"damage_healed":0,"gold_gain":0,"player_choice":"Ignored","damage_taken":0,"max_hp_gain":0,"max_hp_loss":0,"event_name":"Ghosts","floor":27,"gold_loss":0},{"damage_healed":0,"gold_gain":0,"player_choice":"Ignored","damage_taken":0,"max_hp_gain":0,"max_hp_loss":0,"event_name":"Tomb of Lord Red Mask","floor":36,"gold_loss":0},{"damage_healed":0,"gold_gain":999,"player_choice":"Gold","damage_taken":0,"max_hp_gain":0,"max_hp_loss":0,"event_name":"MindBloom","floor":37,"gold_loss":0,"cards_obtained":["Normality","Normality"]}],"is_beta":true,"boss_relics":[{"not_picked":["Eternal Feather","Pandora\u0027s Box"],"picked":"Nuclear Battery"},{"not_picked":["Orrery","Tiny House"],"picked":"Black Star"}],"items_purged_floors":[],"is_endless":false,"potions_floor_spawned":[3,4,11,16,20,22,28,29,38],"killed_by":"Giant Head","ascension_level":2}