{"gold_per_floor":[116,116,41,53,64,64,93,53,53,71,84,84,98,131,131,231,231,248,62,62,10,10,10,27,27,27,27],"floor_reached":27,"playtime":559,"items_purged":["Strike_R","Normality"],"score":334,"play_id":"b8fd74ce-ccb9-483b-a81e-cc3039092f4e","local_time":"20191020214254","is_ascension_mode":true,"campfire_choices":[{"data":"Bash","floor":6,"key":"SMITH"},{"floor":15,"key":"REST"},{"data":"Mind Blast","floor":23,"key":"SMITH"}],"neow_cost":"CURSE","seed_source_timestamp":723553431249200,"circlet_count":0,"master_deck":["Defend_R","Defend_R","Defend_R","Defend_R","Bash+1","Heavy Blade","Pommel Strike","Heavy Blade","Cleave","Blood for Blood","Clash","Berserk+1","Injury","Injury","Mind Blast+1","Perfected Strike","Injury","Pommel Strike","Bite","Bite","Bite","Bite","Bite"],"relics":["Burning Blood","Frozen Egg 2","Bottled Flame","Dream Catcher","Calling Bell","Art of War","Question Card","Turnip","Ancient Tea Set"],"potions_floor_usage":[7,10,11,14,16,16,27],"damage_taken":[{"damage":0,"enemies":"Small Slimes","floor":1,"turns":3},{"damage":23,"enemies":"2 Louse","floor":4,"turns":3},{"damage":1,"enemies":"Cultist","floor":5,"turns":3},{"damage":16,"enemies":"Gremlin Nob","floor":7,"turns":3},{"damage":23,"enemies":"Large Slime","floor":10,"turns":4},{"damage":21,"enemies":"Lots of Slimes","floor":11,"turns":4},{"damage":24,"enemies":"Exordium Wildlife","floor":13,"turns":3},{"damage":40,"enemies":"Lagavulin","floor":14,"turns":4},{"damage":47,"enemies":"Slime Boss","floor":16,"turns":7},{"damage":52,"enemies":"3 Byrds","floor":18,"turns":6},{"damage":28,"enemies":"Shell Parasite","floor":24,"turns":3},{"damage":16,"enemies":"Gremlin Leader","floor":27,"turns":2}],"seed_played":"4975464685109740740","potions_obtained":[{"floor":1,"key":"Energy Potion"},{"floor":7,"key":"GamblersBrew"},{"floor":8,"key":"BloodPotion"},{"floor":8,"key":"Poison Potion"},{"floor":8,"key":"Energy Potion"},{"floor":10,"key":"Energy Potion"},{"floor":11,"key":"Poison Potion"},{"floor":16,"key":"Swift Potion"}],"is_trial":false,"path_per_floor":["M","?","$","M","M","R","E","?","T","M","M","?","M","E","R","B",null,"M","$","?","$","?","R","M","?","T","E"],"character_chosen":"IRONCLAD","items_purchased":["Mind Blast","Perfected Strike"],"campfire_rested":1,"item_purchase_floors":[19,21],"current_hp_per_floor":[94,87,87,70,75,75,65,65,65,48,57,96,78,44,72,31,80,34,34,34,34,34,34,12,12,12,0],"gold":27,"neow_bonus":"TWENTY_PERCENT_HP_BONUS","is_prod":false,"is_daily":false,"chose_seed":false,"campfire_upgraded":2,"win_rate":0,"timestamp":1571625774,"path_taken":["M","?","$","M","M","R","E","?","T","M","?","?","?","E","R","BOSS","M","?","?","$","?","R","M","?","T","E"],"build_version":"2019-07-17","purchased_purges":2,"victory":false,"max_hp_per_floor":[96,96,96,96,96,96,96,96,96,96,96,96,96,96,96,96,96,96,96,96,96,96,96,96,67,67,67],"card_choices":[{"not_picked":["Havoc","Sentinel","True Grit"],"picked":"SKIP","floor":1},{"not_picked":["Havoc","Flex"],"picked":"Heavy Blade","floor":4},{"not_picked":["Clash","Dropkick"],"picked":"Pommel Strike","floor":5},{"not_picked":["Clash","Perfected Strike"],"picked":"Dropkick","floor":7},{"not_picked":["Shrug It Off","True Grit"],"picked":"Heavy Blade","floor":10},{"not_picked":["Second Wind","Sword Boomerang","Battle Trance"],"picked":"SKIP","floor":11},{"not_picked":["True Grit","Flex"],"picked":"Cleave","floor":13},{"not_picked":["Reaper","Ghostly Armor"],"picked":"Blood for Blood","floor":14},{"not_picked":["Shrug It Off","Entrench"],"picked":"Clash","floor":15},{"not_picked":["Double Tap","Barricade+1"],"picked":"Berserk+1","floor":16},{"not_picked":["Clothesline","Bloodletting","Ghostly Armor"],"picked":"Disarm+1","floor":18},{"not_picked":["Shrug It Off","Flame Barrier+1","Sword Boomerang","Rupture+1"],"picked":"SKIP","floor":24}],"player_experience":327874,"relics_obtained":[{"floor":7,"key":"Frozen Egg 2"},{"floor":9,"key":"Bottled Flame"},{"floor":14,"key":"Dream Catcher"},{"floor":17,"key":"Art of War"},{"floor":17,"key":"Question Card"},{"floor":17,"key":"Turnip"},{"floor":26,"key":"Ancient Tea Set"}],"event_choices":[{"cards_removed":["Normality"],"damage_healed":0,"gold_gain":0,"player_choice":"Card Removal","damage_taken":7,"max_hp_gain":0,"max_hp_loss":0,"event_name":"Golden Wing","floor":2,"gold_loss":0},{"damage_healed":0,"gold_gain":0,"player_choice":"Bought 3 Potions","damage_taken":0,"max_hp_gain":0,"max_hp_loss":0,"event_name":"The Woman in Blue","floor":8,"gold_loss":0},{"cards_removed":["Dropkick"],"damage_healed":39,"gold_gain":0,"player_choice":"Offered Uncommon","damage_taken":0,"max_hp_gain":0,"max_hp_loss":0,"event_name":"Bonfire Elementals","floor":12,"gold_loss":0},{"damage_healed":0,"gold_gain":0,"player_choice":"Smashed Altar","damage_taken":0,"max_hp_gain":0,"max_hp_loss":0,"event_name":"Forgotten Altar","floor":20,"gold_loss":0,"cards_obtained":["Decay"]},{"damage_healed":0,"gold_gain":0,"cards_transformed":["Decay","Disarm"],"player_choice":"Became Test Subject","damage_taken":0,"max_hp_gain":0,"max_hp_loss":0,"event_name":"Drug Dealer","floor":22,"gold_loss":0,"cards_obtained":["Injury","Pommel Strike"]},{"damage_healed":0,"gold_gain":0,"player_choice":"Became a vampire","damage_taken":0,"max_hp_gain":0,"max_hp_loss":29,"event_name":"Vampires","floor":25,"gold_loss":0,"cards_obtained":["Bite","Bite","Bite","Bite","Bite"]}],"is_beta":false,"boss_relics":[{"not_picked":["Tiny House","Coffee Dripper"],"picked":"Calling Bell"}],"items_purged_floors":[3,19],"is_endless":false,"potions_floor_spawned":[1,7,10,11,16],"killed_by":"Gremlin Leader","ascension_level":8}