{"gold_per_floor":[110,110,126,152,152,181,6,35,35,35,65,65,81,94,94,196,196,207,12,12,24,34,34],"floor_reached":23,"playtime":875,"items_purged":["Regret"],"score":269,"play_id":"2b55b9ad-2c2f-4963-bc74-22b32046a1e7","local_time":"20190428161502","is_ascension_mode":true,"campfire_choices":[{"data":"Seeing Red","floor":10,"key":"SMITH"},{"data":"Pummel","floor":12,"key":"SMITH"},{"data":"Sword Boomerang","floor":15,"key":"SMITH"}],"neow_cost":"NONE","seed_source_timestamp":925017126115100,"circlet_count":0,"master_deck":["Strike_R","Strike_R","Strike_R+1","Strike_R","Strike_R","Defend_R","Defend_R+1","Defend_R","Defend_R","Bash","Seeing Red+1","Clothesline","Spot Weakness","Inflame","Twin Strike","Sword Boomerang+1","Pummel+1","Twin Strike","Juggernaut","True Grit+1","Iron Wave","Headbutt"],"relics":["Burning Blood","NeowsBlessing","Smiling Mask","Art of War","Mummified Hand","Bag of Preparation","Mercury Hourglass","FossilizedHelix","Black Star","OrangePellets"],"potions_floor_usage":[16,16,22,23],"damage_taken":[{"damage":0,"enemies":"Small Slimes","floor":1,"turns":1},{"damage":0,"enemies":"Jaw Worm","floor":3,"turns":1},{"damage":0,"enemies":"Lagavulin","floor":6,"turns":1},{"damage":12,"enemies":"3 Sentries","floor":8,"turns":6},{"damage":19,"enemies":"Gremlin Nob","floor":11,"turns":4},{"damage":0,"enemies":"2 Louse","floor":13,"turns":2},{"damage":0,"enemies":"Large Slime","floor":14,"turns":4},{"damage":28,"enemies":"The Guardian","floor":16,"turns":7},{"damage":3,"enemies":"3 Byrds","floor":18,"turns":4},{"damage":21,"enemies":"2 Thieves","floor":21,"turns":4},{"damage":27,"enemies":"Snecko","floor":22,"turns":5},{"damage":58,"enemies":"Slavers","floor":23,"turns":4}],"seed_played":"1332068134824674288","potions_obtained":[{"floor":3,"key":"SkillPotion"},{"floor":6,"key":"FearPotion"},{"floor":11,"key":"FearPotion"},{"floor":14,"key":"AttackPotion"},{"floor":18,"key":"BloodPotion"}],"is_trial":false,"path_per_floor":["M","?","M","T","?","E","$","E","T","R","E","R","M","M","R","B",null,"M","$","?","M","M","E"],"character_chosen":"IRONCLAD","items_purchased":["Inflame","Twin Strike","OrangePellets"],"campfire_rested":0,"item_purchase_floors":[7,7,19],"current_hp_per_floor":[80,80,80,80,64,70,70,64,64,64,51,51,57,63,63,41,80,80,80,80,65,44,0],"gold":34,"neow_bonus":"THREE_ENEMY_KILL","is_prod":false,"is_daily":false,"chose_seed":false,"campfire_upgraded":3,"win_rate":0,"timestamp":1556460902,"path_taken":["M","?","M","?","?","E","$","E","T","R","E","R","M","M","R","BOSS","M","$","?","M","M","E"],"build_version":"2019-01-23","purchased_purges":1,"victory":false,"max_hp_per_floor":[80,80,80,80,80,80,80,80,80,80,80,80,80,80,80,80,80,80,80,80,80,80,80],"card_choices":[{"not_picked":["Headbutt","Feel No Pain"],"picked":"Seeing Red","floor":1},{"not_picked":["Burning Pact","Wild Strike"],"picked":"Clothesline","floor":3},{"not_picked":["Hemokinesis","Dropkick"],"picked":"Spot Weakness","floor":6},{"not_picked":["Warcry","Barricade"],"picked":"Sword Boomerang","floor":8},{"not_picked":["Seeing Red","Twin Strike"],"picked":"Pummel","floor":11},{"not_picked":["Wild Strike","Clash","Feel No Pain"],"picked":"SKIP","floor":13},{"not_picked":["Wild Strike","Body Slam"],"picked":"Twin Strike","floor":14},{"not_picked":["Bludgeon","Berserk"],"picked":"Juggernaut","floor":16},{"not_picked":["Havoc+1","Corruption"],"picked":"True Grit+1","floor":18},{"not_picked":["Cleave","Spot Weakness"],"picked":"Iron Wave","floor":21},{"not_picked":["Havoc","Sever Soul"],"picked":"Headbutt","floor":22}],"player_experience":298379,"relics_obtained":[{"floor":4,"key":"Art of War"},{"floor":6,"key":"Mummified Hand"},{"floor":8,"key":"Bag of Preparation"},{"floor":9,"key":"Mercury Hourglass"},{"floor":11,"key":"FossilizedHelix"}],"event_choices":[{"damage_healed":0,"gold_gain":0,"player_choice":"Box","damage_taken":0,"relics_obtained":["Smiling Mask"],"max_hp_gain":0,"max_hp_loss":0,"event_name":"Big Fish","floor":2,"gold_loss":0,"cards_obtained":["Regret"]},{"damage_healed":0,"gold_gain":0,"player_choice":"Entered Light","damage_taken":16,"max_hp_gain":0,"max_hp_loss":0,"event_name":"Shining Light","floor":5,"gold_loss":0,"cards_upgraded":["Defend_R","Strike_R"]},{"damage_healed":0,"gold_gain":0,"player_choice":"Ignored","damage_taken":0,"max_hp_gain":0,"max_hp_loss":0,"event_name":"Ghosts","floor":20,"gold_loss":0}],"is_beta":false,"boss_relics":[{"not_picked":["Lizard Tail","Black Blood"],"picked":"Black Star"}],"items_purged_floors":[7],"is_endless":false,"potions_floor_spawned":[3,6,11,14,18],"killed_by":"Slavers","ascension_level":3}