{"gold_per_floor":[117,42,60,15,30,30,63,76,152,152,179,159,170,199,199,297,297,315,315,233,233],"floor_reached":21,"playtime":787,"items_purged":["Strike_R"],"score":215,"play_id":"22fc0cd5-caf0-47c9-a05a-25b822147d69","local_time":"20190731210949","is_ascension_mode":true,"campfire_choices":[{"data":"Rampage","floor":6,"key":"SMITH"},{"data":"Iron Wave","floor":10,"key":"SMITH"},{"data":"Double Tap","floor":15,"key":"SMITH"}],"neow_cost":"NONE","seed_source_timestamp":1491587215463900,"circlet_count":0,"master_deck":["Strike_R","Strike_R","Strike_R","Strike_R","Defend_R","Defend_R+1","Defend_R+1","Defend_R","Bash","Rampage+1","Iron Wave+1","Anger","Headbutt","Intimidate","Metallicize","Double Tap+1","Impervious","Good Instincts"],"relics":["Burning Blood","NeowsBlessing","Kunai","Tiny Chest","Odd Mushroom","War Paint","Mark of Pain"],"potions_floor_usage":[7,16,16,18],"damage_taken":[{"damage":0,"enemies":"Cultist","floor":1,"turns":1},{"damage":0,"enemies":"Jaw Worm","floor":3,"turns":1},{"damage":0,"enemies":"Small Slimes","floor":5,"turns":1},{"damage":13,"enemies":"Gremlin Nob","floor":7,"turns":4},{"damage":5,"enemies":"Red Slaver","floor":8,"turns":4},{"damage":9,"enemies":"The Mushroom Lair","floor":11,"turns":4},{"damage":3,"enemies":"Looter","floor":13,"turns":3},{"damage":24,"enemies":"Lagavulin","floor":14,"turns":5},{"damage":45,"enemies":"The Guardian","floor":16,"turns":10},{"damage":13,"enemies":"2 Thieves","floor":18,"turns":4},{"damage":63,"enemies":"Masked Bandits","floor":21,"turns":4}],"seed_played":"2735028967664983297","potions_obtained":[{"floor":1,"key":"Block Potion"},{"floor":3,"key":"Dexterity Potion"},{"floor":5,"key":"FearPotion"},{"floor":12,"key":"EssenceOfSteel"},{"floor":13,"key":"Strength Potion"},{"floor":14,"key":"Regen Potion"},{"floor":16,"key":"Block Potion"}],"is_trial":false,"path_per_floor":["M","$","M","$","M","R","E","M","T","R","?","?","M","E","R","B",null,"M","?","$","?"],"character_chosen":"IRONCLAD","items_purchased":["Anger","Good Instincts"],"campfire_rested":0,"item_purchase_floors":[4,20],"current_hp_per_floor":[80,80,80,80,80,80,73,74,74,74,71,71,74,56,56,26,80,73,58,58,0],"gold":233,"neow_bonus":"THREE_ENEMY_KILL","is_prod":false,"is_daily":false,"chose_seed":false,"campfire_upgraded":3,"win_rate":0,"timestamp":1564600189,"path_taken":["M","$","M","$","?","R","E","M","T","R","?","?","?","E","R","BOSS","M","?","$","?"],"build_version":"2019-07-18","purchased_purges":1,"victory":false,"max_hp_per_floor":[80,80,80,80,80,80,80,80,80,80,80,80,80,80,80,80,80,80,85,85,85],"card_choices":[{"not_picked":["Power Through","Sword Boomerang"],"picked":"Rampage","floor":1},{"not_picked":["Anger","Heavy Blade"],"picked":"Iron Wave","floor":3},{"not_picked":["Perfected Strike","Reckless Charge"],"picked":"Headbutt","floor":5},{"not_picked":["Iron Wave","Bloodletting"],"picked":"Intimidate","floor":7},{"not_picked":["Havoc","Feel No Pain","Clash"],"picked":"SKIP","floor":8},{"not_picked":["Reckless Charge","True Grit"],"picked":"Metallicize","floor":11},{"not_picked":["Warcry","Dropkick","Hemokinesis"],"picked":"SKIP","floor":13},{"not_picked":["Rampage","Headbutt"],"picked":"Double Tap","floor":14},{"not_picked":["Demon Form","Offering"],"picked":"Impervious","floor":16},{"not_picked":["Combust","Anger+1","Havoc"],"picked":"SKIP","floor":18}],"player_experience":129343,"relics_obtained":[{"floor":7,"key":"Kunai"},{"floor":9,"key":"Tiny Chest"},{"floor":11,"key":"Odd Mushroom"},{"floor":14,"key":"War Paint"}],"event_choices":[{"damage_healed":0,"gold_gain":0,"player_choice":"Fought Mushrooms","damage_taken":0,"max_hp_gain":0,"max_hp_loss":0,"event_name":"Mushrooms","floor":11,"gold_loss":0},{"damage_healed":0,"gold_gain":0,"player_choice":"Bought 1 Potion","damage_taken":0,"max_hp_gain":0,"max_hp_loss":0,"event_name":"The Woman in Blue","floor":12,"gold_loss":0},{"damage_healed":0,"gold_gain":0,"player_choice":"Shed Blood","damage_taken":20,"max_hp_gain":5,"max_hp_loss":0,"event_name":"Forgotten Altar","floor":19,"gold_loss":0},{"damage_healed":0,"gold_gain":0,"player_choice":"Fought Bandits","damage_taken":0,"max_hp_gain":0,"max_hp_loss":0,"event_name":"Masked Bandits","floor":21,"gold_loss":0}],"is_beta":true,"boss_relics":[{"not_picked":["Runic Dome","Runic Cube"],"picked":"Mark of Pain"}],"items_purged_floors":[2],"is_endless":false,"potions_floor_spawned":[1,3,5,13,14,16],"killed_by":"Masked Bandits","ascension_level":3}