{"gold_per_floor":[116,128,138,149,149,178,23,23,46,58,88,98,126,143,143,243,243,262,262,362,376,376,376,43,62,62,62,62,23,23],"floor_reached":30,"playtime":1049,"items_purged":[],"score":350,"play_id":"29c95787-81ba-4b78-b390-9a1771380190","local_time":"20190503203335","is_ascension_mode":false,"campfire_choices":[{"floor":8,"key":"REST"},{"floor":15,"key":"REST"},{"floor":28,"key":"REST"}],"neow_cost":"NONE","seed_source_timestamp":1372360059373600,"circlet_count":0,"master_deck":["Strike_B","Strike_B","Strike_B","Defend_B","Defend_B","Defend_B","Defend_B","Zap","Dualcast","Defragment","Loop","Thunder Strike","Coolheaded","Reprogram","Ball Lightning","Enlightenment","Storm","Conserve Battery","Self Repair","Redo","Storm","Cold Snap","Hologram","Electrodynamics","Shame","Writhe","Injury","Go for the Eyes+1","Echo Form","Redo","Loop+1","Reboot","Self Repair+1"],"relics":["Cracked Core","Pen Nib","Dream Catcher","Juzu Bracelet","Darkstone Periapt","Calling Bell","Kunai","FossilizedHelix","Frozen Egg 2","Sundial","Nloth\u0027s Gift"],"potions_floor_usage":[4,10,11,12,14,30],"damage_taken":[{"damage":1,"enemies":"Cultist","floor":1,"turns":3},{"damage":7,"enemies":"2 Louse","floor":2,"turns":3},{"damage":0,"enemies":"Small Slimes","floor":3,"turns":3},{"damage":14,"enemies":"2 Fungi Beasts","floor":4,"turns":3},{"damage":24,"enemies":"Lagavulin","floor":6,"turns":9},{"damage":8,"enemies":"Gremlin Gang","floor":10,"turns":2},{"damage":29,"enemies":"Gremlin Nob","floor":11,"turns":4},{"damage":0,"enemies":"Blue Slaver","floor":12,"turns":4},{"damage":18,"enemies":"Lagavulin","floor":13,"turns":5},{"damage":11,"enemies":"Lots of Slimes","floor":14,"turns":4},{"damage":0,"enemies":"Slime Boss","floor":16,"turns":6},{"damage":14,"enemies":"Shell Parasite","floor":18,"turns":5},{"damage":2,"enemies":"3 Byrds","floor":21,"turns":3},{"damage":40,"enemies":"Snake Plant","floor":25,"turns":6},{"damage":65,"enemies":"Book of Stabbing","floor":30,"turns":5}],"seed_played":"5706556542438509005","potions_obtained":[{"floor":1,"key":"Energy Potion"},{"floor":3,"key":"Explosive Potion"},{"floor":10,"key":"Weak Potion"},{"floor":11,"key":"PowerPotion"},{"floor":12,"key":"Block Potion"},{"floor":18,"key":"Poison Potion"}],"is_trial":false,"path_per_floor":["M","M","M","M","?","E","$","R","T","M","E","M","E","M","R","B",null,"M","?","?","M","?","?","$","M","T","?","R","$","E"],"character_chosen":"DEFECT","items_purchased":["Enlightenment","Storm","Frozen Egg 2","Loop+1","Self Repair+1"],"campfire_rested":3,"item_purchase_floors":[7,7,24,24,29],"current_hp_per_floor":[81,74,74,60,60,36,36,60,60,52,23,30,19,15,39,46,100,93,93,93,91,71,71,71,31,31,31,62,62,0],"gold":23,"neow_bonus":"TEN_PERCENT_HP_BONUS","is_prod":false,"is_daily":false,"chose_seed":false,"campfire_upgraded":0,"win_rate":0.0,"timestamp":1556908415,"path_taken":["M","?","M","M","?","E","$","R","T","M","E","M","E","M","R","BOSS","M","?","?","M","?","?","$","M","T","?","R","?","E"],"build_version":"2019-04-23","purchased_purges":0,"victory":false,"max_hp_per_floor":[82,82,82,82,82,82,82,82,82,82,82,82,82,82,82,82,100,100,100,100,100,105,105,105,105,105,105,105,105,105],"card_choices":[{"not_picked":["Rebound","Melter"],"picked":"Defragment","floor":1},{"not_picked":["Steam","Hologram"],"picked":"Loop","floor":2},{"not_picked":["Compile Driver","Heatsinks"],"picked":"Thunder Strike","floor":3},{"not_picked":["Force Field","Barrage"],"picked":"Coolheaded","floor":4},{"not_picked":["Chaos","Reboot"],"picked":"Ball Lightning","floor":6},{"not_picked":["Reinforced Body","Compile Driver"],"picked":"Conserve Battery","floor":10},{"not_picked":["Chill","Barrage"],"picked":"Self Repair","floor":11},{"not_picked":["Go for the Eyes","Scrape"],"picked":"Redo","floor":12},{"not_picked":["Steam","Hologram"],"picked":"Storm","floor":13},{"not_picked":["Scrape","Doom and Gloom"],"picked":"Cold Snap","floor":14},{"not_picked":["Coolheaded","Steam Power"],"picked":"Hologram","floor":15},{"not_picked":["Creative AI","Buffer"],"picked":"Electrodynamics","floor":16},{"not_picked":["Rebound","Ball Lightning"],"picked":"Go for the Eyes+1","floor":18},{"not_picked":["Hologram","Compile Driver"],"picked":"Redo","floor":21},{"not_picked":["Beam Cell","Rebound","Compile Driver+1"],"picked":"SKIP","floor":25},{"not_picked":["Gash","Hologram"],"picked":"Reboot","floor":28}],"player_experience":26658,"relics_obtained":[{"floor":6,"key":"Pen Nib"},{"floor":9,"key":"Dream Catcher"},{"floor":11,"key":"Juzu Bracelet"},{"floor":13,"key":"Darkstone Periapt"},{"floor":17,"key":"Orichalcum"},{"floor":17,"key":"Kunai"},{"floor":17,"key":"FossilizedHelix"},{"floor":26,"key":"Sundial"}],"event_choices":[{"damage_healed":0,"gold_gain":0,"cards_transformed":["Strike_B"],"player_choice":"Change","damage_taken":0,"max_hp_gain":0,"max_hp_loss":0,"event_name":"Living Wall","floor":5,"gold_loss":0,"cards_obtained":["Reprogram"]},{"damage_healed":0,"gold_gain":0,"player_choice":"Read","damage_taken":0,"max_hp_gain":0,"max_hp_loss":0,"event_name":"The Library","floor":19,"gold_loss":0,"cards_obtained":["Echo Form"]},{"damage_healed":0,"gold_gain":100,"player_choice":"Pray","damage_taken":0,"max_hp_gain":0,"max_hp_loss":0,"event_name":"Golden Shrine","floor":20,"gold_loss":0},{"damage_healed":0,"gold_gain":0,"player_choice":"Shed Blood","damage_taken":25,"max_hp_gain":5,"max_hp_loss":0,"event_name":"Forgotten Altar","floor":22,"gold_loss":0},{"damage_healed":0,"gold_gain":0,"player_choice":"Ignored","damage_taken":0,"max_hp_gain":0,"max_hp_loss":0,"event_name":"NoteForYourself","floor":23,"gold_loss":0},{"damage_healed":0,"gold_gain":0,"player_choice":"Traded Relic","damage_taken":0,"relics_obtained":["Nloth\u0027s Gift"],"max_hp_gain":0,"max_hp_loss":0,"event_name":"N\u0027loth","floor":27,"relics_lost":["Orichalcum"],"gold_loss":0}],"is_beta":true,"boss_relics":[{"not_picked":["Lizard Tail","Empty Cage"],"picked":"Calling Bell"}],"items_purged_floors":[],"is_endless":false,"potions_floor_spawned":[1,3,10,11,12,18],"killed_by":"Book of Stabbing","ascension_level":0}