{"gold_per_floor":[112,112,127,302,155,155,82,115,115,115,144,164,176,195,195,294,294,311,299,299,224,68,68,88,101,101,111,111,124,135,234,234,234],"floor_reached":33,"playtime":1763,"items_purged":["Doubt"],"score":311,"play_id":"1360671a-a3c7-4c45-8c2a-d0582ec3b3af","local_time":"20190502212456","is_ascension_mode":true,"campfire_choices":[{"data":"Storm of Steel","floor":6,"key":"SMITH"},{"floor":10,"key":"REST"},{"floor":15,"key":"REST"},{"data":"After Image","floor":23,"key":"SMITH"},{"floor":28,"key":"REST"},{"floor":32,"key":"REST"}],"neow_cost":"PERCENT_DAMAGE","seed_source_timestamp":1288326274798400,"circlet_count":0,"master_deck":["Defend_G","Defend_G","Defend_G","Defend_G","Defend_G","Strike_G","Strike_G","Strike_G","Strike_G","Survivor","Neutralize","Storm of Steel+1","Blade Dance","Infinite Blades","Infinite Blades","Infinite Blades","Distraction","PiercingWail","PiercingWail","Backflip","After Image+1","Blur","Prepared","Dagger Spray","Dodge and Roll+1","Caltrops+1","Backflip+1"],"relics":["Ring of the Snake","Oddly Smooth Stone","Dodecahedron","Calipers","Runic Pyramid","Bag of Marbles","Mummified Hand"],"potions_floor_usage":[16,19,19,33],"damage_taken":[{"damage":8,"enemies":"Small Slimes","floor":1,"turns":3},{"damage":9,"enemies":"Jaw Worm","floor":3,"turns":5},{"damage":23,"enemies":"Gremlin Nob","floor":8,"turns":4},{"damage":17,"enemies":"Lagavulin","floor":11,"turns":5},{"damage":0,"enemies":"Cultist","floor":12,"turns":4},{"damage":0,"enemies":"Exordium Wildlife","floor":13,"turns":3},{"damage":2,"enemies":"Large Slime","floor":14,"turns":7},{"damage":4,"enemies":"Hexaghost","floor":16,"turns":11},{"damage":0,"enemies":"3 Byrds","floor":18,"turns":6},{"damage":11,"enemies":"2 Thieves","floor":19,"turns":4},{"damage":16,"enemies":"Snake Plant","floor":24,"turns":9},{"damage":8,"enemies":"Centurion and Healer","floor":25,"turns":9},{"damage":15,"enemies":"Snecko","floor":27,"turns":6},{"damage":14,"enemies":"Shelled Parasite and Fungi","floor":29,"turns":7},{"damage":0,"enemies":"Centurion and Healer","floor":30,"turns":6},{"damage":57,"enemies":"Collector","floor":33,"turns":7}],"seed_played":"8283278423744270646","potions_obtained":[{"floor":12,"key":"LiquidBronze"},{"floor":13,"key":"GamblersBrew"},{"floor":14,"key":"SmokeBomb"},{"floor":16,"key":"Fruit Juice"},{"floor":18,"key":"AttackPotion"},{"floor":27,"key":"LiquidBronze"}],"is_trial":false,"path_per_floor":["M","?","M","?","$","R","$","E","T","R","E","M","M","M","R","B",null,"M","M","?","?","$","R","M","M","T","M","R","M","M","?","R","B"],"character_chosen":"THE_SILENT","items_purchased":["Infinite Blades","Infinite Blades","Bag of Marbles"],"campfire_rested":4,"item_purchase_floors":[5,7,22],"current_hp_per_floor":[41,34,25,25,25,25,25,2,2,23,6,6,6,4,25,26,75,75,64,50,50,50,50,34,26,26,11,35,21,21,21,45,0],"gold":234,"neow_bonus":"THREE_RARE_CARDS","is_prod":false,"is_daily":false,"chose_seed":false,"campfire_upgraded":2,"win_rate":0,"timestamp":1556825096,"path_taken":["M","?","M","?","$","R","?","E","T","R","E","M","?","M","R","BOSS","M","M","?","?","$","R","M","M","T","?","R","M","M","?","R","BOSS"],"build_version":"2019-01-23","purchased_purges":1,"victory":false,"max_hp_per_floor":[70,70,70,70,70,70,70,70,70,70,70,70,70,70,70,75,75,75,75,80,80,80,80,80,80,80,80,80,80,80,80,80,80],"card_choices":[{"not_picked":["Grand Finale","Burst"],"picked":"Storm of Steel","floor":0},{"not_picked":["Backflip","Outmaneuver"],"picked":"Blade Dance","floor":1},{"not_picked":["Concentrate","Blur"],"picked":"Infinite Blades","floor":3},{"not_picked":["Poisoned Stab","Quick Slash"],"picked":"Distraction","floor":8},{"not_picked":["Dagger Throw","Acrobatics"],"picked":"PiercingWail","floor":11},{"not_picked":["Deadly Poison","Dodge and Roll"],"picked":"PiercingWail","floor":12},{"not_picked":["Quick Slash","Dagger Spray"],"picked":"Backflip","floor":13},{"not_picked":["Crippling Poison","Malaise"],"picked":"Well Laid Plans","floor":14},{"not_picked":["Tools of the Trade","Unload"],"picked":"After Image","floor":16},{"not_picked":["Tactician","Dagger Throw"],"picked":"Blur","floor":18},{"not_picked":["Slice","All Out Attack"],"picked":"Prepared","floor":19},{"not_picked":["Poisoned Stab","Dagger Throw","Bane"],"picked":"SKIP","floor":24},{"not_picked":["Finisher","Burst"],"picked":"Dagger Spray","floor":25},{"not_picked":["Masterful Stab","Underhanded Strike"],"picked":"Dodge and Roll+1","floor":27},{"not_picked":["Escape Plan","Concentrate"],"picked":"Caltrops+1","floor":29},{"not_picked":["PiercingWail","Flechettes"],"picked":"Backflip+1","floor":30}],"player_experience":315700,"relics_obtained":[{"floor":8,"key":"Oddly Smooth Stone"},{"floor":9,"key":"Dodecahedron"},{"floor":11,"key":"Calipers"},{"floor":26,"key":"Mummified Hand"}],"event_choices":[{"cards_removed":["Strike_G"],"damage_healed":0,"gold_gain":0,"player_choice":"Card Removal","damage_taken":7,"max_hp_gain":0,"max_hp_loss":0,"event_name":"Golden Wing","floor":2,"gold_loss":0},{"damage_healed":0,"gold_gain":175,"player_choice":"AGREE","damage_taken":0,"max_hp_gain":0,"max_hp_loss":0,"event_name":"Liars Game","floor":4,"gold_loss":0,"cards_obtained":["Doubt"]},{"damage_healed":0,"gold_gain":0,"player_choice":"Shed Blood","damage_taken":19,"max_hp_gain":5,"max_hp_loss":0,"event_name":"Forgotten Altar","floor":20,"gold_loss":0},{"cards_removed":["Well Laid Plans"],"damage_healed":0,"gold_gain":0,"player_choice":"Gave Gold","damage_taken":0,"max_hp_gain":0,"max_hp_loss":0,"event_name":"Beggar","floor":21,"gold_loss":75},{"damage_healed":0,"gold_gain":99,"player_choice":"Stole From Cult","damage_taken":0,"max_hp_gain":0,"max_hp_loss":0,"event_name":"Nest","floor":31,"gold_loss":0}],"is_beta":false,"boss_relics":[{"not_picked":["Black Star","Lizard Tail"],"picked":"Runic Pyramid"}],"items_purged_floors":[5],"is_endless":false,"potions_floor_spawned":[12,13,14,16,18,27],"killed_by":"Collector","ascension_level":4}