{"gold_per_floor":[113,113,129,150,150,150,166,166,191,242,17,51,76,107,107,228,228,243,243,264,279,52,52,92,153,165,177,189,217,229,241,253,390,402,432,90,90],"floor_reached":37,"playtime":1907,"items_purged":["Regret","Venomology"],"score":499,"play_id":"85d3aa3c-64c2-49f2-bfa6-555a1ffe8a6f","local_time":"20190422233700","is_ascension_mode":true,"campfire_choices":[{"data":"Terror","floor":6,"key":"SMITH"},{"data":"Footwork","floor":8,"key":"SMITH"},{"floor":15,"key":"REST"},{"data":"Night Terror","floor":23,"key":"SMITH"},{"floor":28,"key":"REST"},{"floor":32,"key":"REST"}],"neow_cost":"NONE","seed_source_timestamp":432111413735900,"circlet_count":0,"master_deck":["Survivor+1","Neutralize","Caltrops","Dodge and Roll","Terror+1","Footwork+1","Noxious Fumes","Night Terror+1","Dash","Well Laid Plans","After Image","Quick Slash+1","Poisoned Stab","Blur+1","Distraction+1","Riddle With Holes","Bite","Bite","Bite","Bite","Bite","Night Terror","Distraction","Masterful Stab","All Out Attack","Night Terror","Blade Dance","Backflip"],"relics":["Ring of the Snake","NeowsBlessing","Golden Idol","Boot","War Paint","Oddly Smooth Stone","Happy Flower","Sundial","Sozu","Tiny Chest","MawBank","Singing Bowl","Bronze Scales","Omamori","Pandora\u0027s Box","Juzu Bracelet","Sling"],"potions_floor_usage":[14,14,16,16,16,16],"damage_taken":[{"damage":0,"enemies":"Jaw Worm","floor":1,"turns":1},{"damage":0,"enemies":"Small Slimes","floor":3,"turns":1},{"damage":0,"enemies":"Cultist","floor":4,"turns":1},{"damage":15,"enemies":"2 Fungi Beasts","floor":7,"turns":5},{"damage":3,"enemies":"Lagavulin","floor":12,"turns":9},{"damage":3,"enemies":"Exordium Wildlife","floor":13,"turns":6},{"damage":28,"enemies":"3 Sentries","floor":14,"turns":13},{"damage":19,"enemies":"Slime Boss","floor":16,"turns":12},{"damage":0,"enemies":"Spheric Guardian","floor":18,"turns":9},{"damage":9,"enemies":"Shell Parasite","floor":20,"turns":7},{"damage":25,"enemies":"Centurion and Healer","floor":21,"turns":8},{"damage":6,"enemies":"Book of Stabbing","floor":24,"turns":7},{"damage":24,"enemies":"3 Cultists","floor":29,"turns":5},{"damage":12,"enemies":"Champ","floor":33,"turns":10},{"damage":27,"enemies":"Orb Walker","floor":35,"turns":4},{"damage":27,"enemies":"3 Darklings","floor":37,"turns":2}],"seed_played":"-8863890694541063800","potions_obtained":[{"floor":4,"key":"Dexterity Potion"},{"floor":7,"key":"Block Potion"},{"floor":13,"key":"Swift Potion"},{"floor":14,"key":"Energy Potion"}],"is_trial":false,"path_per_floor":["M","?","M","M","?","R","M","R","T","T","$","E","M","E","R","B",null,"M","?","M","M","$","R","E","T","T","T","R","M","?","?","R","B",null,"M","$","M"],"character_chosen":"THE_SILENT","items_purchased":["Noxious Fumes","Night Terror","Tiny Chest","Juzu Bracelet","Sling"],"campfire_rested":3,"item_purchase_floors":[11,11,22,36,36],"current_hp_per_floor":[70,65,65,65,65,65,50,50,50,50,50,47,44,16,35,16,65,65,65,56,31,31,31,25,25,25,25,44,20,20,20,33,39,45,22,22,0],"gold":90,"neow_bonus":"THREE_ENEMY_KILL","is_prod":false,"is_daily":false,"chose_seed":false,"campfire_upgraded":3,"win_rate":0,"timestamp":1555969020,"path_taken":["M","?","M","M","?","R","M","R","T","?","$","E","?","E","R","BOSS","M","?","M","M","$","R","E","?","T","?","R","?","?","?","R","BOSS","M","$","M"],"build_version":"2019-01-23","purchased_purges":2,"victory":false,"max_hp_per_floor":[70,65,65,65,65,65,65,65,65,65,65,65,65,65,65,65,65,65,65,65,65,65,65,65,65,65,65,65,65,45,45,45,45,45,45,45,45],"card_choices":[{"not_picked":["Slice","Tactician"],"picked":"Caltrops","floor":1},{"not_picked":["Bane","Deflect"],"picked":"Dodge and Roll","floor":3},{"not_picked":["Deflect","Expertise"],"picked":"Terror","floor":4},{"not_picked":["PiercingWail","Flying Knee"],"picked":"Footwork","floor":7},{"not_picked":["Flying Knee","Endless Agony"],"picked":"Dash","floor":12},{"not_picked":["Finisher","Blade Dance"],"picked":"Venomology","floor":13},{"not_picked":["Infinite Blades","Acrobatics"],"picked":"Well Laid Plans","floor":14},{"not_picked":["Corpse Explosion","Die Die Die"],"picked":"After Image","floor":16},{"not_picked":["Outmaneuver","Deflect"],"picked":"Quick Slash+1","floor":18},{"not_picked":["Skewer","Bane"],"picked":"Poisoned Stab","floor":20},{"not_picked":["Endless Agony","Catalyst"],"picked":"Blur+1","floor":21},{"not_picked":["Caltrops","Malaise"],"picked":"Distraction+1","floor":24},{"not_picked":["Deflect+1","Flying Knee+1"],"picked":"Riddle With Holes","floor":29},{"not_picked":["After Image","Storm of Steel"],"picked":"Night Terror","floor":33},{"not_picked":["Prepared","Escape Plan"],"picked":"Backflip","floor":35}],"player_experience":295158,"relics_obtained":[{"floor":9,"key":"War Paint"},{"floor":10,"key":"Oddly Smooth Stone"},{"floor":12,"key":"Happy Flower"},{"floor":14,"key":"Sundial"},{"floor":24,"key":"MawBank"},{"floor":26,"key":"Singing Bowl"},{"floor":27,"key":"Bronze Scales"}],"event_choices":[{"damage_healed":0,"gold_gain":0,"player_choice":"Lose Max HP","damage_taken":0,"relics_obtained":["Golden Idol"],"max_hp_gain":0,"max_hp_loss":5,"event_name":"Golden Idol","floor":2,"gold_loss":0},{"damage_healed":0,"gold_gain":0,"player_choice":"Box","damage_taken":0,"relics_obtained":["Boot"],"max_hp_gain":0,"max_hp_loss":0,"event_name":"Big Fish","floor":5,"gold_loss":0,"cards_obtained":["Regret"]},{"damage_healed":0,"gold_gain":0,"player_choice":"Ignored","damage_taken":0,"max_hp_gain":0,"max_hp_loss":0,"event_name":"Ghosts","floor":19,"gold_loss":0},{"damage_healed":0,"gold_gain":0,"player_choice":"Became a vampire","damage_taken":0,"max_hp_gain":0,"max_hp_loss":20,"event_name":"Vampires","floor":30,"gold_loss":0,"cards_obtained":["Bite","Bite","Bite","Bite","Bite"]},{"damage_healed":0,"gold_gain":0,"player_choice":"Opened","damage_taken":0,"relics_obtained":["Omamori"],"max_hp_gain":0,"max_hp_loss":0,"event_name":"The Mausoleum","floor":31,"gold_loss":0}],"is_beta":false,"boss_relics":[{"not_picked":["Eternal Feather","Tiny House"],"picked":"Sozu"},{"not_picked":["Runic Dome","White Beast Statue"],"picked":"Pandora\u0027s Box"}],"items_purged_floors":[11,22],"is_endless":false,"potions_floor_spawned":[4,7,13,14,18,20],"killed_by":"3 Darklings","ascension_level":4}