{"gold_per_floor":[145,145,157,232,243,278,278,309,309,340,340,340,360,373,373,473,473,487,412,28,28,43,72,87,103,103,121,121,121,131,142,142,240,240,260,272,17,117,217,217,248,263,288,288,16,16,16,34,34,34],"floor_reached":50,"playtime":2931,"items_purged":["Strike_R","Strike_R","Strike_R"],"score":563,"play_id":"b0e975d1-d483-458b-9e4c-4c29fdb17300","local_time":"20191020175246","is_ascension_mode":true,"campfire_choices":[{"data":"Dropkick","floor":7,"key":"SMITH"},{"floor":12,"key":"REST"},{"data":"Iron Wave","floor":15,"key":"SMITH"},{"floor":29,"key":"REST"},{"floor":32,"key":"REST"},{"floor":40,"key":"REST"},{"floor":44,"key":"REST"},{"floor":46,"key":"REST"},{"floor":49,"key":"REST"}],"neow_cost":"NONE","seed_source_timestamp":2142062036911408,"circlet_count":0,"master_deck":["Defend_R","Defend_R","Defend_R","Defend_R","Bash","Wild Strike+1","Intimidate","Dropkick+1","Spot Weakness","Headbutt","Impervious","True Grit","Clothesline","Iron Wave+1","Limit Break","Twin Strike","Shrug It Off","Twin Strike","Flame Barrier","Clash","Cleave","True Grit","Iron Wave","Iron Wave+1","Shockwave","Power Through","Flex","Cleave","Uppercut","Feed","Evolve+1","Wild Strike+1","Thunderclap","Disarm","Rampage+1","Pummel","Immolate","Cleave+1","Flex","Second Wind","Pommel Strike","Shrug It Off+1","Metallicize+1"],"relics":["Black Blood","Tiny Chest","Potion Belt","Gambling Chip","Kunai","Dream Catcher","Fusion Hammer","Lantern","Smiling Mask","Paper Frog","Bronze Scales","Nunchaku","Omamori","PreservedInsect","Boot"],"potions_floor_usage":[6,16,16,23,24,30,33,41,50],"damage_taken":[{"damage":2,"enemies":"Small Slimes","floor":1,"turns":4},{"damage":1,"enemies":"2 Louse","floor":3,"turns":2},{"damage":0,"enemies":"Cultist","floor":5,"turns":2},{"damage":26,"enemies":"Lagavulin","floor":6,"turns":7},{"damage":17,"enemies":"3 Sentries","floor":8,"turns":7},{"damage":26,"enemies":"Lagavulin","floor":10,"turns":4},{"damage":14,"enemies":"Gremlin Gang","floor":13,"turns":6},{"damage":0,"enemies":"Large Slime","floor":14,"turns":8},{"damage":40,"enemies":"Slime Boss","floor":16,"turns":13},{"damage":24,"enemies":"Spheric Guardian","floor":18,"turns":4},{"damage":3,"enemies":"3 Byrds","floor":22,"turns":6},{"damage":60,"enemies":"Gremlin Leader","floor":23,"turns":8},{"damage":28,"enemies":"Snecko","floor":24,"turns":6},{"damage":0,"enemies":"Cultist and Chosen","floor":25,"turns":5},{"damage":16,"enemies":"Centurion and Healer","floor":27,"turns":9},{"damage":14,"enemies":"3 Cultists","floor":30,"turns":7},{"damage":0,"enemies":"Snecko","floor":31,"turns":6},{"damage":62,"enemies":"Collector","floor":33,"turns":15},{"damage":1,"enemies":"Orb Walker","floor":35,"turns":3},{"damage":29,"enemies":"3 Darklings","floor":36,"turns":8},{"damage":21,"enemies":"Mind Bloom Boss Battle","floor":38,"turns":8},{"damage":81,"enemies":"Reptomancer","floor":41,"turns":8},{"damage":11,"enemies":"Writhing Mass","floor":42,"turns":5},{"damage":4,"enemies":"Jaw Worm Horde","floor":48,"turns":4},{"damage":94,"enemies":"Awakened One","floor":50,"turns":14}],"seed_played":"-2716155281890484402","potions_obtained":[{"floor":5,"key":"Strength Potion"},{"floor":6,"key":"FairyPotion"},{"floor":10,"key":"SkillPotion"},{"floor":13,"key":"SkillPotion"},{"floor":22,"key":"EssenceOfSteel"},{"floor":23,"key":"FearPotion"},{"floor":27,"key":"LiquidBronze"},{"floor":28,"key":"FairyPotion"},{"floor":28,"key":"Regen Potion"},{"floor":38,"key":"Strength Potion"},{"floor":42,"key":"LiquidBronze"}],"is_trial":false,"path_per_floor":["M","?","M","?","M","E","R","E","T","E","?","R","M","M","R","B",null,"M","?","$","?","M","E","M","M","T","M","?","R","M","M","R","B",null,"M","M","$","?","?","R","E","M","T","R","$","R","?","M","R","B"],"character_chosen":"IRONCLAD","items_purchased":["Shrug It Off","Twin Strike","Flame Barrier","Lantern","Bronze Scales","Thunderclap","Boot","Flex","Second Wind"],"campfire_rested":7,"item_purchase_floors":[20,20,20,20,37,37,45,45,45],"current_hp_per_floor":[80,80,80,69,75,55,55,44,44,24,24,48,40,46,46,12,80,62,62,62,62,65,11,14,20,20,10,10,34,38,44,68,12,80,80,61,61,53,53,77,21,20,20,45,45,70,70,79,89,0],"gold":34,"neow_bonus":"RANDOM_COMMON_RELIC","is_prod":false,"is_daily":false,"chose_seed":false,"campfire_upgraded":2,"win_rate":0,"timestamp":1571608366,"path_taken":["M","?","M","?","M","E","R","E","T","E","?","R","M","M","R","BOSS","M","?","$","?","?","E","M","M","T","?","?","R","M","M","R","BOSS","M","M","?","?","?","R","E","?","T","R","$","R","?","M","R","BOSS"],"build_version":"2019-07-17","purchased_purges":3,"victory":false,"max_hp_per_floor":[80,80,80,80,80,80,80,80,80,80,80,80,80,80,80,80,80,80,80,80,80,80,80,80,80,80,80,80,80,80,80,80,80,80,80,80,80,83,83,83,86,86,86,86,86,86,86,89,89,89],"card_choices":[{"not_picked":["Sentinel","Warcry"],"picked":"Wild Strike","floor":1},{"not_picked":["Seeing Red","Wild Strike"],"picked":"Intimidate","floor":3},{"not_picked":["Intimidate","Reckless Charge"],"picked":"Dropkick","floor":5},{"not_picked":["Anger","Fiend Fire"],"picked":"Spot Weakness","floor":6},{"not_picked":["Feel No Pain","Reckless Charge"],"picked":"Headbutt","floor":8},{"not_picked":["Fire Breathing","Reckless Charge"],"picked":"Impervious","floor":10},{"not_picked":["Feel No Pain","Headbutt"],"picked":"True Grit","floor":12},{"not_picked":["Bloodletting","Anger"],"picked":"Clothesline","floor":13},{"not_picked":["Havoc","Flex"],"picked":"Iron Wave","floor":14},{"not_picked":["Barricade","Demon Form"],"picked":"Limit Break","floor":16},{"not_picked":["Combust","Bloodletting"],"picked":"Twin Strike","floor":18},{"not_picked":["Rampage","Sword Boomerang"],"picked":"Cleave","floor":22},{"not_picked":["Rupture","Corruption"],"picked":"True Grit","floor":23},{"not_picked":["Second Wind","Warcry"],"picked":"Iron Wave","floor":24},{"not_picked":["Pommel Strike","Searing Blow"],"picked":"Iron Wave+1","floor":25},{"not_picked":["Flex+1","Corruption"],"picked":"Shockwave","floor":27},{"not_picked":["True Grit+1","Fire Breathing"],"picked":"Power Through","floor":29},{"not_picked":["Heavy Blade","Brutality"],"picked":"Flex","floor":30},{"not_picked":["Sentinel","Blood for Blood"],"picked":"Cleave","floor":31},{"not_picked":["Shrug It Off","Sentinel"],"picked":"Uppercut","floor":32},{"not_picked":["Fiend Fire","Exhume"],"picked":"Feed","floor":33},{"not_picked":["Combust","Rage"],"picked":"Evolve+1","floor":35},{"not_picked":["Anger+1","Body Slam+1"],"picked":"Wild Strike+1","floor":36},{"not_picked":["Fire Breathing","Thunderclap"],"picked":"Disarm","floor":38},{"not_picked":["Seeing Red","Evolve"],"picked":"Rampage+1","floor":40},{"not_picked":["Searing Blow+1","True Grit+1"],"picked":"Pummel","floor":41},{"not_picked":["Disarm+1","Intimidate+1"],"picked":"Immolate","floor":42},{"not_picked":["Anger+1","True Grit"],"picked":"Cleave+1","floor":44},{"not_picked":["Heavy Blade","Headbutt"],"picked":"Pommel Strike","floor":46},{"not_picked":["Reckless Charge+1","Battle Trance+1"],"picked":"Shrug It Off+1","floor":48},{"not_picked":["Juggernaut","Corruption"],"picked":"Metallicize+1","floor":49}],"player_experience":46003,"relics_obtained":[{"floor":6,"key":"Potion Belt"},{"floor":8,"key":"Gambling Chip"},{"floor":9,"key":"Kunai"},{"floor":10,"key":"Dream Catcher"},{"floor":23,"key":"Smiling Mask"},{"floor":26,"key":"Paper Frog"},{"floor":38,"key":"Nunchaku"},{"floor":41,"key":"Omamori"},{"floor":43,"key":"PreservedInsect"}],"event_choices":[{"damage_healed":0,"gold_gain":0,"player_choice":"Grow","damage_taken":0,"max_hp_gain":0,"max_hp_loss":0,"event_name":"Living Wall","floor":2,"gold_loss":0,"cards_upgraded":["Wild Strike"]},{"damage_healed":0,"gold_gain":75,"player_choice":"Gather Gold","damage_taken":11,"max_hp_gain":0,"max_hp_loss":0,"event_name":"World of Goop","floor":4,"gold_loss":0},{"damage_healed":0,"gold_gain":0,"player_choice":"Ignored","damage_taken":0,"max_hp_gain":0,"max_hp_loss":0,"event_name":"Shining Light","floor":11,"gold_loss":0},{"cards_removed":["Strike_R"],"damage_healed":0,"gold_gain":0,"player_choice":"Gave Gold","damage_taken":0,"max_hp_gain":0,"max_hp_loss":0,"event_name":"Beggar","floor":19,"gold_loss":75},{"damage_healed":0,"gold_gain":0,"cards_transformed":["Strike_R"],"player_choice":"Transformed","damage_taken":0,"max_hp_gain":0,"max_hp_loss":0,"event_name":"Transmorgrifier","floor":21,"gold_loss":0,"cards_obtained":["Clash"]},{"damage_healed":0,"gold_gain":0,"player_choice":"Got Potions","damage_taken":0,"max_hp_gain":0,"max_hp_loss":0,"event_name":"Lab","floor":28,"gold_loss":0},{"damage_healed":0,"gold_gain":0,"player_choice":"Fight","damage_taken":0,"max_hp_gain":0,"max_hp_loss":0,"event_name":"MindBloom","floor":38,"gold_loss":0},{"damage_healed":0,"gold_gain":100,"player_choice":"Pray","damage_taken":0,"max_hp_gain":0,"max_hp_loss":0,"event_name":"Golden Shrine","floor":39,"gold_loss":0},{"damage_healed":0,"gold_gain":0,"player_choice":"Ignored","damage_taken":0,"max_hp_gain":0,"max_hp_loss":0,"event_name":"Mysterious Sphere","floor":47,"gold_loss":0}],"is_beta":false,"boss_relics":[{"not_picked":["Eternal Feather","Calling Bell"],"picked":"Fusion Hammer"},{"not_picked":["Mark of Pain","Astrolabe"],"picked":"Black Blood"}],"items_purged_floors":[20,37,45],"is_endless":false,"potions_floor_spawned":[5,6,10,13,22,23,27,38,42],"killed_by":"Awakened One","ascension_level":1}