{"gold_per_floor":[114,114,132,132,149,177,190,190,190,207,225,260,260],"floor_reached":13,"playtime":797,"items_purged":[],"score":97,"play_id":"85f327dd-ea7a-49ff-afa0-7c2cf52d9cd2","local_time":"20190503201537","is_ascension_mode":false,"campfire_choices":[{"floor":8,"key":"REST"}],"neow_cost":"TEN_PERCENT_HP_LOSS","seed_source_timestamp":1371534272143100,"circlet_count":0,"master_deck":["Defend_G","Defend_G","Defend_G+1","Defend_G","Defend_G","Strike_G","Strike_G","Strike_G","Strike_G","Survivor","Neutralize","Burst+1","Well Laid Plans","Deflect","Predator","Backflip","Escape Plan","Bouncing Flask","Distraction","Backflip","Bouncing Flask"],"relics":["Ring of the Snake","Juzu Bracelet","Omamori","Dodecahedron"],"potions_floor_usage":[6],"damage_taken":[{"damage":0,"enemies":"Small Slimes","floor":1,"turns":3},{"damage":0,"enemies":"2 Louse","floor":3,"turns":2},{"damage":5,"enemies":"Cultist","floor":5,"turns":5},{"damage":8,"enemies":"Lagavulin","floor":6,"turns":9},{"damage":5,"enemies":"Red Slaver","floor":7,"turns":4},{"damage":1,"enemies":"Exordium Thugs","floor":10,"turns":6},{"damage":2,"enemies":"Blue Slaver","floor":11,"turns":4},{"damage":29,"enemies":"3 Sentries","floor":12,"turns":13},{"damage":23,"enemies":"Exordium Wildlife","floor":13,"turns":5}],"seed_played":"2686251511452569901","potions_obtained":[{"floor":1,"key":"Strength Potion"},{"floor":3,"key":"Swift Potion"},{"floor":5,"key":"Poison Potion"}],"is_trial":false,"path_per_floor":["M","?","M","?","M","E","M","R","T","M","M","E","M"],"character_chosen":"THE_SILENT","items_purchased":[],"campfire_rested":1,"item_purchase_floors":[],"current_hp_per_floor":[63,50,50,50,45,37,32,50,50,49,47,18,0],"gold":260,"neow_bonus":"THREE_RARE_CARDS","is_prod":false,"is_daily":false,"chose_seed":false,"campfire_upgraded":0,"win_rate":0.0,"timestamp":1556907337,"path_taken":["M","?","M","?","M","E","M","R","T","M","M","E","M"],"build_version":"2019-04-23","purchased_purges":0,"victory":false,"max_hp_per_floor":[63,63,63,63,63,63,63,63,63,63,63,63,63],"card_choices":[{"not_picked":["Malaise","Corpse Explosion"],"picked":"Burst","floor":0},{"not_picked":["Terror","Leg Sweep"],"picked":"Well Laid Plans","floor":1},{"not_picked":["Dagger Spray","Quick Slash"],"picked":"Deflect","floor":3},{"not_picked":["Deflect","Eviscerate"],"picked":"Backflip","floor":5},{"not_picked":["Backflip","Dash"],"picked":"Escape Plan","floor":6},{"not_picked":["Dodge and Roll","Terror"],"picked":"Bouncing Flask","floor":7},{"not_picked":["Infinite Blades","Poisoned Stab"],"picked":"Distraction","floor":10},{"not_picked":["Escape Plan","Blade Dance"],"picked":"Backflip","floor":11},{"not_picked":["PiercingWail","Dagger Spray"],"picked":"Bouncing Flask","floor":12}],"player_experience":25861,"relics_obtained":[{"floor":6,"key":"Juzu Bracelet"},{"floor":9,"key":"Omamori"},{"floor":12,"key":"Dodecahedron"}],"event_choices":[{"damage_healed":0,"gold_gain":0,"player_choice":"Entered Light","damage_taken":13,"max_hp_gain":0,"max_hp_loss":0,"event_name":"Shining Light","floor":2,"gold_loss":0,"cards_upgraded":["Defend_G","Burst"]},{"damage_healed":0,"gold_gain":0,"cards_transformed":["Strike_G"],"player_choice":"Change","damage_taken":0,"max_hp_gain":0,"max_hp_loss":0,"event_name":"Living Wall","floor":4,"gold_loss":0,"cards_obtained":["Predator"]}],"is_beta":true,"boss_relics":[],"items_purged_floors":[],"is_endless":false,"potions_floor_spawned":[1,3,5],"killed_by":"Exordium Wildlife","ascension_level":0}