{"gold_per_floor":[116,130,140,140,140,171,51,16,43,73,73,73,73,73,73,170,170,184,56,72,72,72],"floor_reached":22,"playtime":749,"items_purged":[],"score":219,"play_id":"3cd6a2cb-ede5-4d0a-805e-b212553309d0","local_time":"20190419223852","is_ascension_mode":true,"campfire_choices":[{"floor":12,"key":"REST"},{"floor":13,"key":"REST"},{"data":"Hemokinesis","floor":15,"key":"SMITH"}],"neow_cost":"NONE","seed_source_timestamp":170575577924700,"circlet_count":0,"master_deck":["Strike_R+1","Strike_R","Strike_R","Strike_R","Defend_R+1","Defend_R","Defend_R","Defend_R","Bash","Disarm","Combust","Rupture","Hemokinesis+1","Rupture","Bloodletting","Heavy Blade","Twin Strike","Iron Wave","Pain","Fiend Fire","Shrug It Off","Seeing Red","Flash of Steel","Headbutt","Shame"],"relics":["Burning Blood","NeowsBlessing","Dream Catcher","WingedGreaves","Art of War","Nunchaku","WarpedTongs","Mark of Pain","Calipers"],"potions_floor_usage":[6,22],"damage_taken":[{"damage":0,"enemies":"Jaw Worm","floor":1,"turns":1},{"damage":0,"enemies":"Small Slimes","floor":2,"turns":1},{"damage":0,"enemies":"Cultist","floor":3,"turns":1},{"damage":32,"enemies":"Lagavulin","floor":6,"turns":7},{"damage":45,"enemies":"3 Sentries","floor":10,"turns":6},{"damage":40,"enemies":"Hexaghost","floor":16,"turns":7},{"damage":37,"enemies":"Chosen","floor":18,"turns":6},{"damage":18,"enemies":"2 Thieves","floor":20,"turns":3},{"damage":39,"enemies":"Centurion and Healer","floor":22,"turns":4}],"seed_played":"340341765652075921","potions_obtained":[{"floor":3,"key":"Energy Potion"},{"floor":16,"key":"LiquidBronze"},{"floor":20,"key":"SteroidPotion"}],"is_trial":false,"path_per_floor":["M","M","M","?","?","E","$","?","T","E","?","R","R","?","R","B",null,"M","$","M","?","M"],"character_chosen":"IRONCLAD","items_purchased":["Rupture","Bloodletting","Seeing Red","Flash of Steel"],"campfire_rested":2,"item_purchase_floors":[7,7,19,19],"current_hp_per_floor":[80,80,80,77,70,44,44,64,64,25,9,33,57,57,57,23,80,49,49,37,37,0],"gold":72,"neow_bonus":"THREE_ENEMY_KILL","is_prod":false,"is_daily":false,"chose_seed":false,"campfire_upgraded":1,"win_rate":0,"timestamp":1555706332,"path_taken":["M","M","M","?","?","E","$","?","T","E","?","R","R","?","R","BOSS","M","$","M","?","M"],"build_version":"2019-01-23","purchased_purges":0,"victory":false,"max_hp_per_floor":[80,80,80,80,80,80,80,80,80,80,80,80,80,80,80,80,80,80,80,80,80,80],"card_choices":[{"not_picked":["Headbutt","Second Wind"],"picked":"Disarm","floor":1},{"not_picked":["Sword Boomerang","Twin Strike"],"picked":"Combust","floor":2},{"not_picked":["Perfected Strike","Body Slam"],"picked":"Rupture","floor":3},{"not_picked":["Cleave","Carnage"],"picked":"Hemokinesis","floor":6},{"not_picked":["Sever Soul","Intimidate"],"picked":"Heavy Blade","floor":10},{"not_picked":["Disarm","Power Through"],"picked":"Twin Strike","floor":12},{"not_picked":["Headbutt","Cleave"],"picked":"Iron Wave","floor":13},{"not_picked":["Demon Form","Dark Embrace"],"picked":"Fiend Fire","floor":16},{"not_picked":["Wild Strike","Corruption"],"picked":"Shrug It Off","floor":18},{"not_picked":["Flex","Infernal Blade"],"picked":"Headbutt","floor":20}],"player_experience":287086,"relics_obtained":[{"floor":6,"key":"WingedGreaves"},{"floor":9,"key":"Art of War"},{"floor":10,"key":"Nunchaku"}],"event_choices":[{"damage_healed":0,"gold_gain":0,"player_choice":"Success","damage_taken":3,"relics_obtained":["Dream Catcher"],"max_hp_gain":0,"max_hp_loss":0,"event_name":"Scrap Ooze","floor":4,"gold_loss":0},{"cards_removed":["Strike_R"],"damage_healed":0,"gold_gain":0,"player_choice":"Card Removal","damage_taken":7,"max_hp_gain":0,"max_hp_loss":0,"event_name":"Golden Wing","floor":5,"gold_loss":0},{"damage_healed":20,"gold_gain":0,"player_choice":"Healed","damage_taken":0,"max_hp_gain":0,"max_hp_loss":0,"event_name":"The Cleric","floor":8,"gold_loss":35},{"damage_healed":0,"gold_gain":0,"player_choice":"Entered Light","damage_taken":16,"max_hp_gain":0,"max_hp_loss":0,"event_name":"Shining Light","floor":11,"gold_loss":0,"cards_upgraded":["Defend_R","Strike_R"]},{"damage_healed":0,"gold_gain":0,"player_choice":"Rummage","damage_taken":0,"relics_obtained":["WarpedTongs"],"max_hp_gain":0,"max_hp_loss":0,"event_name":"Accursed Blacksmith","floor":14,"gold_loss":0,"cards_obtained":["Pain"]},{"damage_healed":0,"gold_gain":0,"player_choice":"Stole Relic","damage_taken":0,"relics_obtained":["Calipers"],"max_hp_gain":0,"max_hp_loss":0,"event_name":"Addict","floor":21,"gold_loss":0,"cards_obtained":["Shame"]}],"is_beta":false,"boss_relics":[{"not_picked":["Tiny House","Runic Cube"],"picked":"Mark of Pain"}],"items_purged_floors":[],"is_endless":false,"potions_floor_spawned":[3,16,20],"killed_by":"Centurion and Healer","ascension_level":3}