{"gold_per_floor":[119,69,81,81,93,93,118,134,203,230,230,256,84,104,104,104],"floor_reached":16,"playtime":694,"items_purged":[],"score":138,"play_id":"46a8289c-4f94-47ab-b6d5-77df030af84a","local_time":"20190514231410","is_ascension_mode":true,"campfire_choices":[{"data":"Neutralize","floor":6,"key":"SMITH"},{"data":"Leg Sweep","floor":11,"key":"SMITH"},{"floor":15,"key":"REST"}],"neow_cost":"NONE","seed_source_timestamp":907820491967600,"circlet_count":0,"master_deck":["Defend_G","Defend_G","Defend_G","Defend_G","Defend_G","Strike_G","Strike_G","Strike_G","Survivor","Neutralize+1","Slice","Backstab","Predator","Deflect","Slice","Prepared","Leg Sweep+1","Phantasmal Killer","Poisoned Stab","Deflect"],"relics":["Ring of the Snake","Tough Bandages","Dodecahedron","Orichalcum","Bag of Preparation","Pen Nib"],"potions_floor_usage":[16,16],"damage_taken":[{"damage":0,"enemies":"2 Louse","floor":1,"turns":3},{"damage":0,"enemies":"Cultist","floor":3,"turns":3},{"damage":0,"enemies":"Jaw Worm","floor":5,"turns":2},{"damage":29,"enemies":"Lagavulin","floor":7,"turns":8},{"damage":1,"enemies":"Looter","floor":8,"turns":3},{"damage":15,"enemies":"Gremlin Nob","floor":10,"turns":4},{"damage":5,"enemies":"3 Sentries","floor":12,"turns":11},{"damage":0,"enemies":"Red Slaver","floor":14,"turns":2},{"damage":55,"enemies":"Slime Boss","floor":16,"turns":12}],"seed_played":"-3739361409629219599","potions_obtained":[{"floor":3,"key":"Energy Potion"},{"floor":7,"key":"Weak Potion"},{"floor":8,"key":"Strength Potion"}],"is_trial":false,"path_per_floor":["M","?","M","?","M","R","E","M","T","E","R","E","$","M","R","B"],"character_chosen":"THE_SILENT","items_purchased":["Pen Nib","Poisoned Stab"],"campfire_rested":1,"item_purchase_floors":[13,13],"current_hp_per_floor":[77,77,77,77,77,77,48,47,47,32,32,27,27,27,50,0],"gold":104,"neow_bonus":"TEN_PERCENT_HP_BONUS","is_prod":false,"is_daily":false,"chose_seed":false,"campfire_upgraded":2,"win_rate":0,"timestamp":1557868450,"path_taken":["M","?","M","?","M","R","E","M","T","E","R","E","$","M","R","BOSS"],"build_version":"2019-05-07","purchased_purges":0,"victory":false,"max_hp_per_floor":[77,77,77,77,77,77,77,77,77,77,77,77,77,77,77,77],"card_choices":[{"not_picked":["Crippling Poison","Quick Slash"],"picked":"Slice","floor":1},{"not_picked":["Riddle With Holes","Dash"],"picked":"Backstab","floor":3},{"not_picked":["Reflex","Well Laid Plans"],"picked":"Deflect","floor":5},{"not_picked":["Poisoned Stab","Distraction"],"picked":"Slice","floor":7},{"not_picked":["Tactician","Poisoned Stab"],"picked":"Prepared","floor":8},{"not_picked":["Noxious Fumes","Poisoned Stab"],"picked":"Leg Sweep","floor":10},{"not_picked":["Caltrops","Dodge and Roll"],"picked":"Phantasmal Killer","floor":12},{"not_picked":["Crippling Poison","Calculated Gamble"],"picked":"Deflect","floor":14}],"player_experience":77228,"relics_obtained":[{"floor":7,"key":"Tough Bandages"},{"floor":9,"key":"Dodecahedron"},{"floor":10,"key":"Orichalcum"},{"floor":12,"key":"Bag of Preparation"}],"event_choices":[{"cards_removed":["Strike_G"],"damage_healed":0,"gold_gain":0,"player_choice":"Card Removal","damage_taken":0,"max_hp_gain":0,"max_hp_loss":0,"event_name":"The Cleric","floor":2,"gold_loss":50},{"damage_healed":0,"gold_gain":0,"cards_transformed":["Strike_G"],"player_choice":"Change","damage_taken":0,"max_hp_gain":0,"max_hp_loss":0,"event_name":"Living Wall","floor":4,"gold_loss":0,"cards_obtained":["Predator"]}],"is_beta":true,"boss_relics":[],"items_purged_floors":[],"is_endless":false,"potions_floor_spawned":[3,7,8,10],"killed_by":"Slime Boss","ascension_level":3}