{"gold_per_floor":[114,289,18,18,38,63,25,57,57,91,91,91,121,140,140,243,243,254,254],"floor_reached":19,"playtime":721,"items_purged":["Doubt"],"score":251,"play_id":"31cbbb2c-41c7-47cb-99e0-b92d789961d6","local_time":"20190821160125","is_ascension_mode":true,"campfire_choices":[{"floor":11,"key":"REST"},{"floor":15,"key":"REST"}],"neow_cost":"NONE","seed_source_timestamp":158327312311900,"circlet_count":0,"master_deck":["Strike_R+1","Strike_R","Strike_R","Strike_R","Defend_R","Defend_R","Defend_R","Defend_R","Bash","Combust","Pummel","Rupture+1","Feel No Pain","Evolve","Rage","Sword Boomerang","Blood for Blood","Barricade","Burning Pact","Power Through","Power Through","Metallicize","True Grit","Rage+1"],"relics":["Burning Blood","NeowsBlessing","Lee\u0027s Waffle","Letter Opener","Ancient Tea Set","Question Card","Bottled Flame","The Courier","Orrery"],"potions_floor_usage":[8,10,13,14],"damage_taken":[{"damage":0,"enemies":"2 Louse","floor":1,"turns":1},{"damage":0,"enemies":"Small Slimes","floor":5,"turns":1},{"damage":1,"enemies":"3 Sentries","floor":6,"turns":1},{"damage":65,"enemies":"Lagavulin","floor":8,"turns":7},{"damage":21,"enemies":"3 Sentries","floor":10,"turns":9},{"damage":29,"enemies":"Lagavulin","floor":13,"turns":5},{"damage":7,"enemies":"Jaw Worm","floor":14,"turns":3},{"damage":44,"enemies":"Slime Boss","floor":16,"turns":8},{"damage":44,"enemies":"Spheric Guardian","floor":18,"turns":8},{"damage":50,"enemies":"Masked Bandits","floor":19,"turns":3}],"seed_played":"-6062220404805348543","potions_obtained":[{"floor":1,"key":"BloodPotion"},{"floor":8,"key":"EssenceOfSteel"},{"floor":10,"key":"AttackPotion"},{"floor":13,"key":"SteroidPotion"}],"is_trial":false,"path_per_floor":["M","?","$","?","M","E","$","E","T","E","R","?","E","M","R","B",null,"M","?"],"character_chosen":"IRONCLAD","items_purchased":["Lee\u0027s Waffle","Feel No Pain"],"campfire_rested":2,"item_purchase_floors":[3,7],"current_hp_per_floor":[80,80,87,80,86,87,87,49,49,34,60,43,20,19,45,7,87,49,0],"gold":254,"neow_bonus":"THREE_ENEMY_KILL","is_prod":false,"is_daily":false,"chose_seed":false,"campfire_upgraded":0,"win_rate":0,"timestamp":1566417685,"path_taken":["M","?","$","?","M","E","$","E","T","E","R","?","E","M","R","BOSS","M","?"],"build_version":"2019-07-17","purchased_purges":1,"victory":false,"max_hp_per_floor":[80,80,87,87,87,87,87,87,87,87,87,87,87,87,87,87,87,87,87],"card_choices":[{"not_picked":["Seeing Red","Headbutt"],"picked":"Combust","floor":1},{"not_picked":["Iron Wave","Entrench"],"picked":"Pummel","floor":5},{"not_picked":["Thunderclap","Intimidate"],"picked":"Rupture","floor":6},{"not_picked":["Twin Strike","Double Tap"],"picked":"Evolve","floor":8},{"not_picked":["Searing Blow","Seeing Red","Sword Boomerang"],"picked":"Rage","floor":10},{"not_picked":["Infernal Blade","Heavy Blade","Wild Strike"],"picked":"Sword Boomerang","floor":13},{"not_picked":["Uppercut","Heavy Blade","Shrug It Off"],"picked":"Blood for Blood","floor":14},{"not_picked":["Double Tap","Immolate","Feed"],"picked":"Barricade","floor":16},{"not_picked":["Warcry","Twin Strike","Wild Strike"],"picked":"Burning Pact","floor":17},{"not_picked":["Body Slam","Warcry","Feel No Pain"],"picked":"Power Through","floor":17},{"not_picked":["Dropkick","Heavy Blade","Flex"],"picked":"Power Through","floor":17},{"not_picked":["Wild Strike","Heavy Blade","Reckless Charge"],"picked":"Metallicize","floor":17},{"not_picked":["Combust","Cleave","Clothesline"],"picked":"True Grit","floor":17},{"not_picked":["Sever Soul","Inflame+1","Limit Break"],"picked":"Rage+1","floor":18}],"player_experience":604433,"relics_obtained":[{"floor":6,"key":"Letter Opener"},{"floor":8,"key":"Ancient Tea Set"},{"floor":9,"key":"Question Card"},{"floor":10,"key":"Bottled Flame"},{"floor":13,"key":"The Courier"}],"event_choices":[{"damage_healed":0,"gold_gain":175,"player_choice":"AGREE","damage_taken":0,"max_hp_gain":0,"max_hp_loss":0,"event_name":"Liars Game","floor":2,"gold_loss":0,"cards_obtained":["Doubt"]},{"cards_removed":["Strike_R"],"damage_healed":0,"gold_gain":0,"player_choice":"Card Removal","damage_taken":7,"max_hp_gain":0,"max_hp_loss":0,"event_name":"Golden Wing","floor":4,"gold_loss":0},{"damage_healed":0,"gold_gain":0,"player_choice":"Entered Light","damage_taken":17,"max_hp_gain":0,"max_hp_loss":0,"event_name":"Shining Light","floor":12,"gold_loss":0,"cards_upgraded":["Strike_R","Rupture"]},{"damage_healed":0,"gold_gain":0,"player_choice":"Fought Bandits","damage_taken":0,"max_hp_gain":0,"max_hp_loss":0,"event_name":"Masked Bandits","floor":19,"gold_loss":0}],"is_beta":false,"boss_relics":[{"not_picked":["Philosopher\u0027s Stone","Runic Pyramid"],"picked":"Orrery"}],"items_purged_floors":[3],"is_endless":false,"potions_floor_spawned":[1,8,10,13],"killed_by":"Masked Bandits","ascension_level":3}