{"gold_per_floor":[111,126,126,145,163,163,198,209,209,209],"floor_reached":10,"playtime":382,"items_purged":[],"score":70,"play_id":"effe1efd-5edc-452b-927e-47e6d33e7641","local_time":"20191019233803","is_ascension_mode":false,"campfire_choices":[{"data":"Stack","floor":6,"key":"SMITH"}],"neow_cost":"NONE","seed_source_timestamp":2078931869371359,"circlet_count":0,"master_deck":["Strike_B","Strike_B","Strike_B","Strike_B","Defend_B","Defend_B","Defend_B","Defend_B","Zap+1","Dualcast","Barrage","Gash","Tempest","Stack+1","Barrage","Self Repair"],"relics":["Cracked Core","NeowsBlessing","Mercury Hourglass","Gremlin Horn"],"potions_floor_usage":[],"damage_taken":[{"damage":0,"enemies":"Cultist","floor":1,"turns":1},{"damage":0,"enemies":"Jaw Worm","floor":2,"turns":1},{"damage":0,"enemies":"Small Slimes","floor":4,"turns":1},{"damage":37,"enemies":"Gremlin Gang","floor":5,"turns":4},{"damage":30,"enemies":"Lagavulin","floor":7,"turns":6},{"damage":2,"enemies":"3 Louse","floor":8,"turns":2},{"damage":6,"enemies":"3 Sentries","floor":10,"turns":2}],"seed_played":"9216844006599271030","potions_obtained":[{"floor":1,"key":"Strength Potion"},{"floor":7,"key":"Regen Potion"},{"floor":8,"key":"Block Potion"}],"is_trial":false,"path_per_floor":["M","M","?","M","M","R","E","M","T","E"],"character_chosen":"DEFECT","items_purchased":[],"campfire_rested":0,"item_purchase_floors":[],"current_hp_per_floor":[75,75,75,75,38,38,8,6,6,0],"gold":209,"neow_bonus":"THREE_ENEMY_KILL","is_prod":false,"is_daily":false,"chose_seed":false,"campfire_upgraded":1,"win_rate":0.0,"timestamp":1571542683,"path_taken":["M","M","?","M","M","R","E","M","T","E"],"build_version":"2019-07-17","purchased_purges":0,"victory":false,"max_hp_per_floor":[75,75,75,75,75,75,75,75,75,75],"card_choices":[{"not_picked":["Scrape","Stack"],"picked":"Barrage","floor":1},{"not_picked":["Redo","Steam"],"picked":"Gash","floor":2},{"not_picked":["Stack","Redo"],"picked":"Tempest","floor":4},{"not_picked":["Compile Driver","Rip and Tear"],"picked":"Stack","floor":5},{"not_picked":["Redo","Creative AI"],"picked":"Barrage","floor":7},{"not_picked":["Beam Cell","Go for the Eyes"],"picked":"Self Repair","floor":8}],"player_experience":29078,"relics_obtained":[{"floor":7,"key":"Mercury Hourglass"},{"floor":9,"key":"Gremlin Horn"}],"event_choices":[{"damage_healed":0,"gold_gain":0,"player_choice":"Forge","damage_taken":0,"max_hp_gain":0,"max_hp_loss":0,"event_name":"Accursed Blacksmith","floor":3,"gold_loss":0,"cards_upgraded":["Zap"]}],"is_beta":false,"boss_relics":[],"items_purged_floors":[],"is_endless":false,"potions_floor_spawned":[1,7,8],"killed_by":"3 Sentries","ascension_level":0}