{"gold_per_floor":[109,120,120,42,42,42,68,68,68,82,3,3,29,47,47,144,144,112,112,211,136,146,172,172,172,172,122,122],"floor_reached":28,"playtime":527,"items_purged":["Normality","Decay"],"score":399,"play_id":"59c86412-9646-4af0-83f6-849220fb99ec","local_time":"20191020223843","is_ascension_mode":true,"campfire_choices":[{"data":"Bash","floor":6,"key":"SMITH"},{"data":"Cleave","floor":8,"key":"SMITH"},{"data":"Dropkick","floor":15,"key":"SMITH"},{"floor":24,"key":"REST"}],"neow_cost":"NONE","seed_source_timestamp":726935000728600,"circlet_count":0,"master_deck":["Strike_R","Strike_R","Strike_R","Strike_R","Strike_R","Defend_R","Defend_R","Defend_R","Defend_R","Bash+1","Dropkick+1","Cleave+1","Spot Weakness","Clumsy"],"relics":["Burning Blood","NeowsBlessing","Anchor","FossilizedHelix","Pear","Strawberry","Calling Bell","Shovel","Sundial","Orichalcum","Bag of Preparation","Smiling Mask","Pantograph"],"potions_floor_usage":[22,22,23,23],"damage_taken":[{"damage":0,"enemies":"Cultist","floor":1,"turns":1},{"damage":0,"enemies":"Small Slimes","floor":2,"turns":1},{"damage":0,"enemies":"3 Sentries","floor":7,"turns":1},{"damage":0,"enemies":"Jaw Worm","floor":10,"turns":2},{"damage":20,"enemies":"Lagavulin","floor":13,"turns":5},{"damage":9,"enemies":"Lots of Slimes","floor":14,"turns":4},{"damage":34,"enemies":"The Guardian","floor":16,"turns":10},{"damage":30,"enemies":"2 Thieves","floor":18,"turns":5},{"damage":10,"enemies":"3 Byrds","floor":22,"turns":2},{"damage":28,"enemies":"Gremlin Leader","floor":23,"turns":6},{"damage":75,"enemies":"Book of Stabbing","floor":28,"turns":5}],"seed_played":"5715602351427236005","potions_obtained":[{"floor":7,"key":"LiquidBronze"},{"floor":10,"key":"SpeedPotion"},{"floor":16,"key":"Dexterity Potion"},{"floor":18,"key":"LiquidBronze"},{"floor":22,"key":"LiquidBronze"}],"is_trial":false,"path_per_floor":["M","M","?","$","?","R","E","R","T","M","$","$","E","M","R","B",null,"M","?","?","$","M","E","R","?","T","$","E"],"character_chosen":"IRONCLAD","items_purchased":["Dropkick","Spot Weakness"],"campfire_rested":1,"item_purchase_floors":[4,11],"current_hp_per_floor":[78,80,68,68,73,73,79,79,89,95,95,95,88,85,85,57,91,67,67,67,67,63,41,71,71,71,71,0],"gold":122,"neow_bonus":"THREE_ENEMY_KILL","is_prod":false,"is_daily":false,"chose_seed":false,"campfire_upgraded":3,"win_rate":0,"timestamp":1571629123,"path_taken":["M","M","?","$","?","R","E","R","T","M","?","$","E","?","R","BOSS","M","?","?","?","M","E","R","?","T","$","E"],"build_version":"2019-07-17","purchased_purges":2,"victory":false,"max_hp_per_floor":[80,80,80,80,85,85,85,85,95,95,95,95,102,102,102,102,102,102,102,102,102,102,102,102,102,102,102,102],"card_choices":[{"not_picked":["Havoc","Clash","Flex"],"picked":"SKIP","floor":1},{"not_picked":["Infernal Blade","Thunderclap","Hemokinesis"],"picked":"SKIP","floor":2},{"not_picked":["Sever Soul","Dark Embrace"],"picked":"Cleave","floor":7},{"not_picked":["Clash","Anger","Battle Trance"],"picked":"SKIP","floor":10},{"not_picked":["Thunderclap","Burning Pact","Sword Boomerang"],"picked":"SKIP","floor":13},{"not_picked":["Demon Form","True Grit","Cleave"],"picked":"SKIP","floor":14},{"not_picked":["Bludgeon","Rage+1","Wild Strike"],"picked":"SKIP","floor":18},{"not_picked":["Entrench","Fire Breathing+1","Twin Strike"],"picked":"SKIP","floor":22},{"not_picked":["True Grit","Barricade","Metallicize"],"picked":"SKIP","floor":23}],"player_experience":330764,"relics_obtained":[{"floor":7,"key":"FossilizedHelix"},{"floor":9,"key":"Pear"},{"floor":13,"key":"Strawberry"},{"floor":17,"key":"Shovel"},{"floor":17,"key":"Sundial"},{"floor":17,"key":"Orichalcum"},{"floor":23,"key":"Smiling Mask"},{"floor":26,"key":"Pantograph"}],"event_choices":[{"damage_healed":0,"gold_gain":0,"player_choice":"Success","damage_taken":12,"relics_obtained":["Anchor"],"max_hp_gain":0,"max_hp_loss":0,"event_name":"Scrap Ooze","floor":3,"gold_loss":0},{"damage_healed":0,"gold_gain":0,"player_choice":"Donut","damage_taken":0,"max_hp_gain":5,"max_hp_loss":0,"event_name":"Big Fish","floor":5,"gold_loss":0},{"damage_healed":0,"gold_gain":0,"player_choice":"Opened","damage_taken":0,"relics_obtained":["Bag of Preparation"],"max_hp_gain":0,"max_hp_loss":0,"event_name":"The Mausoleum","floor":19,"gold_loss":0},{"damage_healed":0,"gold_gain":99,"player_choice":"Stole From Cult","damage_taken":0,"max_hp_gain":0,"max_hp_loss":0,"event_name":"Nest","floor":20,"gold_loss":0},{"damage_healed":0,"gold_gain":0,"cards_transformed":["Doubt"],"player_choice":"Transformed","damage_taken":0,"max_hp_gain":0,"max_hp_loss":0,"event_name":"Transmorgrifier","floor":25,"gold_loss":0,"cards_obtained":["Decay"]}],"is_beta":false,"boss_relics":[{"not_picked":["Runic Dome","Tiny House"],"picked":"Calling Bell"}],"items_purged_floors":[21,27],"is_endless":false,"potions_floor_spawned":[7,10,16,18,22],"killed_by":"Book of Stabbing","ascension_level":8}