{"gold_per_floor":[113,128,128,143,153,183,203,234,234,234,254,254,254,268,268,268],"floor_reached":16,"playtime":937,"items_purged":[],"score":114,"play_id":"fdcf3985-e6a4-4c39-92aa-56ff01cd613b","local_time":"20191020135358","is_ascension_mode":false,"campfire_choices":[{"floor":10,"key":"REST"},{"data":"Steam","floor":12,"key":"SMITH"},{"data":"Sweeping Beam","floor":15,"key":"SMITH"}],"neow_cost":"NONE","seed_source_timestamp":2129628025864558,"circlet_count":0,"master_deck":["Strike_B","Strike_B","Strike_B","Strike_B","Defend_B","Defend_B","Defend_B+1","Defend_B","Zap+1","Dualcast","Steam+1","Reprogram","Auto Shields+1","Conserve Battery+1","Sweeping Beam","White Noise","Sweeping Beam+1","Lockon","Darkness","Self Repair"],"special_seed":0,"relics":["Cracked Core","Nunchaku","War Paint","Question Card","NlothsMask"],"potions_floor_usage":[6,8,8],"damage_taken":[{"damage":0,"enemies":"Jaw Worm","floor":1,"turns":3},{"damage":2,"enemies":"Small Slimes","floor":2,"turns":3},{"damage":0,"enemies":"Cultist","floor":4,"turns":3},{"damage":5,"enemies":"Looter","floor":5,"turns":4},{"damage":10,"enemies":"Lagavulin","floor":6,"turns":7},{"damage":0,"enemies":"Red Slaver","floor":7,"turns":4},{"damage":40,"enemies":"Gremlin Nob","floor":8,"turns":5},{"damage":0,"enemies":"Large Slime","floor":11,"turns":5},{"damage":0,"enemies":"Exordium Thugs","floor":14,"turns":5},{"damage":41,"enemies":"Slime Boss","floor":16,"turns":9}],"seed_played":"-1171042510505990380","potions_obtained":[{"floor":1,"key":"PowerPotion"},{"floor":4,"key":"Fire Potion"},{"floor":7,"key":"AttackPotion"},{"floor":11,"key":"FairyPotion"},{"floor":14,"key":"GamblersBrew"}],"is_trial":false,"path_per_floor":["M","M","?","M","M","E","M","E","T","R","M","R","?","M","R","B"],"character_chosen":"DEFECT","items_purchased":[],"campfire_rested":1,"item_purchase_floors":[],"current_hp_per_floor":[75,73,58,58,53,43,43,3,3,25,25,25,25,25,25,0],"gold":268,"neow_bonus":"THREE_CARDS","is_prod":false,"is_daily":false,"chose_seed":false,"campfire_upgraded":2,"win_rate":0.0,"timestamp":1571594038,"path_taken":["M","M","?","M","M","E","M","E","T","R","M","R","?","?","R","BOSS"],"build_version":"2019-07-17","purchased_purges":0,"victory":false,"max_hp_per_floor":[75,75,75,75,75,75,75,75,75,75,75,75,75,75,75,75],"card_choices":[{"not_picked":["Aggregate","Reinforced Body"],"picked":"Steam","floor":0},{"not_picked":["Fusion","Stack"],"picked":"Reprogram","floor":1},{"not_picked":["Steam","Stack"],"picked":"Auto Shields","floor":2},{"not_picked":["Hologram","Steam"],"picked":"Conserve Battery","floor":4},{"not_picked":["Turbo","Genetic Algorithm"],"picked":"Sweeping Beam","floor":5},{"not_picked":["Blizzard","Leap"],"picked":"White Noise","floor":6},{"not_picked":["Reprogram","Reboot"],"picked":"Sweeping Beam","floor":7},{"not_picked":["Leap","Redo"],"picked":"Lockon","floor":8},{"not_picked":["Loop","Aggregate","White Noise"],"picked":"Darkness","floor":11},{"not_picked":["Leap","Skim","Stack"],"picked":"Self Repair","floor":14}],"player_experience":36900,"relics_obtained":[{"floor":6,"key":"Nunchaku"},{"floor":8,"key":"War Paint"},{"floor":9,"key":"Question Card"}],"event_choices":[{"damage_healed":0,"gold_gain":0,"player_choice":"Entered Light","damage_taken":15,"max_hp_gain":0,"max_hp_loss":0,"event_name":"Shining Light","floor":3,"gold_loss":0,"cards_upgraded":["Zap","Defend_B"]},{"damage_healed":0,"gold_gain":0,"player_choice":"Trade","damage_taken":0,"relics_obtained":["NlothsMask"],"max_hp_gain":0,"max_hp_loss":0,"event_name":"FaceTrader","floor":13,"gold_loss":0}],"is_beta":false,"boss_relics":[],"items_purged_floors":[],"is_endless":false,"potions_floor_spawned":[1,4,7,11,14],"killed_by":"Slime Boss","ascension_level":0}