{"gold_per_floor":[113,33,33,33,33,68,79,94,119,119,154,170,170,196,196,292,292,303,34,46,46,60,87,87,87,87,87,104,29,29,29,29,131,131,148,161,0,11,111,111,34,34,34,34,34,34],"floor_reached":46,"playtime":2482,"items_purged":["Strike_R"],"score":527,"play_id":"0a88c778-1471-47c9-a1a1-2462fb40421a","local_time":"20191019181927","is_ascension_mode":false,"campfire_choices":[{"data":"Shrug It Off","floor":10,"key":"SMITH"},{"data":"Armaments","floor":13,"key":"SMITH"},{"data":"Barricade","floor":15,"key":"SMITH"},{"data":"Inflame","floor":24,"key":"SMITH"},{"data":"Inflame","floor":32,"key":"SMITH"},{"data":"Demon Form","floor":40,"key":"SMITH"},{"data":"Armaments","floor":42,"key":"SMITH"},{"data":"Twin Strike","floor":44,"key":"SMITH"}],"neow_cost":"NONE","seed_source_timestamp":2057710538581798,"circlet_count":0,"master_deck":["Defend_R","Defend_R","Defend_R","Defend_R","Bash","Twin Strike+1","Inflame+1","Armaments+1","Shrug It Off+1","Iron Wave+1","Clothesline+1","Barricade+1","Limit Break+1","Rampage+1","Inflame+1","Iron Wave+1","Heavy Blade+1","Pommel Strike+1","Bite+1","Bite+1","Bite+1","Bite+1","Bite+1","Headbutt+1","Battle Trance+1","Demon Form+1","Headbutt+1","Pummel+1","Flame Barrier+1","Metallicize+1","Spot Weakness+1"],"relics":["Burning Blood","NeowsBlessing","Vajra","Molten Egg 2","Potion Belt","Toxic Egg 2","Juzu Bracelet","Sozu","Orichalcum","Calipers","MutagenicStrength","Paper Frog","Lizard Tail","Red Mask","StoneCalendar","Question Card"],"potions_floor_usage":[16,16],"damage_taken":[{"damage":0,"enemies":"Small Slimes","floor":1,"turns":1},{"damage":0,"enemies":"3 Sentries","floor":6,"turns":1},{"damage":0,"enemies":"2 Louse","floor":7,"turns":1},{"damage":6,"enemies":"Cultist","floor":8,"turns":4},{"damage":15,"enemies":"Gremlin Nob","floor":11,"turns":4},{"damage":13,"enemies":"Large Slime","floor":12,"turns":6},{"damage":11,"enemies":"Lagavulin","floor":14,"turns":8},{"damage":8,"enemies":"The Guardian","floor":16,"turns":15},{"damage":0,"enemies":"Spheric Guardian","floor":18,"turns":4},{"damage":9,"enemies":"3 Byrds","floor":20,"turns":6},{"damage":7,"enemies":"Snecko","floor":22,"turns":4},{"damage":22,"enemies":"Book of Stabbing","floor":23,"turns":5},{"damage":10,"enemies":"Centurion and Healer","floor":28,"turns":5},{"damage":16,"enemies":"Colosseum Slavers","floor":30,"turns":5},{"damage":28,"enemies":"Champ","floor":33,"turns":8},{"damage":24,"enemies":"3 Darklings","floor":35,"turns":6},{"damage":36,"enemies":"3 Shapes","floor":36,"turns":3},{"damage":38,"enemies":"Writhing Mass","floor":38,"turns":5},{"damage":12,"enemies":"Mind Bloom Boss Battle","floor":39,"turns":7},{"damage":53,"enemies":"Reptomancer","floor":46,"turns":6}],"seed_played":"-7701972048295408661","potions_obtained":[{"floor":7,"key":"Weak Potion"},{"floor":11,"key":"SpeedPotion"},{"floor":12,"key":"EssenceOfSteel"}],"is_trial":false,"path_per_floor":["M","$","?","$","?","E","M","M","T","R","E","M","R","E","R","B",null,"M","$","M","?","M","E","R","?","T","?","M","$","?","$","R","B",null,"M","M","?","M","?","R","$","R","T","R","?","E"],"character_chosen":"IRONCLAD","items_purchased":["Inflame","Inflame","Orichalcum","Battle Trance+1","Spot Weakness+1"],"campfire_rested":0,"item_purchase_floors":[2,19,19,29,41],"current_hp_per_floor":[80,80,73,73,73,79,80,80,80,80,71,64,64,59,59,57,80,80,80,77,77,76,60,60,60,60,56,56,56,49,49,49,42,56,44,23,23,34,34,34,34,34,34,34,39,0],"gold":34,"neow_bonus":"THREE_ENEMY_KILL","is_prod":false,"is_daily":false,"chose_seed":false,"campfire_upgraded":8,"win_rate":0.0,"timestamp":1571523567,"path_taken":["M","$","?","$","?","E","M","?","T","R","E","M","R","E","R","BOSS","M","$","M","?","M","E","R","?","T","?","M","$","?","$","R","BOSS","M","M","?","M","?","R","?","R","T","R","?","E"],"build_version":"2019-07-17","purchased_purges":1,"victory":false,"max_hp_per_floor":[80,80,80,80,80,80,80,80,80,80,80,80,80,80,80,80,80,80,80,80,80,80,80,80,80,80,56,56,56,56,56,56,56,56,56,56,56,56,56,56,56,56,56,56,56,56],"card_choices":[{"not_picked":["Armaments","Clothesline"],"picked":"Twin Strike","floor":1},{"not_picked":["Twin Strike","Warcry"],"picked":"Armaments","floor":6},{"not_picked":["Infernal Blade","Fire Breathing"],"picked":"Armaments","floor":7},{"not_picked":["Thunderclap+1","Perfected Strike+1"],"picked":"Shrug It Off","floor":8},{"not_picked":["Anger+1","Thunderclap+1"],"picked":"Iron Wave+1","floor":11},{"not_picked":["Metallicize","True Grit+1"],"picked":"Clothesline+1","floor":12},{"not_picked":["Clothesline+1","Perfected Strike+1"],"picked":"Barricade","floor":14},{"not_picked":["Barricade","Brutality"],"picked":"Limit Break+1","floor":16},{"not_picked":["Anger+1","Clothesline+1"],"picked":"Rampage+1","floor":18},{"not_picked":["Cleave+1","Armaments+1"],"picked":"Iron Wave+1","floor":20},{"not_picked":["Clash+1","Limit Break+1"],"picked":"Heavy Blade+1","floor":22},{"not_picked":["Anger+1","True Grit+1"],"picked":"Pommel Strike+1","floor":23},{"not_picked":["Combust+1","Carnage+1"],"picked":"Headbutt+1","floor":28},{"not_picked":["Dark Embrace","Feed+1"],"picked":"Demon Form","floor":33},{"not_picked":["True Grit+1","Twin Strike+1"],"picked":"Headbutt+1","floor":35},{"not_picked":["Heavy Blade+1","Bloodletting+1"],"picked":"Pummel+1","floor":36},{"not_picked":["Pommel Strike+1","Sword Boomerang+1"],"picked":"Flame Barrier+1","floor":38},{"not_picked":["Sever Soul+1","Berserk"],"picked":"Metallicize+1","floor":39}],"player_experience":8903,"relics_obtained":[{"floor":6,"key":"Molten Egg 2"},{"floor":9,"key":"Potion Belt"},{"floor":11,"key":"Toxic Egg 2"},{"floor":14,"key":"Juzu Bracelet"},{"floor":23,"key":"Calipers"},{"floor":26,"key":"Paper Frog"},{"floor":39,"key":"StoneCalendar"},{"floor":43,"key":"Question Card"}],"event_choices":[{"damage_healed":0,"gold_gain":0,"player_choice":"Success","damage_taken":7,"relics_obtained":["Vajra"],"max_hp_gain":0,"max_hp_loss":0,"event_name":"Scrap Ooze","floor":3,"gold_loss":0},{"damage_healed":0,"gold_gain":0,"player_choice":"0 cards matched","damage_taken":0,"max_hp_gain":0,"max_hp_loss":0,"event_name":"Match and Keep!","floor":5,"gold_loss":0,"cards_obtained":[]},{"damage_healed":0,"gold_gain":0,"player_choice":"Inject Mutagens","damage_taken":0,"relics_obtained":["MutagenicStrength"],"max_hp_gain":0,"max_hp_loss":0,"event_name":"Drug Dealer","floor":25,"gold_loss":0},{"damage_healed":0,"gold_gain":0,"player_choice":"Became a vampire","damage_taken":0,"max_hp_gain":0,"max_hp_loss":24,"event_name":"Vampires","floor":27,"gold_loss":0,"cards_obtained":["Bite","Bite","Bite","Bite","Bite"]},{"damage_healed":0,"gold_gain":0,"player_choice":"Fight","damage_taken":0,"max_hp_gain":0,"max_hp_loss":0,"event_name":"Colosseum","floor":30,"gold_loss":0},{"damage_healed":0,"gold_gain":0,"player_choice":"Fled From Nobs","damage_taken":0,"max_hp_gain":0,"max_hp_loss":0,"event_name":"Colosseum","floor":30,"gold_loss":0},{"damage_healed":0,"gold_gain":0,"player_choice":"Paid","damage_taken":0,"relics_obtained":["Red Mask"],"max_hp_gain":0,"max_hp_loss":0,"event_name":"Tomb of Lord Red Mask","floor":37,"gold_loss":161},{"damage_healed":0,"gold_gain":0,"player_choice":"Fight","damage_taken":0,"max_hp_gain":0,"max_hp_loss":0,"event_name":"MindBloom","floor":39,"gold_loss":0},{"cards_removed":["Armaments"],"damage_healed":5,"gold_gain":0,"player_choice":"Offered Common","damage_taken":0,"max_hp_gain":0,"max_hp_loss":0,"event_name":"Bonfire Elementals","floor":45,"gold_loss":0},{"cards_removed":["Armaments"],"damage_healed":5,"gold_gain":0,"player_choice":"Offered Special","damage_taken":0,"max_hp_gain":0,"max_hp_loss":0,"event_name":"Bonfire Elementals","floor":45,"gold_loss":0}],"is_beta":false,"boss_relics":[{"not_picked":["Eternal Feather","Coffee Dripper"],"picked":"Sozu"},{"not_picked":["White Beast Statue","Runic Cube"],"picked":"Lizard Tail"}],"items_purged_floors":[19],"is_endless":false,"potions_floor_spawned":[7,11,12,22,30,35],"killed_by":"Reptomancer","ascension_level":0}