{"gold_per_floor":[114,114,16,33,50,50,79,79,79,79,94,105,117,137,137,137],"floor_reached":16,"playtime":311,"items_purged":["Strike_R"],"score":135,"play_id":"91bbb444-2445-405b-8f23-9d9c7161754c","local_time":"20190812023456","is_ascension_mode":true,"campfire_choices":[{"data":"Body Slam","floor":6,"key":"SMITH"},{"data":"Trip","floor":8,"key":"SMITH"},{"floor":10,"key":"REST"},{"floor":15,"key":"REST"}],"neow_cost":"NONE","seed_source_timestamp":85858795466875,"circlet_count":0,"master_deck":["Strike_R","Strike_R","Strike_R","Strike_R","Defend_R","Defend_R","Defend_R","Defend_R","Bash","Trip+1","Bash","Body Slam+1","Heavy Blade"],"relics":["Burning Blood","NeowsBlessing","Darkstone Periapt","Potion Belt"],"potions_floor_usage":[7,11,12],"damage_taken":[{"damage":0,"enemies":"Cultist","floor":1,"turns":1},{"damage":0,"enemies":"Small Slimes","floor":4,"turns":1},{"damage":0,"enemies":"Jaw Worm","floor":5,"turns":1},{"damage":36,"enemies":"Gremlin Nob","floor":7,"turns":4},{"damage":7,"enemies":"Large Slime","floor":11,"turns":4},{"damage":0,"enemies":"Exordium Wildlife","floor":12,"turns":2},{"damage":19,"enemies":"Blue Slaver","floor":13,"turns":4},{"damage":21,"enemies":"Large Slime","floor":14,"turns":7},{"damage":78,"enemies":"The Guardian","floor":16,"turns":6}],"seed_played":"-6475472751030239102","potions_obtained":[{"floor":1,"key":"Strength Potion"},{"floor":4,"key":"Dexterity Potion"},{"floor":7,"key":"SteroidPotion"},{"floor":11,"key":"Poison Potion"}],"is_trial":false,"path_per_floor":["M","?","$","M","M","R","E","R","T","R","M","M","M","M","R","B"],"character_chosen":"IRONCLAD","items_purchased":["Body Slam"],"campfire_rested":2,"item_purchase_floors":[3],"current_hp_per_floor":[78,78,78,80,80,80,50,50,50,74,73,79,66,51,75,0],"gold":137,"neow_bonus":"THREE_ENEMY_KILL","is_prod":false,"is_daily":false,"chose_seed":false,"campfire_upgraded":2,"win_rate":0,"timestamp":1565595296,"path_taken":["M","?","$","M","M","R","E","R","T","R","?","M","M","M","R","BOSS"],"build_version":"2019-07-17","purchased_purges":1,"victory":false,"max_hp_per_floor":[80,80,80,80,80,80,80,80,80,80,80,80,80,80,80,80],"card_choices":[{"not_picked":["Fire Breathing","Clothesline","Flame Barrier"],"picked":"SKIP","floor":1},{"not_picked":["Headbutt","Anger","Rampage"],"picked":"SKIP","floor":4},{"not_picked":["Clash","Headbutt","Havoc"],"picked":"SKIP","floor":5},{"not_picked":["True Grit","Shockwave","Reaper"],"picked":"SKIP","floor":7},{"not_picked":["Heavy Blade","Havoc","Pommel Strike"],"picked":"SKIP","floor":11},{"not_picked":["Perfected Strike","Seeing Red","Dual Wield"],"picked":"SKIP","floor":12},{"not_picked":["Shockwave","Clothesline","Thunderclap"],"picked":"SKIP","floor":13},{"not_picked":["Battle Trance","Clothesline"],"picked":"Heavy Blade","floor":14}],"player_experience":286304,"relics_obtained":[{"floor":7,"key":"Darkstone Periapt"},{"floor":9,"key":"Potion Belt"}],"event_choices":[{"damage_healed":0,"gold_gain":0,"player_choice":"2 cards matched","damage_taken":0,"max_hp_gain":0,"max_hp_loss":0,"event_name":"Match and Keep!","floor":2,"gold_loss":0,"cards_obtained":["Trip","Bash"]}],"is_beta":false,"boss_relics":[],"items_purged_floors":[3],"is_endless":false,"potions_floor_spawned":[1,4,7,11],"killed_by":"The Guardian","ascension_level":6}