{"gold_per_floor":[113,91,91,102,115,148,148,176,247,247,116,143,74,74,74,172,172,188,148,163,163,178,178,77,77,77,107,7,7],"floor_reached":29,"playtime":799,"items_purged":["Regret","Decay"],"score":336,"play_id":"1c6dd5f2-ca2e-4782-841b-acb6d8ad053f","local_time":"20190825202320","is_ascension_mode":true,"campfire_choices":[{"floor":7,"key":"REST"},{"floor":10,"key":"REST"},{"floor":15,"key":"REST"},{"data":"1","floor":23,"key":"LIFT"}],"neow_cost":"NONE","seed_source_timestamp":438051535873000,"circlet_count":0,"master_deck":["Strike_R","Strike_R","Strike_R","Strike_R","Strike_R","Defend_R","Defend_R","Defend_R","Defend_R","Bash","Armaments+1","Cleave","Flame Barrier","Dropkick","Impervious","Corruption+1","Bludgeon","Limit Break","Cleave"],"relics":["Burning Blood","NeowsBlessing","Bird Faced Urn","Art of War","Frozen Egg 2","MawBank","Gremlin Horn","Calling Bell","Girya","Ancient Tea Set","Matryoshka","Omamori","StoneCalendar","Magic Flower"],"potions_floor_usage":[8,16,16,16,16,18,20,20,27,27],"damage_taken":[{"damage":0,"enemies":"Cultist","floor":1,"turns":1},{"damage":0,"enemies":"Small Slimes","floor":4,"turns":1},{"damage":0,"enemies":"2 Louse","floor":5,"turns":1},{"damage":55,"enemies":"3 Sentries","floor":6,"turns":10},{"damage":61,"enemies":"Lagavulin","floor":8,"turns":7},{"damage":14,"enemies":"Lots of Slimes","floor":12,"turns":2},{"damage":4,"enemies":"Hexaghost","floor":16,"turns":8},{"damage":30,"enemies":"Chosen","floor":18,"turns":7},{"damage":19,"enemies":"2 Thieves","floor":20,"turns":5},{"damage":29,"enemies":"Snake Plant","floor":22,"turns":5},{"damage":32,"enemies":"Slavers","floor":27,"turns":6},{"damage":36,"enemies":"Book of Stabbing","floor":29,"turns":4}],"seed_played":"-6873826604169920106","potions_obtained":[{"floor":6,"key":"BloodPotion"},{"floor":12,"key":"EntropicBrew"},{"floor":16,"key":"Block Potion"},{"floor":19,"key":"SneckoOil"},{"floor":19,"key":"Strength Potion"},{"floor":19,"key":"FearPotion"},{"floor":20,"key":"SteroidPotion"}],"is_trial":false,"path_per_floor":["M","$","?","M","M","E","R","E","T","R","?","M","$","T","R","B",null,"M","?","M","?","M","R","$","?","T","E","$","E"],"character_chosen":"IRONCLAD","items_purchased":["Armaments","Corruption+1","Cleave"],"campfire_rested":3,"item_purchase_floors":[2,13,24],"current_hp_per_floor":[78,78,78,80,80,31,55,20,20,44,44,36,36,36,60,64,76,52,52,41,67,46,46,46,46,46,20,20,0],"gold":7,"neow_bonus":"THREE_ENEMY_KILL","is_prod":false,"is_daily":false,"chose_seed":false,"campfire_upgraded":0,"win_rate":0,"timestamp":1566782600,"path_taken":["M","?","?","M","M","E","R","E","T","R","?","?","$","?","R","BOSS","M","?","?","?","M","R","$","?","T","E","$","E"],"build_version":"2019-07-17","purchased_purges":2,"victory":false,"max_hp_per_floor":[80,80,80,80,80,80,80,80,80,80,80,80,80,80,80,80,80,80,80,80,80,80,80,80,80,80,80,80,80],"card_choices":[{"not_picked":["Clothesline","Iron Wave","Whirlwind"],"picked":"SKIP","floor":1},{"not_picked":["Headbutt","Clash"],"picked":"Cleave","floor":4},{"not_picked":["Bloodletting","Ghostly Armor"],"picked":"Flame Barrier","floor":5},{"not_picked":["Reckless Charge","Clothesline"],"picked":"Dropkick","floor":6},{"not_picked":["Perfected Strike","Clothesline"],"picked":"Impervious","floor":8},{"not_picked":["Havoc","Flex","True Grit"],"picked":"SKIP","floor":12},{"not_picked":["Exhume","Limit Break"],"picked":"Bludgeon","floor":16},{"not_picked":["Headbutt+1","Perfected Strike","Iron Wave"],"picked":"SKIP","floor":18},{"not_picked":["Clothesline","Clash","Wild Strike"],"picked":"SKIP","floor":20},{"not_picked":["Sword Boomerang","Perfected Strike+1"],"picked":"Limit Break","floor":22},{"not_picked":["Thunderclap","Headbutt","Twin Strike+1"],"picked":"SKIP","floor":27}],"player_experience":306176,"relics_obtained":[{"floor":6,"key":"Bird Faced Urn"},{"floor":8,"key":"Art of War"},{"floor":9,"key":"Frozen Egg 2"},{"floor":14,"key":"Gremlin Horn"},{"floor":17,"key":"Girya"},{"floor":17,"key":"Ancient Tea Set"},{"floor":17,"key":"Matryoshka"},{"floor":26,"key":"Omamori"},{"floor":26,"key":"StoneCalendar"},{"floor":27,"key":"Magic Flower"}],"event_choices":[{"damage_healed":0,"gold_gain":0,"player_choice":"Grow","damage_taken":0,"max_hp_gain":0,"max_hp_loss":0,"event_name":"Living Wall","floor":3,"gold_loss":0,"cards_upgraded":["Armaments"]},{"damage_healed":0,"gold_gain":0,"player_choice":"Paid Gold","damage_taken":0,"relics_obtained":["MawBank"],"max_hp_gain":0,"max_hp_loss":0,"event_name":"WeMeetAgain","floor":11,"gold_loss":131},{"damage_healed":0,"gold_gain":0,"player_choice":"Bought 3 Potions","damage_taken":0,"max_hp_gain":0,"max_hp_loss":0,"event_name":"The Woman in Blue","floor":19,"gold_loss":0},{"damage_healed":26,"gold_gain":0,"player_choice":"Heal","damage_taken":0,"max_hp_gain":0,"max_hp_loss":0,"event_name":"The Library","floor":21,"gold_loss":0},{"cards_removed":["Normality"],"damage_healed":0,"gold_gain":0,"player_choice":"Elegance","damage_taken":0,"max_hp_gain":0,"max_hp_loss":0,"event_name":"Back to Basics","floor":25,"gold_loss":0}],"is_beta":false,"boss_relics":[{"not_picked":["Runic Dome","Sozu"],"picked":"Calling Bell"}],"items_purged_floors":[24,28],"is_endless":false,"potions_floor_spawned":[6,12,16,20],"killed_by":"Book of Stabbing","ascension_level":7}