{"gold_per_floor":[109,124,299,311,386,386,414,433,456,456,92,92,110,140,140,239,239,251,264,244,255,271,271,286,286,286,286,286],"floor_reached":28,"playtime":847,"items_purged":["Doubt"],"score":297,"play_id":"2c333c60-1f41-49df-b6fe-d485679d3caf","local_time":"20190813003933","is_ascension_mode":true,"campfire_choices":[{"data":"Metallicize","floor":6,"key":"SMITH"},{"floor":12,"key":"REST"},{"data":"Bash","floor":15,"key":"SMITH"},{"floor":23,"key":"REST"},{"data":"Double Tap","floor":25,"key":"SMITH"}],"neow_cost":"TEN_PERCENT_HP_LOSS","seed_source_timestamp":164802956353420,"circlet_count":0,"master_deck":["Strike_R","Strike_R","Strike_R","Defend_R","Defend_R","Defend_R","Defend_R","Bash+1","Metallicize+1","Twin Strike+1","Cleave","Double Tap+1","Heavy Blade+1","Inflame+1"],"relics":["Burning Blood","Bag of Marbles","Red Skull","Regal Pillow","Happy Flower","Lizard Tail","Meat on the Bone"],"potions_floor_usage":[4,8,13,21,21,24,28],"damage_taken":[{"damage":11,"enemies":"Cultist","floor":1,"turns":4},{"damage":13,"enemies":"Jaw Worm","floor":2,"turns":4},{"damage":0,"enemies":"Small Slimes","floor":4,"turns":4},{"damage":52,"enemies":"Gremlin Nob","floor":7,"turns":7},{"damage":3,"enemies":"Blue Slaver","floor":8,"turns":7},{"damage":5,"enemies":"3 Louse","floor":13,"turns":3},{"damage":41,"enemies":"The Guardian","floor":16,"turns":11},{"damage":52,"enemies":"3 Byrds","floor":18,"turns":7},{"damage":3,"enemies":"Chosen","floor":19,"turns":4},{"damage":9,"enemies":"Sentry and Sphere","floor":21,"turns":5},{"damage":23,"enemies":"Centurion and Healer","floor":22,"turns":4},{"damage":38,"enemies":"Snecko","floor":24,"turns":5},{"damage":50,"enemies":"Sentry and Sphere","floor":28,"turns":5}],"seed_played":"-5712000581073028988","potions_obtained":[{"floor":2,"key":"Poison Potion"},{"floor":4,"key":"Energy Potion"},{"floor":8,"key":"Block Potion"},{"floor":18,"key":"LiquidBronze"},{"floor":19,"key":"Energy Potion"},{"floor":20,"key":"EssenceOfSteel"},{"floor":22,"key":"EssenceOfSteel"}],"is_trial":false,"path_per_floor":["M","M","?","M","?","R","E","M","T","?","$","R","M","?","R","B",null,"M","M","?","M","M","R","M","R","T","?","M"],"character_chosen":"IRONCLAD","items_purchased":["Regal Pillow","Happy Flower"],"campfire_rested":2,"item_purchase_floors":[11,11],"current_hp_per_floor":[67,60,60,66,55,55,9,12,12,12,12,48,49,49,49,14,58,12,15,15,12,40,72,46,46,46,46,0],"gold":286,"neow_bonus":"REMOVE_TWO","is_prod":false,"is_daily":false,"chose_seed":false,"campfire_upgraded":3,"win_rate":0,"timestamp":1565674773,"path_taken":["M","M","?","M","?","R","E","M","T","?","?","R","?","?","R","BOSS","M","M","?","?","M","R","M","R","T","?","?"],"build_version":"2019-07-17","purchased_purges":1,"victory":false,"max_hp_per_floor":[72,72,72,72,72,72,72,72,72,72,72,72,72,72,72,72,72,72,72,72,72,72,72,72,72,72,72,72],"card_choices":[{"not_picked":["Clash","Anger"],"picked":"Metallicize","floor":1},{"not_picked":["Infernal Blade","Pummel","Corruption"],"picked":"SKIP","floor":2},{"not_picked":["Seeing Red","Perfected Strike","Clash"],"picked":"SKIP","floor":4},{"not_picked":["Second Wind","Warcry","Anger"],"picked":"SKIP","floor":7},{"not_picked":["Demon Form","Corruption"],"picked":"Twin Strike","floor":8},{"not_picked":["Armaments","Iron Wave"],"picked":"Cleave","floor":13},{"not_picked":["Bludgeon","Dark Embrace"],"picked":"Double Tap","floor":16},{"not_picked":["Power Through","Havoc","Anger"],"picked":"SKIP","floor":18},{"not_picked":["Wild Strike","Reaper","Carnage+1"],"picked":"SKIP","floor":19},{"not_picked":["Wild Strike","Carnage+1"],"picked":"Reaper","floor":19},{"not_picked":["Clothesline","Heavy Blade","Headbutt+1"],"picked":"SKIP","floor":21},{"not_picked":["Dropkick","Warcry+1"],"picked":"Heavy Blade+1","floor":22},{"not_picked":["Disarm","Havoc+1"],"picked":"Inflame+1","floor":24}],"player_experience":288808,"relics_obtained":[{"floor":7,"key":"Bag of Marbles"},{"floor":9,"key":"Red Skull"},{"floor":26,"key":"Meat on the Bone"}],"event_choices":[{"damage_healed":0,"gold_gain":175,"player_choice":"AGREE","damage_taken":0,"max_hp_gain":0,"max_hp_loss":0,"event_name":"Liars Game","floor":3,"gold_loss":0,"cards_obtained":["Doubt"]},{"damage_healed":0,"gold_gain":75,"player_choice":"Gather Gold","damage_taken":11,"max_hp_gain":0,"max_hp_loss":0,"event_name":"World of Goop","floor":5,"gold_loss":0},{"damage_healed":0,"gold_gain":0,"player_choice":"Grow","damage_taken":0,"max_hp_gain":0,"max_hp_loss":0,"event_name":"Living Wall","floor":10,"gold_loss":0,"cards_upgraded":["Twin Strike"]},{"damage_healed":0,"gold_gain":30,"player_choice":"Searched \u00271\u0027 times","damage_taken":0,"max_hp_gain":0,"max_hp_loss":0,"event_name":"Dead Adventurer","floor":14,"gold_loss":0},{"damage_healed":0,"gold_gain":0,"player_choice":"Bought 1 Potion","damage_taken":0,"max_hp_gain":0,"max_hp_loss":0,"event_name":"The Woman in Blue","floor":20,"gold_loss":0},{"cards_removed":["Reaper"],"damage_healed":0,"gold_gain":0,"player_choice":"Purged","damage_taken":0,"max_hp_gain":0,"max_hp_loss":0,"event_name":"Purifier","floor":27,"gold_loss":0}],"is_beta":false,"boss_relics":[{"not_picked":["Velvet Choker","Runic Cube"],"picked":"Lizard Tail"}],"items_purged_floors":[11],"is_endless":false,"potions_floor_spawned":[2,4,8,18,19,22],"killed_by":"Sentry and Sphere","ascension_level":7}