{"gold_per_floor":[109,11,27,27,27,59,78,78,78,92,111,111,121,148,148,251,301,320,26,33,48,68,98,109,109,109,109,109,122,151,164,164,164],"floor_reached":33,"playtime":1894,"items_purged":["Decay"],"score":326,"play_id":"b4c00156-22e8-46e5-8c3d-d82247c59cbf","local_time":"20190503224440","is_ascension_mode":false,"campfire_choices":[{"floor":8,"key":"REST"},{"floor":12,"key":"REST"},{"floor":15,"key":"REST"},{"floor":25,"key":"REST"},{"floor":27,"key":"REST"},{"floor":28,"key":"REST"},{"floor":32,"key":"REST"}],"neow_cost":"CURSE","seed_source_timestamp":1379379248223100,"circlet_count":0,"master_deck":["Defend_G","Defend_G","Defend_G","Defend_G+1","Defend_G","Strike_G","Strike_G","Strike_G","Strike_G","Strike_G","Survivor","Neutralize+1","PiercingWail","PiercingWail+1","Dodge and Roll","After Image","Slice","Skewer","Escape Plan","Choke+1","Slice+1","Slice","Phantasmal Killer","Quick Slash","Caltrops","Slice","Backflip","All Out Attack+1","Riddle With Holes","Dagger Spray+1","Blade Dance","Deflect","Sucker Punch+1","Adrenaline"],"relics":["Ring of the Snake","WingedGreaves","Paper Crane","Matryoshka","Whetstone","Tiny House","Shuriken","Molten Egg 2","Ornamental Fan","Bottled Tornado","Smiling Mask"],"potions_floor_usage":[6,14,14,16,21,21,23,23,30,33],"damage_taken":[{"damage":0,"enemies":"Small Slimes","floor":1,"turns":5},{"damage":0,"enemies":"Jaw Worm","floor":3,"turns":7},{"damage":42,"enemies":"Lagavulin","floor":6,"turns":15},{"damage":1,"enemies":"Cultist","floor":7,"turns":4},{"damage":7,"enemies":"Gremlin Gang","floor":10,"turns":6},{"damage":1,"enemies":"3 Louse","floor":11,"turns":4},{"damage":9,"enemies":"Exordium Thugs","floor":13,"turns":5},{"damage":18,"enemies":"Gremlin Nob","floor":14,"turns":5},{"damage":22,"enemies":"Hexaghost","floor":16,"turns":15},{"damage":4,"enemies":"3 Byrds","floor":18,"turns":8},{"damage":2,"enemies":"2 Thieves","floor":20,"turns":4},{"damage":8,"enemies":"Centurion and Healer","floor":21,"turns":6},{"damage":24,"enemies":"Chosen and Byrds","floor":22,"turns":6},{"damage":22,"enemies":"Slavers","floor":23,"turns":7},{"damage":28,"enemies":"Sentry and Sphere","floor":24,"turns":7},{"damage":21,"enemies":"Snake Plant","floor":29,"turns":5},{"damage":17,"enemies":"Gremlin Leader","floor":30,"turns":6},{"damage":0,"enemies":"Cultist and Chosen","floor":31,"turns":5},{"damage":59,"enemies":"Automaton","floor":33,"turns":6}],"seed_played":"1079203715971311259","potions_obtained":[{"floor":1,"key":"SneckoOil"},{"floor":6,"key":"EssenceOfSteel"},{"floor":7,"key":"EssenceOfSteel"},{"floor":14,"key":"PowerPotion"},{"floor":16,"key":"GhostInAJar"},{"floor":17,"key":"Swift Potion"},{"floor":18,"key":"Regen Potion"},{"floor":21,"key":"Block Potion"},{"floor":29,"key":"GhostInAJar"},{"floor":31,"key":"Energy Potion"}],"is_trial":false,"path_per_floor":["M","$","M","?","?","E","M","R","T","M","M","R","M","E","R","B",null,"M","$","M","M","M","E","M","R","T","R","R","M","E","M","R","B"],"character_chosen":"THE_SILENT","items_purchased":["PiercingWail","Shuriken","Slice"],"campfire_rested":7,"item_purchase_floors":[2,19,19],"current_hp_per_floor":[70,70,70,56,56,14,13,34,34,27,26,47,38,20,41,19,75,71,71,69,61,37,30,2,24,24,46,68,47,30,30,52,0],"gold":164,"neow_bonus":"ONE_RARE_RELIC","is_prod":false,"is_daily":false,"chose_seed":false,"campfire_upgraded":0,"win_rate":0.0,"timestamp":1556916280,"path_taken":["M","$","M","?","?","E","?","R","T","M","M","R","M","E","R","BOSS","M","$","M","?","M","E","M","R","T","R","R","M","E","M","R","BOSS"],"build_version":"2019-04-23","purchased_purges":1,"victory":false,"max_hp_per_floor":[70,70,70,70,70,70,70,70,70,70,70,70,70,70,70,70,75,75,75,75,75,75,75,75,75,75,75,75,75,75,75,75,75],"card_choices":[{"not_picked":["Acrobatics","Poisoned Stab"],"picked":"PiercingWail","floor":1},{"not_picked":["Sucker Punch","Bouncing Flask"],"picked":"Dodge and Roll","floor":3},{"not_picked":["Tools of the Trade","Dagger Throw"],"picked":"Slice","floor":6},{"not_picked":["Prepared","Poisoned Stab"],"picked":"Skewer","floor":7},{"not_picked":["Crippling Poison","Blur"],"picked":"Escape Plan","floor":10},{"not_picked":["Sucker Punch","Reflex"],"picked":"Choke","floor":11},{"not_picked":["Bane","Backflip"],"picked":"Slice","floor":13},{"not_picked":["Bane","Bouncing Flask"],"picked":"Slice","floor":14},{"not_picked":["Bullet Time","Night Terror"],"picked":"Phantasmal Killer","floor":16},{"not_picked":["Dodge and Roll","Choke"],"picked":"Quick Slash","floor":17},{"not_picked":["Masterful Stab","Poisoned Stab+1"],"picked":"Caltrops","floor":18},{"not_picked":["Masterful Stab+1","PiercingWail+1"],"picked":"Backflip","floor":20},{"not_picked":["Calculated Gamble","Dagger Throw"],"picked":"All Out Attack+1","floor":21},{"not_picked":["PiercingWail","Backflip"],"picked":"Riddle With Holes","floor":22},{"not_picked":["Unload","Quick Slash+1"],"picked":"Dagger Spray","floor":23},{"not_picked":["Leg Sweep+1","Bane+1"],"picked":"Blade Dance","floor":24},{"not_picked":["Dodge and Roll","Bane+1"],"picked":"Deflect","floor":29},{"not_picked":["Leg Sweep","Acrobatics"],"picked":"Sucker Punch+1","floor":30},{"not_picked":["Deflect+1","Backflip"],"picked":"Adrenaline","floor":31}],"player_experience":33106,"relics_obtained":[{"floor":6,"key":"Paper Crane"},{"floor":9,"key":"Matryoshka"},{"floor":14,"key":"Whetstone"},{"floor":23,"key":"Molten Egg 2"},{"floor":26,"key":"Ornamental Fan"},{"floor":26,"key":"Bottled Tornado"},{"floor":30,"key":"Smiling Mask"}],"event_choices":[{"damage_healed":0,"gold_gain":0,"player_choice":"Entered Light","damage_taken":14,"max_hp_gain":0,"max_hp_loss":0,"event_name":"Shining Light","floor":4,"gold_loss":0,"cards_upgraded":["PiercingWail","Neutralize"]},{"damage_healed":0,"gold_gain":0,"player_choice":"1 cards matched","damage_taken":0,"max_hp_gain":0,"max_hp_loss":0,"event_name":"Match and Keep!","floor":5,"gold_loss":0,"cards_obtained":["After Image"]}],"is_beta":true,"boss_relics":[{"not_picked":["Velvet Choker","Busted Crown"],"picked":"Tiny House"}],"items_purged_floors":[2],"is_endless":false,"potions_floor_spawned":[1,6,7,14,16,18,21,29,31],"killed_by":"Automaton","ascension_level":0}