{"gold_per_floor":[116,116,291,366,366,707,721,721,721,721,721,496,516,195,195,315,315,336,355,355,33,33,33],"floor_reached":23,"playtime":548,"items_purged":["Defend_R","Defend_R","Defend_R"],"score":250,"play_id":"c8a8c8cf-827b-447e-a28e-3cc0eaad568e","local_time":"20190813233227","is_ascension_mode":true,"campfire_choices":[{"floor":8,"key":"REST"},{"data":"Strike_R","floor":11,"key":"PURGE"},{"floor":15,"key":"REST"}],"neow_cost":"TEN_PERCENT_HP_LOSS","seed_source_timestamp":247479111496919,"circlet_count":0,"master_deck":["Strike_R+1","Strike_R+1","Defend_R","Bash+1","Inflame","Iron Wave+1","Spot Weakness","Demon Form","Cleave+1","Cleave+1"],"relics":["Burning Blood","Incense Burner","Golden Idol","Old Coin","Peace Pipe","Whetstone","Ancient Tea Set","Empty Cage","Bag of Marbles"],"potions_floor_usage":[16,19,23],"damage_taken":[{"damage":8,"enemies":"2 Louse","floor":1,"turns":3},{"damage":25,"enemies":"Gremlin Nob","floor":6,"turns":5},{"damage":10,"enemies":"Small Slimes","floor":7,"turns":4},{"damage":12,"enemies":"Jaw Worm","floor":13,"turns":2},{"damage":37,"enemies":"Hexaghost","floor":16,"turns":6},{"damage":50,"enemies":"2 Thieves","floor":18,"turns":5},{"damage":5,"enemies":"Chosen","floor":19,"turns":4},{"damage":45,"enemies":"Book of Stabbing","floor":23,"turns":3}],"seed_played":"6088557917543962006","potions_obtained":[{"floor":7,"key":"GamblersBrew"},{"floor":13,"key":"SkillPotion"},{"floor":18,"key":"Block Potion"}],"is_trial":false,"path_per_floor":["M","?","?","?","?","E","M","R","T","?","R","$","M","$","R","B",null,"M","M","?","$","?","E"],"character_chosen":"IRONCLAD","items_purchased":["Whetstone","Ancient Tea Set","Spot Weakness","Bag of Marbles","PowerPotion"],"campfire_rested":2,"item_purchase_floors":[12,14,14,21,21],"current_hp_per_floor":[70,56,56,45,45,26,22,42,42,42,42,42,36,36,56,25,57,13,14,36,36,36,0],"gold":33,"neow_bonus":"ONE_RARE_RELIC","is_prod":false,"is_daily":false,"chose_seed":false,"campfire_upgraded":0,"win_rate":0,"timestamp":1565757147,"path_taken":["M","?","?","?","?","E","M","R","T","?","R","$","M","$","R","BOSS","M","M","?","$","?","E"],"build_version":"2019-07-17","purchased_purges":3,"victory":false,"max_hp_per_floor":[72,72,72,72,67,67,67,67,67,67,67,67,67,67,67,67,67,67,67,67,67,67,67],"card_choices":[{"not_picked":["True Grit","Iron Wave"],"picked":"Inflame","floor":1},{"not_picked":["Shrug It Off","Clothesline"],"picked":"Iron Wave","floor":6},{"not_picked":["Headbutt","Carnage","Pommel Strike"],"picked":"SKIP","floor":7},{"not_picked":["Iron Wave","Bloodletting","Berserk"],"picked":"SKIP","floor":13},{"not_picked":["Reaper","Impervious"],"picked":"Demon Form","floor":16},{"not_picked":["Seeing Red+1","Perfected Strike"],"picked":"Cleave+1","floor":18},{"not_picked":["Body Slam+1","True Grit"],"picked":"Cleave+1","floor":19}],"player_experience":297859,"relics_obtained":[{"floor":6,"key":"Old Coin"},{"floor":9,"key":"Peace Pipe"}],"event_choices":[{"damage_healed":0,"gold_gain":0,"player_choice":"Entered Light","damage_taken":14,"max_hp_gain":0,"max_hp_loss":0,"event_name":"Shining Light","floor":2,"gold_loss":0,"cards_upgraded":["Strike_R","Strike_R"]},{"damage_healed":0,"gold_gain":175,"player_choice":"AGREE","damage_taken":0,"max_hp_gain":0,"max_hp_loss":0,"event_name":"Liars Game","floor":3,"gold_loss":0,"cards_obtained":["Doubt"]},{"damage_healed":0,"gold_gain":75,"player_choice":"Gather Gold","damage_taken":11,"max_hp_gain":0,"max_hp_loss":0,"event_name":"World of Goop","floor":4,"gold_loss":0},{"damage_healed":0,"gold_gain":0,"player_choice":"Lose Max HP","damage_taken":0,"relics_obtained":["Golden Idol"],"max_hp_gain":0,"max_hp_loss":5,"event_name":"Golden Idol","floor":5,"gold_loss":0},{"cards_removed":["Doubt"],"damage_healed":0,"gold_gain":0,"player_choice":"Forget","damage_taken":0,"max_hp_gain":0,"max_hp_loss":0,"event_name":"Living Wall","floor":10,"gold_loss":0},{"damage_healed":22,"gold_gain":0,"player_choice":"Heal","damage_taken":0,"max_hp_gain":0,"max_hp_loss":0,"event_name":"The Library","floor":20,"gold_loss":0},{"damage_healed":0,"gold_gain":0,"player_choice":"Ignored","damage_taken":0,"max_hp_gain":0,"max_hp_loss":0,"event_name":"Cursed Tome","floor":22,"gold_loss":0}],"is_beta":false,"boss_relics":[{"not_picked":["White Beast Statue","Runic Pyramid"],"picked":"Empty Cage"}],"items_purged_floors":[12,14,21],"is_endless":false,"potions_floor_spawned":[7,13,18],"killed_by":"Book of Stabbing","ascension_level":7}