{"gold_per_floor":[111,122,142,142,156,156,106,135,162,177,202,49,65,82,82,82],"floor_reached":16,"playtime":540,"items_purged":[],"score":114,"play_id":"dad805e5-933f-40fc-bc12-8cbd28411a31","local_time":"20190504004710","is_ascension_mode":false,"campfire_choices":[{"data":"Static Discharge","floor":6,"key":"SMITH"},{"data":"Glacier","floor":15,"key":"SMITH"}],"neow_cost":"NONE","seed_source_timestamp":1388084294291600,"circlet_count":0,"master_deck":["Strike_B","Strike_B+1","Strike_B","Defend_B","Defend_B","Defend_B","Defend_B","Zap","Dualcast","Static Discharge+1","Coolheaded","Compile Driver+1","Biased Cognition","Barrage","Sunder","Glacier+1","Cold Snap"],"relics":["Cracked Core","NeowsBlessing","CultistMask","Whetstone","Art of War","Omamori","Juzu Bracelet"],"potions_floor_usage":[8,11],"damage_taken":[{"damage":0,"enemies":"Cultist","floor":1,"turns":1},{"damage":0,"enemies":"2 Louse","floor":2,"turns":1},{"damage":0,"enemies":"Jaw Worm","floor":3,"turns":1},{"damage":17,"enemies":"Large Slime","floor":5,"turns":5},{"damage":28,"enemies":"Gremlin Nob","floor":8,"turns":3},{"damage":7,"enemies":"Blue Slaver","floor":10,"turns":3},{"damage":14,"enemies":"Lagavulin","floor":11,"turns":7},{"damage":1,"enemies":"3 Louse","floor":13,"turns":2},{"damage":0,"enemies":"Large Slime","floor":14,"turns":4},{"damage":8,"enemies":"Hexaghost","floor":16,"turns":12}],"seed_played":"-8082575000960190289","potions_obtained":[{"floor":1,"key":"SkillPotion"},{"floor":3,"key":"Poison Potion"},{"floor":11,"key":"Explosive Potion"},{"floor":14,"key":"SteroidPotion"}],"is_trial":false,"path_per_floor":["M","M","M","?","M","R","?","E","T","M","E","$","M","M","R","B"],"character_chosen":"DEFECT","items_purchased":["Juzu Bracelet"],"campfire_rested":0,"item_purchase_floors":[12],"current_hp_per_floor":[75,75,75,75,58,58,58,30,30,23,9,9,8,8,8,0],"gold":82,"neow_bonus":"THREE_ENEMY_KILL","is_prod":false,"is_daily":false,"chose_seed":false,"campfire_upgraded":2,"win_rate":0.0,"timestamp":1556923630,"path_taken":["M","?","M","?","?","R","?","E","T","M","E","$","M","M","R","BOSS"],"build_version":"2019-04-23","purchased_purges":0,"victory":false,"max_hp_per_floor":[75,75,75,75,75,75,75,75,75,75,75,75,75,75,75,75],"card_choices":[{"not_picked":["Recycle","Turbo"],"picked":"Static Discharge","floor":1},{"not_picked":["Streamline","Gash"],"picked":"Coolheaded","floor":2},{"not_picked":["Turbo","Force Field"],"picked":"Compile Driver","floor":3},{"not_picked":["Beam Cell","Sweeping Beam"],"picked":"Biased Cognition","floor":5},{"not_picked":["Steam","Hologram"],"picked":"Barrage","floor":8},{"not_picked":["Go for the Eyes","Conserve Battery"],"picked":"Sunder","floor":10},{"not_picked":["Aggregate","Steam"],"picked":"Glacier","floor":11},{"not_picked":["Meteor Strike","Turbo"],"picked":"Cold Snap","floor":13},{"not_picked":["Beam Cell","Stack","Streamline"],"picked":"SKIP","floor":14}],"player_experience":41650,"relics_obtained":[{"floor":8,"key":"Whetstone"},{"floor":9,"key":"Art of War"},{"floor":11,"key":"Omamori"}],"event_choices":[{"damage_healed":0,"gold_gain":0,"player_choice":"Trade","damage_taken":0,"relics_obtained":["CultistMask"],"max_hp_gain":0,"max_hp_loss":0,"event_name":"FaceTrader","floor":4,"gold_loss":0},{"cards_removed":["Strike_B"],"damage_healed":0,"gold_gain":0,"player_choice":"Card Removal","damage_taken":0,"max_hp_gain":0,"max_hp_loss":0,"event_name":"The Cleric","floor":7,"gold_loss":50}],"is_beta":true,"boss_relics":[],"items_purged_floors":[],"is_endless":false,"potions_floor_spawned":[1,3,11,14],"killed_by":"Hexaghost","ascension_level":0}