{"gold_per_floor":[16,28,28,46,69,112,112,146,192,212,212,212,162,214,214,334,334,353,341,440,31,31,31,31],"floor_reached":24,"playtime":948,"items_purged":[],"score":326,"play_id":"93f0e2a3-fdc6-4082-a0df-104996b55974","local_time":"20190908172851","is_ascension_mode":true,"campfire_choices":[{"floor":7.0,"key":"REST"},{"floor":12.0,"key":"REST"},{"floor":15.0,"key":"REST"},{"floor":23.0,"key":"REST"}],"neow_cost":"NO_GOLD","seed_source_timestamp":963489501600,"circlet_count":0,"master_deck":["AscendersBane","Strike_R+1","Defend_R","Defend_R+1","Defend_R","Bash","Swift Strike","Trip","Combust","Dual Wield","Ghostly Armor","Armaments+1","True Grit+1","Dark Embrace","Burning Pact+1","Sever Soul+1","Clothesline+1","Inflame","Rupture"],"special_seed":0,"relics":["Burning Blood","Golden Idol","Omamori","Bottled Flame","Oddly Smooth Stone","War Paint","Astrolabe","Mummified Hand"],"potions_floor_usage":[24,24],"damage_taken":[{"damage":1.0,"enemies":"2 Louse","floor":1.0,"turns":3.0},{"damage":3.0,"enemies":"Cultist","floor":2.0,"turns":3.0},{"damage":2.0,"enemies":"Small Slimes","floor":4.0,"turns":2.0},{"damage":19.0,"enemies":"Exordium Wildlife","floor":5.0,"turns":4.0},{"damage":26.0,"enemies":"3 Sentries","floor":6.0,"turns":7.0},{"damage":33.0,"enemies":"Gremlin Nob","floor":8.0,"turns":5.0},{"damage":5.0,"enemies":"Blue Slaver","floor":10.0,"turns":5.0},{"damage":45.0,"enemies":"The Guardian","floor":16.0,"turns":19.0},{"damage":30.0,"enemies":"3 Byrds","floor":18.0,"turns":6.0},{"damage":29.0,"enemies":"2 Thieves","floor":19.0,"turns":4.0},{"damage":37,"enemies":"Slavers","floor":24,"turns":4}],"seed_played":"-1980894210367972246","potions_obtained":[{"floor":5.0,"key":"Fire Potion"},{"floor":8.0,"key":"Explosive Potion"},{"floor":16.0,"key":"Swift Potion"}],"is_trial":false,"path_per_floor":["M","M","?","M","M","E","R","E","T","M","?","R","?","T","R","B",null,"M","M","?","$","?","R","E"],"character_chosen":"IRONCLAD","items_purchased":["Mummified Hand","Rupture","Fire Potion","Weak Potion"],"campfire_rested":4,"item_purchase_floors":[21,21,21,21],"current_hp_per_floor":[77,80,74,74,61,41,63,36,36,37,22,44,44,44,66,27,62,38,15,15,15,15,37,0],"gold":31,"neow_bonus":"RANDOM_COLORLESS_2","is_prod":false,"is_daily":false,"chose_seed":false,"campfire_upgraded":0,"win_rate":0,"timestamp":1567978131,"path_taken":["M","M","?","M","M","E","R","E","T","M","?","R","?","?","R","BOSS","M","?","?","?","?","R","E"],"build_version":"2019-07-17","purchased_purges":0,"victory":false,"max_hp_per_floor":[80,80,74,74,74,74,74,74,74,74,74,74,74,74,74,74,74,74,74,74,74,74,74,74],"card_choices":[{"not_picked":["Anger","Rage"],"picked":"Combust","floor":1.0},{"not_picked":["Twin Strike","Thunderclap","Anger"],"picked":"SKIP","floor":2.0},{"not_picked":["Ghostly Armor","Thunderclap"],"picked":"Dual Wield","floor":4.0},{"not_picked":["Cleave","Infernal Blade"],"picked":"Ghostly Armor","floor":5.0},{"not_picked":["Seeing Red","Warcry"],"picked":"Armaments","floor":6.0},{"not_picked":["Immolate","Heavy Blade"],"picked":"True Grit","floor":8.0},{"not_picked":["Flex","Thunderclap","Pommel Strike"],"picked":"SKIP","floor":10.0},{"not_picked":["Impervious","Offering"],"picked":"Dark Embrace","floor":16.0},{"not_picked":["Twin Strike","Perfected Strike","Flex"],"picked":"SKIP","floor":18.0},{"not_picked":["Armaments","Cleave"],"picked":"Inflame","floor":19.0}],"player_experience":723536,"relics_obtained":[{"floor":6.0,"key":"Omamori"},{"floor":8.0,"key":"Bottled Flame"},{"floor":9.0,"key":"Oddly Smooth Stone"},{"floor":14.0,"key":"War Paint"}],"event_choices":[{"damage_healed":0.0,"max_hp_gain":0.0,"max_hp_loss":6.0,"gold_gain":0.0,"event_name":"Golden Idol","player_choice":"Lose Max HP","floor":3.0,"gold_loss":0.0,"damage_taken":0.0,"relics_obtained":["Golden Idol"]},{"damage_healed":0.0,"max_hp_gain":0.0,"max_hp_loss":0.0,"gold_gain":0.0,"event_name":"Shining Light","player_choice":"Entered Light","floor":11.0,"gold_loss":0.0,"damage_taken":15.0,"cards_upgraded":["Strike_R","True Grit"]},{"cards_removed":["Strike_R"],"damage_healed":0.0,"max_hp_gain":0.0,"max_hp_loss":0.0,"gold_gain":0.0,"event_name":"The Cleric","player_choice":"Card Removal","floor":13.0,"gold_loss":50.0,"damage_taken":0.0},{"damage_healed":0.0,"max_hp_gain":0.0,"max_hp_loss":0.0,"gold_gain":99.0,"event_name":"Nest","player_choice":"Stole From Cult","floor":20.0,"gold_loss":0.0,"damage_taken":0.0},{"cards_removed":["Defend_R"],"damage_healed":0.0,"max_hp_gain":0.0,"max_hp_loss":0.0,"gold_gain":0.0,"event_name":"Purifier","player_choice":"Purged","floor":22.0,"gold_loss":0.0,"damage_taken":0.0}],"is_beta":false,"boss_relics":[{"not_picked":["Philosopher\u0027s Stone","Snecko Eye"],"picked":"Astrolabe"}],"items_purged_floors":[],"is_endless":false,"potions_floor_spawned":[5,8,16],"killed_by":"Slavers","ascension_level":12}