{"gold_per_floor":[110,62,72,89,89,89,104,132,157,157,177,177,206,219,219,318,318,335,347,347,347],"floor_reached":21,"playtime":1096,"items_purged":[],"score":220,"play_id":"a9db2cce-62a6-43b4-a547-1d9d557ca51b","local_time":"20190420002259","is_ascension_mode":true,"campfire_choices":[{"data":"Consume","floor":6,"key":"SMITH"},{"floor":12,"key":"REST"},{"floor":15,"key":"REST"}],"neow_cost":"NONE","seed_source_timestamp":176478645580800,"circlet_count":0,"master_deck":["Strike_B","Strike_B","Strike_B","Defend_B","Defend_B+1","Defend_B","Defend_B","Zap+1","Dualcast","Consume+1","Conserve Battery","Sweeping Beam","Cold Snap","Conserve Battery","Fusion","Sweeping Beam","Glacier","Rebound","Leap","Fission","Redo","Auto Shields","Writhe"],"relics":["Cracked Core","Regal Pillow","Happy Flower","War Paint","Boot","Smiling Mask","Snecko Eye","Pen Nib"],"potions_floor_usage":[16,18],"damage_taken":[{"damage":6,"enemies":"Cultist","floor":1,"turns":3},{"damage":0,"enemies":"2 Louse","floor":3,"turns":3},{"damage":12,"enemies":"Jaw Worm","floor":4,"turns":3},{"damage":7,"enemies":"Looter","floor":7,"turns":4},{"damage":26,"enemies":"Gremlin Nob","floor":8,"turns":5},{"damage":2,"enemies":"2 Fungi Beasts","floor":11,"turns":3},{"damage":13,"enemies":"Lagavulin","floor":13,"turns":9},{"damage":10,"enemies":"Exordium Thugs","floor":14,"turns":3},{"damage":13,"enemies":"The Guardian","floor":16,"turns":16},{"damage":46,"enemies":"3 Byrds","floor":18,"turns":5},{"damage":13,"enemies":"Chosen","floor":19,"turns":5},{"damage":27,"enemies":"Centurion and Healer","floor":21,"turns":11}],"seed_played":"5670719130750433078","potions_obtained":[{"floor":1,"key":"Explosive Potion"},{"floor":11,"key":"EssenceOfSteel"},{"floor":16,"key":"AttackPotion"},{"floor":18,"key":"SteroidPotion"}],"is_trial":false,"path_per_floor":["M","$","M","M","?","R","M","E","T","?","M","R","E","M","R","B",null,"M","M","?","M"],"character_chosen":"DEFECT","items_purchased":["Conserve Battery"],"campfire_rested":2,"item_purchase_floors":[2],"current_hp_per_floor":[69,69,69,57,57,57,50,24,24,24,22,59,46,36,73,60,75,29,16,16,0],"gold":347,"neow_bonus":"RANDOM_COMMON_RELIC","is_prod":false,"is_daily":false,"chose_seed":false,"campfire_upgraded":1,"win_rate":0,"timestamp":1555712579,"path_taken":["M","?","M","M","?","R","?","E","T","?","M","R","E","M","R","BOSS","M","M","?","M"],"build_version":"2019-01-23","purchased_purges":0,"victory":false,"max_hp_per_floor":[75,75,75,75,75,75,75,75,75,75,75,75,75,75,75,75,75,75,75,75,75],"card_choices":[{"not_picked":["Reprogram","Cold Snap"],"picked":"Consume","floor":1},{"not_picked":["Stack","Streamline"],"picked":"Sweeping Beam","floor":3},{"not_picked":["Steam Power","Stack"],"picked":"Cold Snap","floor":4},{"not_picked":["Compile Driver","Steam Power"],"picked":"Conserve Battery","floor":7},{"not_picked":["Barrage","Compile Driver"],"picked":"Fusion","floor":8},{"not_picked":["Tempest","Genetic Algorithm"],"picked":"Glacier","floor":11},{"not_picked":["Turbo","Hologram"],"picked":"Rebound","floor":13},{"not_picked":["Barrage","Streamline"],"picked":"Leap","floor":14},{"not_picked":["Hyperbeam","All For One"],"picked":"Fission","floor":16},{"not_picked":["Aggregate","Auto Shields"],"picked":"Redo","floor":18},{"not_picked":["Consume","Beam Cell"],"picked":"Auto Shields","floor":19}],"player_experience":291863,"relics_obtained":[{"floor":8,"key":"War Paint"},{"floor":9,"key":"Boot"},{"floor":13,"key":"Smiling Mask"}],"event_choices":[{"damage_healed":0,"gold_gain":0,"player_choice":"Gave Potion","damage_taken":0,"relics_obtained":["Happy Flower"],"max_hp_gain":0,"max_hp_loss":0,"event_name":"WeMeetAgain","floor":5,"gold_loss":0},{"damage_healed":0,"gold_gain":0,"cards_transformed":["Strike_B"],"player_choice":"Change","damage_taken":0,"max_hp_gain":0,"max_hp_loss":0,"event_name":"Living Wall","floor":10,"gold_loss":0,"cards_obtained":["Sweeping Beam"]},{"damage_healed":0,"gold_gain":0,"player_choice":"Opened","damage_taken":0,"relics_obtained":["Pen Nib"],"max_hp_gain":0,"max_hp_loss":0,"event_name":"The Mausoleum","floor":20,"gold_loss":0,"cards_obtained":["Writhe"]}],"is_beta":false,"boss_relics":[{"not_picked":["Coffee Dripper","Tiny House"],"picked":"Snecko Eye"}],"items_purged_floors":[],"is_endless":false,"potions_floor_spawned":[1,11,16,18],"killed_by":"Centurion and Healer","ascension_level":3}