{"gold_per_floor":[118,133,133,133,220,257,269,344,382,421,433,445,457,469,481,619,631,631,586,586,166,166,166,166,166,166,166,166],"floor_reached":28,"playtime":746,"items_purged":["Strike_R"],"score":360,"play_id":"36b06a0e-202a-472b-9161-9da1ebdecfd1","local_time":"20190825200604","is_ascension_mode":true,"campfire_choices":[{"data":"Bash","floor":7,"key":"SMITH"},{"floor":13,"key":"REST"},{"floor":15,"key":"REST"},{"floor":23,"key":"REST"},{"floor":25,"key":"REST"}],"neow_cost":"NONE","seed_source_timestamp":437065635922300,"circlet_count":0,"master_deck":["Strike_R","Strike_R+1","Strike_R","Defend_R","Defend_R","Defend_R","Defend_R","Bash+1","Corruption+1","Cleave","Inflame","Immolate","Sentinel","Cleave"],"relics":["Burning Blood","NeowsBlessing","MawBank","Dream Catcher","Tiny Chest","Happy Flower","Juzu Bracelet","Golden Idol","Ectoplasm","Centennial Puzzle","Bottled Tornado","Meat on the Bone","Omamori"],"potions_floor_usage":[16,16,24,24,27],"damage_taken":[{"damage":0,"enemies":"Cultist","floor":1,"turns":1},{"damage":0,"enemies":"2 Louse","floor":2,"turns":1},{"damage":0,"enemies":"Lagavulin","floor":6,"turns":1},{"damage":24,"enemies":"Gremlin Nob","floor":8,"turns":4},{"damage":54,"enemies":"Hexaghost","floor":16,"turns":9},{"damage":12,"enemies":"Chosen","floor":18,"turns":4},{"damage":33,"enemies":"2 Thieves","floor":19,"turns":3},{"damage":8,"enemies":"3 Cultists","floor":22,"turns":3},{"damage":12,"enemies":"Shelled Parasite and Fungi","floor":24,"turns":3},{"damage":55,"enemies":"Gremlin Leader","floor":27,"turns":5},{"damage":29,"enemies":"Snecko","floor":28,"turns":4}],"seed_played":"-1452610359250427384","potions_obtained":[{"floor":1,"key":"Dexterity Potion"},{"floor":8,"key":"SkillPotion"},{"floor":19,"key":"Swift Potion"},{"floor":27,"key":"Ancient Potion"}],"is_trial":false,"path_per_floor":["M","M","$","?","?","E","R","E","T","T","?","?","R","?","R","B",null,"M","M","?","$","M","R","M","R","T","E","M"],"character_chosen":"IRONCLAD","items_purchased":["Bottled Tornado","Energy Potion","Block Potion"],"campfire_rested":4,"item_purchase_floors":[21,21,21],"current_hp_per_floor":[78,80,80,62,51,57,57,39,39,39,39,24,46,46,68,20,61,55,28,28,28,26,48,42,64,64,27,0],"gold":166,"neow_bonus":"THREE_ENEMY_KILL","is_prod":false,"is_daily":false,"chose_seed":false,"campfire_upgraded":1,"win_rate":0,"timestamp":1566781564,"path_taken":["M","?","$","?","?","E","R","E","T","?","?","?","R","?","R","BOSS","M","M","?","$","M","R","M","R","T","E","M"],"build_version":"2019-07-17","purchased_purges":1,"victory":false,"max_hp_per_floor":[80,80,80,80,80,80,80,80,80,80,74,74,74,74,74,74,74,74,74,74,74,74,74,74,74,74,74,74],"card_choices":[{"not_picked":["Wild Strike","Uppercut","Shrug It Off"],"picked":"SKIP","floor":1},{"not_picked":["Power Through","Body Slam","Headbutt"],"picked":"SKIP","floor":2},{"not_picked":["Headbutt","Burning Pact","Warcry"],"picked":"SKIP","floor":6},{"not_picked":["Headbutt","Burning Pact","Warcry"],"picked":"SKIP","floor":6},{"not_picked":["Warcry","Wild Strike"],"picked":"Corruption","floor":8},{"not_picked":["Carnage","Warcry"],"picked":"Cleave","floor":13},{"not_picked":["Sword Boomerang","Disarm"],"picked":"Inflame","floor":15},{"not_picked":["Feed","Offering"],"picked":"Immolate","floor":16},{"not_picked":["Pommel Strike","Clothesline","Whirlwind"],"picked":"SKIP","floor":18},{"not_picked":["Perfected Strike","Reckless Charge","Carnage"],"picked":"SKIP","floor":19},{"not_picked":["Shrug It Off","Iron Wave","Twin Strike+1"],"picked":"SKIP","floor":22},{"not_picked":["Sword Boomerang","Berserk"],"picked":"Sentinel","floor":24},{"not_picked":["Perfected Strike","Pommel Strike"],"picked":"Cleave","floor":25},{"not_picked":["Anger","Rage","Sword Boomerang"],"picked":"SKIP","floor":27}],"player_experience":305222,"relics_obtained":[{"floor":6,"key":"Dream Catcher"},{"floor":8,"key":"Tiny Chest"},{"floor":9,"key":"Happy Flower"},{"floor":10,"key":"Juzu Bracelet"},{"floor":26,"key":"Meat on the Bone"},{"floor":27,"key":"Omamori"}],"event_choices":[{"damage_healed":0,"gold_gain":0,"player_choice":"Success","damage_taken":18,"relics_obtained":["MawBank"],"max_hp_gain":0,"max_hp_loss":0,"event_name":"Scrap Ooze","floor":4,"gold_loss":0},{"damage_healed":0,"gold_gain":75,"player_choice":"Gather Gold","damage_taken":11,"max_hp_gain":0,"max_hp_loss":0,"event_name":"World of Goop","floor":5,"gold_loss":0},{"damage_healed":0,"gold_gain":0,"player_choice":"Lose Max HP","damage_taken":0,"relics_obtained":["Golden Idol"],"max_hp_gain":0,"max_hp_loss":6,"event_name":"Golden Idol","floor":11,"gold_loss":0},{"damage_healed":0,"gold_gain":0,"player_choice":"Entered Light","damage_taken":15,"max_hp_gain":0,"max_hp_loss":0,"event_name":"Shining Light","floor":12,"gold_loss":0,"cards_upgraded":["Corruption","Strike_R"]},{"cards_removed":["Strike_R"],"damage_healed":0,"gold_gain":0,"player_choice":"Purged","damage_taken":0,"max_hp_gain":0,"max_hp_loss":0,"event_name":"Purifier","floor":14,"gold_loss":0},{"damage_healed":0,"gold_gain":0,"player_choice":"Opened","damage_taken":0,"relics_obtained":["Centennial Puzzle"],"max_hp_gain":0,"max_hp_loss":0,"event_name":"The Mausoleum","floor":20,"gold_loss":0}],"is_beta":false,"boss_relics":[{"not_picked":["White Beast Statue","Runic Pyramid"],"picked":"Ectoplasm"}],"items_purged_floors":[21],"is_endless":false,"potions_floor_spawned":[1,8,19,27],"killed_by":"Snecko","ascension_level":7}