{"gold_per_floor":[113,113,128,128,128,128,31,31,57,32,32,32,65,79,79,209,209,227,245,170,49,49,49,78,10,10,26,26,26,41,67,67,166,166,178,178,178,190,207,207,207,217,243,243,255,268,64,77,77,77],"floor_reached":50,"playtime":3358,"items_purged":["Strike_B","Parasite"],"score":503,"play_id":"05ce88fc-5a1c-4495-9dce-60bf30541086","local_time":"20191020041348","is_ascension_mode":false,"campfire_choices":[{"data":"Rebound","floor":6,"key":"SMITH"},{"data":"Compile Driver","floor":8,"key":"SMITH"},{"data":"Beam Cell","floor":15,"key":"SMITH"},{"data":"Blizzard","floor":23,"key":"SMITH"},{"floor":29,"key":"REST"},{"floor":32,"key":"REST"},{"data":"Creative AI","floor":40,"key":"SMITH"},{"floor":49,"key":"REST"}],"neow_cost":"NONE","seed_source_timestamp":2092496281601230,"circlet_count":0,"master_deck":["Defend_B","Defend_B","Defend_B","Zap+1","Dualcast","Undo","Darkness","Rebound+1","Glacier","Compile Driver+1","Coolheaded","Chill","Beam Cell+1","Creative AI+1","Leap+1","Glacier+1","Hologram+1","White Noise","Ball Lightning+1","Blizzard+1","Redo","Coolheaded","FTL+1","Chaos","Storm","Force Field","Defragment+1","Defragment+1","Conserve Battery","Barrage","Sweeping Beam+1","Chill","Loop","Auto Shields","Leap"],"relics":["Cracked Core","Juzu Bracelet","Regal Pillow","Bloody Idol","Lantern","Astrolabe","Happy Flower","Gremlin Horn","MutagenicStrength","Whetstone","Nuclear Battery","Strawberry"],"potions_floor_usage":[18,24,31,42,50],"damage_taken":[{"damage":1,"enemies":"Jaw Worm","floor":1,"turns":2},{"damage":0,"enemies":"Cultist","floor":3,"turns":4},{"damage":13,"enemies":"Gremlin Nob","floor":13,"turns":5},{"damage":0,"enemies":"Small Slimes","floor":14,"turns":3},{"damage":42,"enemies":"Slime Boss","floor":16,"turns":18},{"damage":0,"enemies":"Chosen","floor":18,"turns":6},{"damage":14,"enemies":"Spheric Guardian","floor":19,"turns":8},{"damage":32,"enemies":"Gremlin Leader","floor":24,"turns":10},{"damage":7,"enemies":"3 Cultists","floor":27,"turns":4},{"damage":0,"enemies":"Snecko","floor":30,"turns":8},{"damage":41,"enemies":"Slavers","floor":31,"turns":6},{"damage":14,"enemies":"Champ","floor":33,"turns":12},{"damage":0,"enemies":"3 Darklings","floor":35,"turns":4},{"damage":0,"enemies":"Orb Walker","floor":38,"turns":6},{"damage":27,"enemies":"Sphere and 2 Shapes","floor":39,"turns":6},{"damage":9,"enemies":"Writhing Mass","floor":42,"turns":8},{"damage":13,"enemies":"Transient","floor":45,"turns":5},{"damage":12,"enemies":"Spire Growth","floor":46,"turns":9},{"damage":37,"enemies":"Jaw Worm Horde","floor":48,"turns":5},{"damage":44,"enemies":"Awakened One","floor":50,"turns":9}],"seed_played":"-5197310519154924726","potions_obtained":[{"floor":13,"key":"EssenceOfSteel"},{"floor":16,"key":"Dexterity Potion"},{"floor":18,"key":"EssenceOfSteel"},{"floor":35,"key":"Ancient Potion"},{"floor":39,"key":"EssenceOfSteel"},{"floor":46,"key":"FearPotion"}],"is_trial":false,"path_per_floor":["M","?","M","?","T","R","$","R","T","$","?","?","E","M","R","B",null,"M","M","?","$","?","R","E","$","T","M","?","R","M","E","R","B",null,"M","?","?","M","M","R","?","M","T","?","M","M","$","M","R","B"],"character_chosen":"DEFECT","items_purchased":["Compile Driver","Coolheaded","Blizzard","Redo","FTL","Loop","Auto Shields"],"campfire_rested":3,"item_purchase_floors":[7,10,21,21,25,47,47],"current_hp_per_floor":[74,74,74,74,74,74,74,74,74,74,74,69,56,56,56,14,69,69,55,55,55,55,55,28,28,28,26,26,61,66,30,65,56,69,69,69,69,69,47,47,47,43,55,55,47,40,40,8,44,0],"gold":77,"neow_bonus":"UPGRADE_CARD","is_prod":false,"is_daily":false,"chose_seed":false,"campfire_upgraded":5,"win_rate":0.0,"timestamp":1571559228,"path_taken":["M","?","?","?","?","R","$","R","T","$","?","?","E","M","R","BOSS","M","M","?","$","?","R","E","$","T","M","?","R","M","E","R","BOSS","M","?","?","M","M","R","?","M","T","?","M","M","$","M","R","BOSS"],"build_version":"2019-07-17","purchased_purges":2,"victory":false,"max_hp_per_floor":[75,75,75,75,75,75,75,75,75,75,75,69,69,69,69,69,69,69,69,69,69,69,69,69,69,69,69,69,69,69,69,69,69,69,69,69,69,69,69,69,69,69,76,76,76,76,73,73,73,73],"card_choices":[{"not_picked":["Stack","Double Energy"],"picked":"Undo","floor":1},{"not_picked":["Gash","Skim"],"picked":"Rebound","floor":3},{"not_picked":["Static Discharge","Rebound"],"picked":"Chill","floor":13},{"not_picked":["Coolheaded","Ball Lightning"],"picked":"Beam Cell","floor":14},{"not_picked":["Thunder Strike","Reboot"],"picked":"Creative AI","floor":16},{"not_picked":["Force Field+1","Redo+1"],"picked":"White Noise","floor":18},{"not_picked":["Turbo","Conserve Battery"],"picked":"Ball Lightning","floor":19},{"not_picked":["All For One","Genetic Algorithm"],"picked":"Coolheaded","floor":24},{"not_picked":["Stack+1","Doom and Gloom"],"picked":"Chaos","floor":27},{"not_picked":["Aggregate","Redo"],"picked":"Storm","floor":30},{"not_picked":["Barrage+1","Heatsinks"],"picked":"Force Field","floor":31},{"not_picked":["All For One","Amplify"],"picked":"Machine Learning","floor":33},{"not_picked":["Cold Snap+1","Compile Driver+1"],"picked":"Defragment+1","floor":35},{"not_picked":["Gash","Leap","Stack"],"picked":"SKIP","floor":38},{"not_picked":["Leap+1","Steam"],"picked":"Conserve Battery","floor":39},{"not_picked":["Coolheaded","Stack"],"picked":"Barrage","floor":42},{"not_picked":["Reprogram+1","Hologram"],"picked":"Sweeping Beam+1","floor":45},{"not_picked":["Coolheaded","Ball Lightning+1"],"picked":"Chill","floor":46},{"not_picked":["Steam+1","Conserve Battery"],"picked":"Leap","floor":48}],"player_experience":33542,"relics_obtained":[{"floor":5,"key":"Juzu Bracelet"},{"floor":9,"key":"Regal Pillow"},{"floor":13,"key":"Lantern"},{"floor":24,"key":"Happy Flower"},{"floor":26,"key":"Gremlin Horn"},{"floor":31,"key":"Whetstone"},{"floor":43,"key":"Strawberry"}],"event_choices":[{"damage_healed":0,"gold_gain":0,"player_choice":"2 cards matched","damage_taken":0,"max_hp_gain":0,"max_hp_loss":0,"event_name":"Match and Keep!","floor":2,"gold_loss":0,"cards_obtained":["Darkness","All For One"]},{"damage_healed":0,"gold_gain":0,"cards_transformed":["All For One"],"player_choice":"Change","damage_taken":0,"max_hp_gain":0,"max_hp_loss":0,"event_name":"Living Wall","floor":4,"gold_loss":0,"cards_obtained":["Glacier"]},{"damage_healed":0,"gold_gain":0,"player_choice":"Ignored","damage_taken":0,"max_hp_gain":0,"max_hp_loss":0,"event_name":"Liars Game","floor":11,"gold_loss":0},{"damage_healed":0,"gold_gain":0,"player_choice":"Lose Max HP","damage_taken":0,"relics_obtained":["Golden Idol"],"max_hp_gain":0,"max_hp_loss":6,"event_name":"Golden Idol","floor":12,"gold_loss":0},{"cards_removed":["Defend_B"],"damage_healed":0,"gold_gain":0,"player_choice":"Gave Gold","damage_taken":0,"max_hp_gain":0,"max_hp_loss":0,"event_name":"Beggar","floor":20,"gold_loss":75},{"damage_healed":0,"gold_gain":0,"player_choice":"Gave Idol","damage_taken":0,"relics_obtained":["Bloody Idol"],"max_hp_gain":0,"max_hp_loss":0,"event_name":"Forgotten Altar","floor":22,"relics_lost":["Golden Idol"],"gold_loss":0},{"damage_healed":0,"gold_gain":0,"player_choice":"Inject Mutagens","damage_taken":0,"relics_obtained":["MutagenicStrength"],"max_hp_gain":0,"max_hp_loss":0,"event_name":"Drug Dealer","floor":28,"gold_loss":0},{"cards_removed":["Machine Learning"],"damage_healed":0,"gold_gain":0,"player_choice":"Removed Power","damage_taken":0,"max_hp_gain":0,"max_hp_loss":0,"event_name":"Falling","floor":36,"gold_loss":0},{"damage_healed":0,"gold_gain":0,"player_choice":"Copied","damage_taken":0,"max_hp_gain":0,"max_hp_loss":0,"event_name":"Duplicator","floor":37,"gold_loss":0,"cards_obtained":["Defragment"]},{"damage_healed":0,"gold_gain":0,"player_choice":"Memory 1","damage_taken":0,"max_hp_gain":0,"max_hp_loss":0,"event_name":"SensoryStone","floor":41,"gold_loss":0},{"damage_healed":0,"gold_gain":0,"player_choice":"Ignored","damage_taken":0,"max_hp_gain":0,"max_hp_loss":0,"event_name":"Tomb of Lord Red Mask","floor":44,"gold_loss":0}],"is_beta":false,"boss_relics":[{"not_picked":["Tiny House","Eternal Feather"],"picked":"Astrolabe"},{"not_picked":["Cursed Key","Calling Bell"],"picked":"Nuclear Battery"}],"items_purged_floors":[7,47],"is_endless":false,"potions_floor_spawned":[13,16,18,35,39,46],"killed_by":"Awakened One","ascension_level":0}