{"gold_per_floor":[116,116,46,64,64,90,90,118,144,174,174,202,277,297,297,396,396,409,436,153,163,163,190,190,225,249,50,50,50,67,121,121,216,216,227,227,31,48,48,48,48,148,148,148,183,197,197,197,197,197],"floor_reached":50,"playtime":1513,"items_purged":["Strike_R","Defend_R"],"score":833,"play_id":"ef15d7d3-97a3-4e51-b327-5081f5a105d9","local_time":"20190826034509","is_ascension_mode":true,"campfire_choices":[{"floor":11,"key":"REST"},{"data":"Bash","floor":15,"key":"SMITH"},{"floor":24,"key":"REST"},{"data":"Demon Form","floor":29,"key":"SMITH"},{"data":"Heavy Blade","floor":32,"key":"SMITH"},{"data":"Cleave","floor":40,"key":"SMITH"},{"data":"Spot Weakness","floor":44,"key":"SMITH"},{"data":"Shrug It Off","floor":47,"key":"SMITH"},{"data":"Inflame","floor":49,"key":"SMITH"}],"neow_cost":"NONE","seed_source_timestamp":463851006718300,"circlet_count":0,"master_deck":["Defend_R","Bash+1","Shrug It Off+1","Pommel Strike","Inflame+1","Spot Weakness+1","Cleave+1","Demon Form+1","Infernal Blade+1","Bite","Bite","Bite","Bite","Bite","Heavy Blade+1"],"relics":["Burning Blood","NeowsBlessing","Happy Flower","Bag of Marbles","Mango","Strawberry","FossilizedHelix","Ancient Tea Set","Orrery","Red Mask","Lee\u0027s Waffle","Calipers","Bottled Tornado","Art of War","ClockworkSouvenir","Potion Belt","Empty Cage","StoneCalendar","Paper Frog","Oddly Smooth Stone"],"potions_floor_usage":[8,16,16,23,23,25,33,42,45,48,50],"damage_taken":[{"damage":0,"enemies":"Small Slimes","floor":1,"turns":1},{"damage":0,"enemies":"Cultist","floor":4,"turns":1},{"damage":0,"enemies":"Lagavulin","floor":6,"turns":1},{"damage":13,"enemies":"Gremlin Nob","floor":8,"turns":3},{"damage":27,"enemies":"Lagavulin","floor":10,"turns":5},{"damage":22,"enemies":"3 Sentries","floor":12,"turns":5},{"damage":0,"enemies":"2 Louse","floor":14,"turns":2},{"damage":27,"enemies":"The Guardian","floor":16,"turns":9},{"damage":35,"enemies":"2 Thieves","floor":18,"turns":4},{"damage":0,"enemies":"Masked Bandits","floor":19,"turns":1},{"damage":12,"enemies":"Chosen","floor":21,"turns":4},{"damage":45,"enemies":"Book of Stabbing","floor":23,"turns":5},{"damage":14,"enemies":"Slavers","floor":25,"turns":5},{"damage":28,"enemies":"Snake Plant","floor":30,"turns":3},{"damage":51,"enemies":"Champ","floor":33,"turns":7},{"damage":69,"enemies":"3 Darklings","floor":35,"turns":8},{"damage":9,"enemies":"3 Shapes","floor":38,"turns":5},{"damage":10,"enemies":"Mind Bloom Boss Battle","floor":42,"turns":4},{"damage":26,"enemies":"Giant Head","floor":45,"turns":5},{"damage":11,"enemies":"Transient","floor":46,"turns":5},{"damage":0,"enemies":"Maw","floor":48,"turns":1},{"damage":76,"enemies":"Time Eater","floor":50,"turns":5}],"seed_played":"268342222253734054","potions_obtained":[{"floor":1,"key":"PowerPotion"},{"floor":6,"key":"GamblersBrew"},{"floor":10,"key":"Strength Potion"},{"floor":16,"key":"Energy Potion"},{"floor":21,"key":"EssenceOfSteel"},{"floor":23,"key":"Regen Potion"},{"floor":30,"key":"LiquidBronze"},{"floor":35,"key":"SpeedPotion"},{"floor":38,"key":"SteroidPotion"},{"floor":42,"key":"Fire Potion"},{"floor":46,"key":"Block Potion"}],"is_trial":false,"path_per_floor":["M","?","$","M","?","E","?","E","T","E","R","E","?","M","R","B",null,"M","?","$","M","?","E","R","E","T","$","?","R","M","T","R","B",null,"M","?","$","M","?","R","?","?","T","R","E","M","R","M","R","B"],"character_chosen":"IRONCLAD","items_purchased":["Shrug It Off","Pommel Strike","Lee\u0027s Waffle","ClockworkSouvenir","SmokeBomb"],"campfire_rested":2,"item_purchase_floors":[3,3,20,27,37],"current_hp_per_floor":[78,70,70,76,64,70,75,82,89,68,99,83,72,78,78,57,94,65,71,113,107,79,48,71,79,79,79,79,79,63,63,63,30,67,18,69,69,66,66,66,66,65,65,65,53,60,60,69,69,0],"gold":197,"neow_bonus":"THREE_ENEMY_KILL","is_prod":false,"is_daily":false,"chose_seed":false,"campfire_upgraded":7,"win_rate":0,"timestamp":1566809109,"path_taken":["M","?","?","?","?","E","?","E","T","E","R","E","?","M","R","BOSS","M","?","$","M","?","E","R","E","T","$","?","R","M","?","R","BOSS","M","?","?","M","?","R","?","?","T","R","E","?","R","M","R","BOSS"],"build_version":"2019-07-17","purchased_purges":2,"victory":false,"max_hp_per_floor":[80,80,80,80,80,80,85,99,106,106,106,106,106,106,106,106,106,106,106,113,113,79,79,79,79,79,79,79,79,79,79,79,79,79,79,69,69,69,69,69,69,69,69,69,69,69,69,69,69,69],"card_choices":[{"not_picked":["Uppercut","Iron Wave","Intimidate"],"picked":"SKIP","floor":1},{"not_picked":["True Grit","Clash"],"picked":"Inflame","floor":4},{"not_picked":["Clash","Heavy Blade","Wild Strike"],"picked":"SKIP","floor":6},{"not_picked":["Thunderclap","Twin Strike"],"picked":"Spot Weakness","floor":8},{"not_picked":["Havoc","Heavy Blade","Second Wind"],"picked":"SKIP","floor":10},{"not_picked":["Burning Pact","Anger","Exhume"],"picked":"SKIP","floor":12},{"not_picked":["Iron Wave","Thunderclap"],"picked":"Cleave","floor":14},{"not_picked":["Reaper","Fiend Fire"],"picked":"Demon Form","floor":16},{"not_picked":["Wild Strike","Flex"],"picked":"Corruption","floor":17},{"not_picked":["Intimidate","Dual Wield"],"picked":"Infernal Blade+1","floor":18},{"not_picked":["Cleave","Sword Boomerang","Rupture"],"picked":"SKIP","floor":21},{"not_picked":["Blood for Blood","Double Tap","Entrench"],"picked":"SKIP","floor":23},{"not_picked":["Carnage+1","True Grit","Rage"],"picked":"SKIP","floor":25},{"not_picked":["Headbutt+1","Uppercut"],"picked":"Heavy Blade","floor":30},{"not_picked":["Iron Wave","Blood for Blood+1","Shrug It Off"],"picked":"SKIP","floor":35},{"not_picked":["Body Slam+1","Sword Boomerang","Headbutt"],"picked":"SKIP","floor":38},{"not_picked":["Body Slam+1","Impervious","Dark Embrace"],"picked":"SKIP","floor":45},{"not_picked":["Clothesline","Headbutt+1","Seeing Red"],"picked":"SKIP","floor":46}],"player_experience":307861,"relics_obtained":[{"floor":6,"key":"Bag of Marbles"},{"floor":8,"key":"Mango"},{"floor":9,"key":"Strawberry"},{"floor":10,"key":"FossilizedHelix"},{"floor":12,"key":"Ancient Tea Set"},{"floor":19,"key":"Red Mask"},{"floor":23,"key":"Calipers"},{"floor":25,"key":"Bottled Tornado"},{"floor":26,"key":"Art of War"},{"floor":31,"key":"Potion Belt"},{"floor":42,"key":"StoneCalendar"},{"floor":43,"key":"Paper Frog"},{"floor":45,"key":"Oddly Smooth Stone"}],"event_choices":[{"damage_healed":0,"gold_gain":0,"player_choice":"Damaged","damage_taken":8,"max_hp_gain":0,"max_hp_loss":0,"event_name":"Wheel of Change","floor":2,"gold_loss":0},{"damage_healed":0,"gold_gain":0,"player_choice":"Success","damage_taken":12,"relics_obtained":["Happy Flower"],"max_hp_gain":0,"max_hp_loss":0,"event_name":"Scrap Ooze","floor":5,"gold_loss":0},{"damage_healed":0,"gold_gain":0,"player_choice":"Donut","damage_taken":0,"max_hp_gain":5,"max_hp_loss":0,"event_name":"Big Fish","floor":7,"gold_loss":0},{"damage_healed":0,"gold_gain":75,"player_choice":"Gather Gold","damage_taken":11,"max_hp_gain":0,"max_hp_loss":0,"event_name":"World of Goop","floor":13,"gold_loss":0},{"damage_healed":0,"gold_gain":0,"player_choice":"Fought Bandits","damage_taken":0,"max_hp_gain":0,"max_hp_loss":0,"event_name":"Masked Bandits","floor":19,"gold_loss":0},{"damage_healed":0,"gold_gain":0,"player_choice":"Became a vampire","damage_taken":0,"max_hp_gain":0,"max_hp_loss":34,"event_name":"Vampires","floor":22,"gold_loss":0,"cards_obtained":["Bite","Bite","Bite","Bite","Bite"]},{"damage_healed":69,"gold_gain":0,"player_choice":"Heal","damage_taken":0,"max_hp_gain":0,"max_hp_loss":10,"event_name":"The Moai Head","floor":36,"gold_loss":0},{"damage_healed":0,"gold_gain":0,"player_choice":"Memory 1","damage_taken":0,"max_hp_gain":0,"max_hp_loss":0,"event_name":"SensoryStone","floor":39,"gold_loss":0},{"cards_removed":["Defend_R"],"damage_healed":0,"gold_gain":0,"player_choice":"Removed Skill","damage_taken":0,"max_hp_gain":0,"max_hp_loss":0,"event_name":"Falling","floor":41,"gold_loss":0},{"damage_healed":0,"gold_gain":0,"player_choice":"Fight","damage_taken":0,"max_hp_gain":0,"max_hp_loss":0,"event_name":"MindBloom","floor":42,"gold_loss":0}],"is_beta":false,"boss_relics":[{"not_picked":["Velvet Choker","Mark of Pain"],"picked":"Orrery"},{"not_picked":["Runic Cube","Tiny House"],"picked":"Empty Cage"}],"items_purged_floors":[20,37],"is_endless":false,"potions_floor_spawned":[1,6,10,16,21,23,30,35,38,42,46],"killed_by":"Time Eater","ascension_level":7}