{"gold_per_floor":[119,119,69,82,82,116,131,163,163,163,163,20,37,50,50,150,150,170,170,170,187,187,187,203,203,203,203,41,60,75,175,175,175],"floor_reached":33,"playtime":828,"items_purged":["Strike_R"],"score":378,"play_id":"a08dd1a6-a5a6-4269-a291-d9baf5f87d08","local_time":"20191013035330","is_ascension_mode":true,"campfire_choices":[{"data":"Rampage","floor":10,"key":"SMITH"},{"floor":15,"key":"REST"},{"floor":23,"key":"REST"},{"floor":25,"key":"REST"},{"floor":32,"key":"REST"}],"neow_cost":"NONE","seed_source_timestamp":54287150561300,"circlet_count":0,"master_deck":["Strike_R","Strike_R","Strike_R","Strike_R","Defend_R","Defend_R","Defend_R","Bash","Infernal Blade","Rampage+1","Corruption","Berserk","Cleave","Iron Wave+1","Shame","Armaments+1"],"relics":["Burning Blood","NeowsBlessing","Bag of Preparation","Paper Frog","Orichalcum","Lizard Tail","The Courier","Kunai","PreservedInsect","Vajra"],"potions_floor_usage":[8,16,16,18,21,21,30,30],"damage_taken":[{"damage":0,"enemies":"Jaw Worm","floor":1,"turns":1},{"damage":0,"enemies":"Small Slimes","floor":4,"turns":1},{"damage":0,"enemies":"3 Sentries","floor":6,"turns":2},{"damage":0,"enemies":"Cultist","floor":7,"turns":2},{"damage":51,"enemies":"Lagavulin","floor":8,"turns":6},{"damage":5,"enemies":"Looter","floor":13,"turns":2},{"damage":10,"enemies":"Blue Slaver","floor":14,"turns":3},{"damage":38,"enemies":"The Guardian","floor":16,"turns":8},{"damage":54,"enemies":"3 Byrds","floor":18,"turns":7},{"damage":0,"enemies":"Spheric Guardian","floor":21,"turns":2},{"damage":25,"enemies":"Centurion and Healer","floor":24,"turns":6},{"damage":35,"enemies":"Snake Plant","floor":29,"turns":4},{"damage":6,"enemies":"3 Cultists","floor":30,"turns":4},{"damage":96,"enemies":"Collector","floor":33,"turns":6}],"seed_played":"-3604943729355311011","potions_obtained":[{"floor":6,"key":"LiquidBronze"},{"floor":7,"key":"SneckoOil"},{"floor":13,"key":"SkillPotion"},{"floor":14,"key":"Poison Potion"},{"floor":20,"key":"SkillPotion"},{"floor":20,"key":"SkillPotion"},{"floor":20,"key":"AttackPotion"},{"floor":29,"key":"Poison Potion"}],"is_trial":false,"path_per_floor":["M","$","?","M","?","E","M","E","T","R","?","$","M","M","R","B",null,"M","?","?","M","?","R","M","R","T","?","$","M","M","?","R","B"],"character_chosen":"IRONCLAD","items_purchased":["Corruption","Vajra","Explosive Potion"],"campfire_rested":4,"item_purchase_floors":[12,28,28],"current_hp_per_floor":[78,78,78,80,80,80,80,35,35,35,61,61,62,58,80,48,72,24,9,9,15,15,40,21,46,46,46,46,17,17,17,42,0],"gold":175,"neow_bonus":"THREE_ENEMY_KILL","is_prod":false,"is_daily":false,"chose_seed":false,"campfire_upgraded":1,"win_rate":0,"timestamp":1570956810,"path_taken":["M","$","?","M","?","E","?","E","T","R","?","$","M","M","R","BOSS","M","?","?","?","?","R","?","R","T","?","$","M","M","?","R","BOSS"],"build_version":"2019-07-17","purchased_purges":1,"victory":false,"max_hp_per_floor":[80,80,80,80,80,80,80,80,80,80,80,80,80,80,80,80,80,80,85,85,85,85,85,85,85,85,85,85,85,85,85,85,85],"card_choices":[{"not_picked":["True Grit","Sword Boomerang","Fire Breathing"],"picked":"SKIP","floor":1},{"not_picked":["Perfected Strike","Rupture"],"picked":"Cleave","floor":4},{"not_picked":["Searing Blow","Body Slam"],"picked":"Infernal Blade","floor":6},{"not_picked":["Blood for Blood","Fire Breathing","Body Slam"],"picked":"SKIP","floor":7},{"not_picked":["Rage","Cleave"],"picked":"Rampage","floor":8},{"not_picked":["Dark Embrace","Headbutt","Seeing Red"],"picked":"SKIP","floor":13},{"not_picked":["Disarm","Iron Wave","Shrug It Off"],"picked":"SKIP","floor":14},{"not_picked":["Bludgeon","Dark Embrace"],"picked":"Berserk","floor":16},{"not_picked":["Feel No Pain","Searing Blow"],"picked":"Cleave","floor":18},{"not_picked":["Headbutt","Corruption+1"],"picked":"Iron Wave+1","floor":21},{"not_picked":["Body Slam","Offering","Rampage"],"picked":"SKIP","floor":24},{"not_picked":["Whirlwind","Clash+1"],"picked":"Armaments+1","floor":29},{"not_picked":["Armaments","Clash","Pommel Strike"],"picked":"SKIP","floor":30}],"player_experience":310348,"relics_obtained":[{"floor":6,"key":"Bag of Preparation"},{"floor":8,"key":"Paper Frog"},{"floor":9,"key":"Orichalcum"},{"floor":26,"key":"Kunai"}],"event_choices":[{"cards_removed":["Defend_R"],"damage_healed":0,"gold_gain":0,"player_choice":"Card Removal","damage_taken":0,"max_hp_gain":0,"max_hp_loss":0,"event_name":"The Cleric","floor":3,"gold_loss":50},{"cards_removed":["Cleave"],"damage_healed":5,"gold_gain":0,"player_choice":"Offered Common","damage_taken":0,"max_hp_gain":0,"max_hp_loss":0,"event_name":"Bonfire Elementals","floor":5,"gold_loss":0},{"cards_removed":["Cleave"],"damage_healed":5,"gold_gain":0,"player_choice":"Offered Special","damage_taken":0,"max_hp_gain":0,"max_hp_loss":0,"event_name":"Bonfire Elementals","floor":5,"gold_loss":0},{"damage_healed":26,"gold_gain":0,"player_choice":"Banana","damage_taken":0,"max_hp_gain":0,"max_hp_loss":0,"event_name":"Big Fish","floor":11,"gold_loss":0},{"damage_healed":0,"gold_gain":0,"player_choice":"Shed Blood","damage_taken":20,"max_hp_gain":5,"max_hp_loss":0,"event_name":"Forgotten Altar","floor":19,"gold_loss":0},{"damage_healed":0,"gold_gain":0,"player_choice":"Got Potions","damage_taken":0,"max_hp_gain":0,"max_hp_loss":0,"event_name":"Lab","floor":20,"gold_loss":0},{"damage_healed":0,"gold_gain":0,"player_choice":"Gave Potion","damage_taken":0,"relics_obtained":["The Courier"],"max_hp_gain":0,"max_hp_loss":0,"event_name":"WeMeetAgain","floor":22,"gold_loss":0},{"damage_healed":0,"gold_gain":0,"player_choice":"Stole Relic","damage_taken":0,"relics_obtained":["PreservedInsect"],"max_hp_gain":0,"max_hp_loss":0,"event_name":"Addict","floor":27,"gold_loss":0,"cards_obtained":["Shame"]},{"damage_healed":0,"gold_gain":100,"player_choice":"Pray","damage_taken":0,"max_hp_gain":0,"max_hp_loss":0,"event_name":"Golden Shrine","floor":31,"gold_loss":0}],"is_beta":false,"boss_relics":[{"not_picked":["Orrery","Sozu"],"picked":"Lizard Tail"}],"items_purged_floors":[12],"is_endless":false,"potions_floor_spawned":[6,7,13,14,29],"killed_by":"Collector","ascension_level":7}