{"gold_per_floor":[110,35,52,71,85,118,194,194,194,194,210,89,107,107,107,212,212,231,231,245,263,263,263,293,293,293,312,327,13,13,23,23,23],"floor_reached":33,"playtime":1170,"items_purged":["Shame"],"score":560,"play_id":"24285bf5-69ff-445d-8191-f340d747bd7c","local_time":"20191020194916","is_ascension_mode":true,"campfire_choices":[{"floor":10.0,"key":"REST"},{"data":"Feed","floor":15.0,"key":"SMITH"},{"data":"Heavy Blade","floor":23.0,"key":"SMITH"},{"floor":25.0,"key":"REST"},{"floor":32.0,"key":"REST"}],"neow_cost":"CURSE","seed_source_timestamp":0,"circlet_count":0,"master_deck":["AscendersBane","Strike_R","Strike_R","Strike_R","Strike_R","Strike_R","Defend_R","Defend_R","Defend_R","Defend_R","Bash","Feed+1","Body Slam","Inflame","Shrug It Off","Spot Weakness","Spot Weakness","Shrug It Off","Panacea","Twin Strike","Sword Boomerang","Demon Form","Sword Boomerang+1","Heavy Blade+1","Impervious","Iron Wave","Heavy Blade","Apotheosis+1","Reckless Charge"],"special_seed":0,"relics":["Burning Blood","Bag of Preparation","Happy Flower","Smiling Mask","White Beast Statue","MutagenicStrength","Pear","Toxic Egg 2","Lantern","Blood Vial"],"potions_floor_usage":[33],"damage_taken":[{"damage":0.0,"enemies":"Cultist","floor":1.0,"turns":4.0},{"damage":10.0,"enemies":"2 Louse","floor":3.0,"turns":3.0},{"damage":18.0,"enemies":"Jaw Worm","floor":4.0,"turns":4.0},{"damage":20.0,"enemies":"Looter","floor":5.0,"turns":4.0},{"damage":37.0,"enemies":"Gremlin Nob","floor":6.0,"turns":5.0},{"damage":0.0,"enemies":"Exordium Wildlife","floor":11.0,"turns":3.0},{"damage":20.0,"enemies":"2 Fungi Beasts","floor":13.0,"turns":5.0},{"damage":0.0,"enemies":"Slime Boss","floor":16.0,"turns":5.0},{"damage":28.0,"enemies":"2 Thieves","floor":18.0,"turns":4.0},{"damage":9.0,"enemies":"Spheric Guardian","floor":20.0,"turns":4.0},{"damage":34.0,"enemies":"Snake Plant","floor":21.0,"turns":5.0},{"damage":37.0,"enemies":"Gremlin Leader","floor":24.0,"turns":7.0},{"damage":0.0,"enemies":"Snecko","floor":27.0,"turns":4.0},{"damage":13.0,"enemies":"3 Cultists","floor":28.0,"turns":6.0},{"damage":20.0,"enemies":"Centurion and Healer","floor":31.0,"turns":4.0},{"damage":67,"enemies":"Champ","floor":33,"turns":7}],"seed_played":"8762100928026626283","potions_obtained":[{"floor":3.0,"key":"SteroidPotion"},{"floor":6.0,"key":"AttackPotion"},{"floor":8.0,"key":"Strength Potion"},{"floor":8.0,"key":"Fire Potion"},{"floor":16.0,"key":"Poison Potion"},{"floor":18.0,"key":"Weak Potion"},{"floor":20.0,"key":"Weak Potion"},{"floor":21.0,"key":"Ancient Potion"},{"floor":24.0,"key":"Energy Potion"},{"floor":27.0,"key":"Block Potion"},{"floor":28.0,"key":"Fire Potion"},{"floor":31.0,"key":"Energy Potion"}],"is_trial":false,"path_per_floor":["M","$","M","M","M","E","?","?","T","R","M","$","M","T","R","B",null,"M","?","M","M","T","R","E","R","T","M","M","$","?","M","R","B"],"character_chosen":"IRONCLAD","items_purchased":["Panacea","Twin Strike","Apotheosis+1","Blood Vial"],"campfire_rested":3,"item_purchase_floors":[12,12,29,29],"current_hp_per_floor":[81,81,80,71,60,29,29,29,29,56,65,65,54,54,54,60,89,71,71,68,40,50,50,19,52,52,58,55,55,31,19,55,0],"gold":23,"neow_bonus":"THREE_RARE_CARDS","is_prod":false,"is_daily":false,"chose_seed":false,"campfire_upgraded":2,"win_rate":0,"timestamp":1571615356,"path_taken":["M","$","M","M","?","E","?","?","T","R","?","$","M","?","R","BOSS","M","?","M","M","?","R","E","R","T","M","M","$","?","?","R","BOSS"],"build_version":"2019-07-17","purchased_purges":1,"victory":false,"max_hp_per_floor":[83,83,86,89,92,92,92,92,92,92,95,95,98,98,98,98,98,102,102,102,102,112,112,112,112,112,112,116,116,121,121,121,121],"card_choices":[{"not_picked":["Berserk","Barricade"],"picked":"Feed","floor":0.0},{"not_picked":["Perfected Strike","Sever Soul"],"picked":"Body Slam","floor":1.0},{"not_picked":["True Grit","Havoc"],"picked":"Inflame","floor":3.0},{"not_picked":["Rupture","Uppercut"],"picked":"Shrug It Off","floor":4.0},{"not_picked":["Havoc","Clothesline"],"picked":"Spot Weakness","floor":5.0},{"not_picked":["Pummel","Power Through"],"picked":"Spot Weakness","floor":6.0},{"not_picked":["Dropkick","Havoc"],"picked":"Shrug It Off","floor":11.0},{"not_picked":["Havoc","Shockwave"],"picked":"Sword Boomerang","floor":13.0},{"not_picked":["Immolate","Exhume"],"picked":"Demon Form","floor":16.0},{"not_picked":["Combust","Iron Wave"],"picked":"Sword Boomerang+1","floor":18.0},{"not_picked":["Sword Boomerang","Iron Wave"],"picked":"Heavy Blade","floor":20.0},{"not_picked":["Headbutt","Dual Wield"],"picked":"Impervious","floor":21.0},{"not_picked":["Power Through","Havoc"],"picked":"Iron Wave","floor":24.0},{"not_picked":["Thunderclap","Cleave","Wild Strike+1"],"picked":"SKIP","floor":27.0},{"not_picked":["Searing Blow","Power Through+1"],"picked":"Heavy Blade","floor":28.0},{"not_picked":["Clothesline","Clash"],"picked":"Reckless Charge","floor":31.0}],"player_experience":735683,"relics_obtained":[{"floor":6.0,"key":"Bag of Preparation"},{"floor":9.0,"key":"Happy Flower"},{"floor":14.0,"key":"Smiling Mask"},{"floor":22.0,"key":"Pear"},{"floor":24.0,"key":"Toxic Egg 2"},{"floor":26.0,"key":"Lantern"}],"event_choices":[{"damage_healed":0.0,"max_hp_gain":0.0,"max_hp_loss":0.0,"gold_gain":76.0,"event_name":"Golden Wing","player_choice":"Gained Gold","floor":7.0,"gold_loss":0.0,"damage_taken":0.0},{"damage_healed":0.0,"max_hp_gain":0.0,"max_hp_loss":0.0,"gold_gain":0.0,"event_name":"Lab","player_choice":"Got Potions","floor":8.0,"gold_loss":0.0,"damage_taken":0.0},{"damage_healed":0.0,"max_hp_gain":0.0,"max_hp_loss":0.0,"gold_gain":0.0,"event_name":"Drug Dealer","player_choice":"Inject Mutagens","floor":19.0,"gold_loss":0.0,"damage_taken":0.0,"relics_obtained":["MutagenicStrength"]},{"damage_healed":0.0,"max_hp_gain":5.0,"max_hp_loss":0.0,"gold_gain":0.0,"event_name":"Forgotten Altar","player_choice":"Shed Blood","floor":30.0,"gold_loss":0.0,"damage_taken":29.0}],"is_beta":false,"boss_relics":[{"not_picked":["Coffee Dripper","Pandora\u0027s Box"],"picked":"White Beast Statue"}],"items_purged_floors":[2],"is_endless":false,"potions_floor_spawned":[3,6,11,16,18,20,21,24,27,28,31],"killed_by":"Champ","ascension_level":12}