{"gold_per_floor":[114,127,77,87,97,97,128,188,234,234,269,284,284,302,302,401,401,415,415,434,534,552,580,580,611,611,611,91,91,104,104,104,209,209,219,219,229,229,243,243,256,256,256,256,270,270,298,309,309,309],"floor_reached":50,"playtime":2959,"items_purged":["Doubt"],"score":572,"play_id":"0b3db0b5-54ef-4626-b664-30f783741150","local_time":"20191019123109","is_ascension_mode":false,"campfire_choices":[{"data":"Armaments","floor":6,"key":"SMITH"},{"data":"Inflame","floor":13,"key":"SMITH"},{"data":"Clothesline","floor":15,"key":"SMITH"},{"data":"Body Slam","floor":27,"key":"SMITH"},{"data":"Shrug It Off","floor":29,"key":"SMITH"},{"data":"Shrug It Off","floor":32,"key":"SMITH"},{"data":"Power Through","floor":40,"key":"SMITH"},{"data":"Second Wind","floor":44,"key":"SMITH"},{"data":"Whirlwind","floor":46,"key":"SMITH"},{"data":"Shockwave","floor":49,"key":"SMITH"}],"neow_cost":"NONE","seed_source_timestamp":2036336703116424,"circlet_count":0,"master_deck":["Strike_R","Strike_R","Strike_R+1","Strike_R","Defend_R","Defend_R","Defend_R+1","Defend_R","Bash","Inflame+1","Armaments+1","Flame Barrier","Sword Boomerang","Power Through+1","Cleave","Body Slam","Sword Boomerang","Clothesline+1","Offering","Shockwave+1","Rampage","Body Slam+1","Dropkick+1","Inflame+1","Shrug It Off+1","Shrug It Off+1","Reaper","Body Slam+1","Body Slam+1","Second Wind+1","Regret","Whirlwind+1","Pummel+1","Intimidate+1"],"relics":["Burning Blood","Frozen Egg 2","Regal Pillow","Orichalcum","Dodecahedron","Cursed Key","Nilry\u0027s Codex","Vajra","Bag of Marbles","Meat on the Bone","Bottled Tornado","Lantern","Coffee Dripper","Toxic Egg 2","Pantograph"],"potions_floor_usage":[14,16,25,33,50,50,50,50,50,50],"damage_taken":[{"damage":0,"enemies":"Small Slimes","floor":1,"turns":3},{"damage":0,"enemies":"2 Louse","floor":2,"turns":4},{"damage":5,"enemies":"Jaw Worm","floor":4,"turns":5},{"damage":7,"enemies":"Exordium Thugs","floor":5,"turns":6},{"damage":36,"enemies":"Lagavulin","floor":7,"turns":8},{"damage":13,"enemies":"3 Sentries","floor":8,"turns":10},{"damage":28,"enemies":"3 Sentries","floor":11,"turns":8},{"damage":0,"enemies":"Blue Slaver","floor":12,"turns":4},{"damage":11,"enemies":"Lots of Slimes","floor":14,"turns":3},{"damage":19,"enemies":"The Guardian","floor":16,"turns":11},{"damage":0,"enemies":"Shell Parasite","floor":18,"turns":4},{"damage":6,"enemies":"3 Byrds","floor":20,"turns":3},{"damage":6,"enemies":"Centurion and Healer","floor":22,"turns":7},{"damage":8,"enemies":"Gremlin Leader","floor":23,"turns":5},{"damage":37,"enemies":"Slavers","floor":25,"turns":5},{"damage":6,"enemies":"Chosen and Byrds","floor":30,"turns":3},{"damage":40,"enemies":"Champ","floor":33,"turns":10},{"damage":6,"enemies":"3 Shapes","floor":35,"turns":1},{"damage":0,"enemies":"Orb Walker","floor":37,"turns":2},{"damage":7,"enemies":"Jaw Worm Horde","floor":39,"turns":3},{"damage":10,"enemies":"Sphere and 2 Shapes","floor":41,"turns":4},{"damage":7,"enemies":"Transient","floor":45,"turns":5},{"damage":0,"enemies":"Nemesis","floor":47,"turns":5},{"damage":12,"enemies":"4 Shapes","floor":48,"turns":3},{"damage":109,"enemies":"Awakened One","floor":50,"turns":11}],"seed_played":"1075398247757544728","potions_obtained":[{"floor":5,"key":"FearPotion"},{"floor":8,"key":"PowerPotion"},{"floor":12,"key":"BloodPotion"},{"floor":16,"key":"Regen Potion"},{"floor":18,"key":"FearPotion"},{"floor":22,"key":"EssenceOfSteel"},{"floor":24,"key":"EntropicBrew"},{"floor":30,"key":"Regen Potion"},{"floor":33,"key":"LiquidBronze"},{"floor":41,"key":"Strength Potion"},{"floor":47,"key":"Strength Potion"}],"is_trial":false,"path_per_floor":["M","M","?","M","M","R","E","?","T","?","E","M","R","M","R","B",null,"M","?","M","?","M","E","?","E","T","R","$","R","M","?","R","B",null,"M","?","M","?","M","R","M","T","T","R","M","R","E","M","R","B"],"character_chosen":"IRONCLAD","items_purchased":["Shrug It Off","Bottled Tornado","Lantern"],"campfire_rested":0,"item_purchase_floors":[28,28,28],"current_hp_per_floor":[88,88,88,88,87,87,57,50,50,32,10,16,16,33,33,20,88,88,72,72,72,72,70,70,48,48,48,48,48,60,43,43,30,93,93,93,93,93,93,93,89,89,89,89,88,88,93,87,87,0],"gold":309,"neow_bonus":"TEN_PERCENT_HP_BONUS","is_prod":false,"is_daily":false,"chose_seed":false,"campfire_upgraded":10,"win_rate":0.0,"timestamp":1571502669,"path_taken":["M","M","?","M","M","R","E","?","T","?","E","M","R","M","R","BOSS","M","?","M","?","?","E","?","E","T","R","$","R","?","?","R","BOSS","M","?","M","?","?","R","M","?","T","R","M","R","E","M","R","BOSS"],"build_version":"2019-07-17","purchased_purges":1,"victory":false,"max_hp_per_floor":[88,88,88,88,88,88,88,88,88,88,88,88,88,88,88,88,88,88,88,88,88,88,88,88,88,88,88,88,88,88,93,93,93,93,93,93,93,93,93,93,93,93,93,93,93,93,93,93,93,93],"card_choices":[{"not_picked":["Clash","Iron Wave"],"picked":"Inflame","floor":1},{"not_picked":["Perfected Strike","Warcry"],"picked":"Armaments","floor":2},{"not_picked":["Inflame","Reckless Charge"],"picked":"Flame Barrier","floor":4},{"not_picked":["Dark Embrace","Corruption"],"picked":"Sword Boomerang","floor":5},{"not_picked":["Corruption","Armaments"],"picked":"Power Through","floor":7},{"not_picked":["Shockwave","Reckless Charge"],"picked":"Cleave","floor":8},{"not_picked":["Reckless Charge","Perfected Strike"],"picked":"Body Slam","floor":11},{"not_picked":["Iron Wave","Carnage"],"picked":"Sword Boomerang","floor":12},{"not_picked":["Reckless Charge","Twin Strike"],"picked":"Clothesline","floor":14},{"not_picked":["Reaper","Impervious"],"picked":"Offering","floor":16},{"not_picked":["Headbutt","Flex"],"picked":"Shockwave","floor":18},{"not_picked":["Clothesline","Anger+1"],"picked":"Rampage","floor":20},{"not_picked":["Sword Boomerang+1","Barricade+1"],"picked":"Body Slam","floor":22},{"not_picked":["Corruption+1","Iron Wave"],"picked":"Dropkick+1","floor":23},{"not_picked":["Iron Wave","Body Slam+1"],"picked":"Inflame+1","floor":25},{"not_picked":["Bloodletting","Body Slam"],"picked":"Shrug It Off","floor":30},{"not_picked":["Barricade+1","Berserk+1"],"picked":"Reaper","floor":33},{"not_picked":["Sword Boomerang+1","Flame Barrier"],"picked":"Body Slam+1","floor":35},{"not_picked":["Twin Strike","True Grit","Intimidate"],"picked":"SKIP","floor":37},{"not_picked":["Headbutt+1","Fire Breathing+1"],"picked":"Body Slam+1","floor":39},{"not_picked":["Sword Boomerang","Thunderclap+1"],"picked":"Second Wind","floor":41},{"not_picked":["Rage+1","True Grit+1"],"picked":"Whirlwind","floor":45},{"not_picked":["Searing Blow+1","Body Slam"],"picked":"Pummel+1","floor":47},{"not_picked":["Dual Wield+1","Sword Boomerang+1"],"picked":"Intimidate+1","floor":48}],"player_experience":0,"relics_obtained":[{"floor":7,"key":"Frozen Egg 2"},{"floor":8,"key":"Regal Pillow"},{"floor":9,"key":"Orichalcum"},{"floor":11,"key":"Dodecahedron"},{"floor":19,"key":"Nilry\u0027s Codex"},{"floor":23,"key":"Vajra"},{"floor":25,"key":"Bag of Marbles"},{"floor":26,"key":"Meat on the Bone"},{"floor":42,"key":"Toxic Egg 2"},{"floor":47,"key":"Pantograph"}],"event_choices":[{"cards_removed":["Strike_R"],"damage_healed":0,"gold_gain":0,"player_choice":"Card Removal","damage_taken":0,"max_hp_gain":0,"max_hp_loss":0,"event_name":"The Cleric","floor":3,"gold_loss":50},{"damage_healed":0,"gold_gain":0,"player_choice":"Searched \u00271\u0027 times","damage_taken":0,"max_hp_gain":0,"max_hp_loss":0,"event_name":"Dead Adventurer","floor":8,"gold_loss":0},{"damage_healed":0,"gold_gain":0,"player_choice":"Entered Light","damage_taken":18,"max_hp_gain":0,"max_hp_loss":0,"event_name":"Shining Light","floor":10,"gold_loss":0,"cards_upgraded":["Strike_R","Defend_R"]},{"damage_healed":0,"gold_gain":0,"player_choice":"Obtained Book","damage_taken":16,"max_hp_gain":0,"max_hp_loss":0,"event_name":"Cursed Tome","floor":19,"gold_loss":0},{"damage_healed":0,"gold_gain":100,"player_choice":"Pray","damage_taken":0,"max_hp_gain":0,"max_hp_loss":0,"event_name":"Golden Shrine","floor":21,"gold_loss":0},{"damage_healed":0,"gold_gain":0,"player_choice":"Got Potions","damage_taken":0,"max_hp_gain":0,"max_hp_loss":0,"event_name":"Lab","floor":24,"gold_loss":0},{"damage_healed":0,"gold_gain":0,"player_choice":"Shed Blood","damage_taken":22,"max_hp_gain":5,"max_hp_loss":0,"event_name":"Forgotten Altar","floor":31,"gold_loss":0},{"damage_healed":0,"gold_gain":0,"player_choice":"Memory 1","damage_taken":0,"max_hp_gain":0,"max_hp_loss":0,"event_name":"SensoryStone","floor":36,"gold_loss":0},{"damage_healed":0,"gold_gain":0,"player_choice":"Ignored","damage_taken":0,"max_hp_gain":0,"max_hp_loss":0,"event_name":"NoteForYourself","floor":38,"gold_loss":0}],"is_beta":false,"boss_relics":[{"not_picked":["Runic Cube","Tiny House"],"picked":"Cursed Key"},{"not_picked":["Black Star","Orrery"],"picked":"Coffee Dripper"}],"items_purged_floors":[28],"is_endless":false,"potions_floor_spawned":[5,8,12,16,18,22,30,33,37,41,47],"killed_by":"Awakened One","ascension_level":0}