{"gold_per_floor":[119,129,129,141,157,184,204,131,155,155,168,186,200,212,212,212],"floor_reached":16,"playtime":768,"items_purged":[],"score":124,"play_id":"3a02fb09-36dd-4858-b22f-9545502026c8","local_time":"20190724212437","is_ascension_mode":true,"campfire_choices":[{"data":"Corruption","floor":10.0,"key":"SMITH"},{"data":"Demon Form","floor":15,"key":"SMITH"}],"neow_cost":"NONE","seed_source_timestamp":0,"circlet_count":0,"master_deck":["Strike_R","Strike_R","Strike_R","Strike_R","Strike_R","Defend_R","Defend_R","Defend_R","Defend_R","Bash","Panacea","Pommel Strike","Twin Strike","Shrug It Off","Cleave","Spot Weakness","Corruption+1","Inflame","Twin Strike","Demon Form+1","Disarm","Heavy Blade"],"special_seed":0,"relics":["Burning Blood","Bag of Marbles","Boot"],"potions_floor_usage":[],"damage_taken":[{"damage":2.0,"enemies":"2 Louse","floor":1.0,"turns":4.0},{"damage":1.0,"enemies":"Cultist","floor":2.0,"turns":3.0},{"damage":8.0,"enemies":"Small Slimes","floor":4.0,"turns":3.0},{"damage":11.0,"enemies":"Blue Slaver","floor":5.0,"turns":3.0},{"damage":24.0,"enemies":"3 Sentries","floor":6.0,"turns":8.0},{"damage":11.0,"enemies":"2 Fungi Beasts","floor":7.0,"turns":3.0},{"damage":14.0,"enemies":"Exordium Thugs","floor":11.0,"turns":3.0},{"damage":9,"enemies":"3 Louse","floor":12,"turns":3},{"damage":15,"enemies":"Exordium Wildlife","floor":13,"turns":3},{"damage":8,"enemies":"Large Slime","floor":14,"turns":5},{"damage":33,"enemies":"Slime Boss","floor":16,"turns":3}],"seed_played":"2358632856217767949","potions_obtained":[{"floor":1.0,"key":"SpeedPotion"},{"floor":3.0,"key":"FearPotion"},{"floor":3.0,"key":"Regen Potion"},{"floor":4.0,"key":"PowerPotion"},{"floor":12,"key":"BloodPotion"}],"is_trial":false,"path_per_floor":["M","M","?","M","M","E","M","$","T","R","M","M","M","M","R","B"],"character_chosen":"IRONCLAD","items_purchased":["Inflame"],"campfire_rested":0,"item_purchase_floors":[8],"current_hp_per_floor":[80,80,80,78,73,55,50,50,50,50,42,39,30,28,28,0],"gold":212,"neow_bonus":"RANDOM_COLORLESS","is_prod":false,"is_daily":false,"chose_seed":false,"campfire_upgraded":2,"win_rate":0,"timestamp":1563996277,"path_taken":["M","M","?","M","M","E","M","$","T","R","?","M","M","M","R","BOSS"],"build_version":"2019-07-18","purchased_purges":0,"victory":false,"max_hp_per_floor":[80,80,80,80,80,80,80,80,80,80,80,80,80,80,80,80],"card_choices":[{"not_picked":["Heavy Blade","Entrench"],"picked":"Pommel Strike","floor":1.0},{"not_picked":["True Grit","Searing Blow"],"picked":"Twin Strike","floor":2.0},{"not_picked":["Warcry","Flex","Shrug It Off"],"picked":"SKIP","floor":4.0},{"not_picked":["Warcry","Flex"],"picked":"Shrug It Off","floor":4.0},{"not_picked":["Warcry","Rupture"],"picked":"Cleave","floor":5.0},{"not_picked":["Pommel Strike","Impervious"],"picked":"Spot Weakness","floor":6.0},{"not_picked":["Burning Pact","Anger"],"picked":"Corruption","floor":7.0},{"not_picked":["Cleave","Warcry"],"picked":"Twin Strike","floor":11},{"not_picked":["Flex","Clothesline"],"picked":"Demon Form","floor":12},{"not_picked":["True Grit","Perfected Strike"],"picked":"Disarm","floor":13},{"not_picked":["Wild Strike","Cleave"],"picked":"Heavy Blade","floor":14}],"player_experience":113967,"relics_obtained":[{"floor":6.0,"key":"Bag of Marbles"},{"floor":9.0,"key":"Boot"}],"event_choices":[{"damage_healed":0.0,"max_hp_gain":0.0,"max_hp_loss":0.0,"gold_gain":0.0,"event_name":"Lab","player_choice":"Got Potions","floor":3.0,"gold_loss":0.0,"damage_taken":0.0}],"is_beta":true,"boss_relics":[],"items_purged_floors":[],"is_endless":false,"potions_floor_spawned":[1,4,7,12],"killed_by":"Slime Boss","ascension_level":3}