{"gold_per_floor":[109,34,44,44,57,85,85,104,104,130,130,130],"floor_reached":12,"playtime":481,"items_purged":["Strike_B"],"score":101,"play_id":"cd17a928-3065-4eba-b682-da490803e695","local_time":"20190419195817","is_ascension_mode":true,"campfire_choices":[{"data":"Zap","floor":7,"key":"SMITH"}],"neow_cost":"NONE","seed_source_timestamp":161208900005000,"circlet_count":0,"master_deck":["Strike_B","Strike_B","Strike_B+1","Defend_B","Defend_B","Defend_B","Defend_B","Zap+1","Dualcast","Gash","Sweeping Beam","Gash+1","Go for the Eyes","Static Discharge","Leap"],"relics":["Cracked Core","Bag of Preparation","Blue Candle","Whetstone","The Courier","Pocketwatch","FaceOfCleric"],"potions_floor_usage":[],"damage_taken":[{"damage":1,"enemies":"Cultist","floor":1,"turns":3},{"damage":2,"enemies":"Jaw Worm","floor":3,"turns":3},{"damage":0,"enemies":"Small Slimes","floor":5,"turns":2},{"damage":30,"enemies":"Lagavulin","floor":6,"turns":5},{"damage":4,"enemies":"Red Slaver","floor":8,"turns":3},{"damage":25,"enemies":"3 Sentries","floor":10,"turns":5},{"damage":22,"enemies":"Exordium Wildlife","floor":12,"turns":3}],"seed_played":"-5037396839644026175","potions_obtained":[{"floor":3,"key":"FocusPotion"},{"floor":6,"key":"FearPotion"},{"floor":8,"key":"EssenceOfSteel"},{"floor":10,"key":"Swift Potion"}],"is_trial":false,"path_per_floor":["M","$","M","T","M","E","R","M","T","E","?","M"],"character_chosen":"DEFECT","items_purchased":[],"campfire_rested":0,"item_purchase_floors":[],"current_hp_per_floor":[74,74,72,72,72,42,42,38,38,13,13,0],"gold":130,"neow_bonus":"RANDOM_COMMON_RELIC","is_prod":false,"is_daily":false,"chose_seed":false,"campfire_upgraded":1,"win_rate":0,"timestamp":1555696697,"path_taken":["M","?","M","?","M","E","R","M","T","E","?","M"],"build_version":"2019-01-23","purchased_purges":1,"victory":false,"max_hp_per_floor":[75,75,75,75,75,75,75,75,75,75,75,75],"card_choices":[{"not_picked":["Barrage","Cold Snap"],"picked":"Gash","floor":1},{"not_picked":["Redo","Streamline"],"picked":"Sweeping Beam","floor":3},{"not_picked":["Reboot","Melter"],"picked":"Gash","floor":5},{"not_picked":["Auto Shields","FTL"],"picked":"Go for the Eyes","floor":6},{"not_picked":["Conserve Battery","Ball Lightning"],"picked":"Static Discharge","floor":8},{"not_picked":["Aggregate","Steam"],"picked":"Leap","floor":10}],"player_experience":277849,"relics_obtained":[{"floor":4,"key":"Blue Candle"},{"floor":6,"key":"Whetstone"},{"floor":9,"key":"The Courier"},{"floor":10,"key":"Pocketwatch"}],"event_choices":[{"damage_healed":0,"gold_gain":0,"player_choice":"Trade","damage_taken":0,"relics_obtained":["FaceOfCleric"],"max_hp_gain":0,"max_hp_loss":0,"event_name":"FaceTrader","floor":11,"gold_loss":0}],"is_beta":false,"boss_relics":[],"items_purged_floors":[2],"is_endless":false,"potions_floor_spawned":[3,6,8,10],"killed_by":"Exordium Wildlife","ascension_level":3}