{"gold_per_floor":[110,185,199,199,212,212,229,254,254,218,249,266,13,33,33,129,129,146,161,136,51,61,76,103,103,103,116,129,129,129],"floor_reached":30,"playtime":1670,"items_purged":[],"score":290,"play_id":"020129cf-e49a-4aaa-976c-9aa7b4a61066","local_time":"20190731140524","is_ascension_mode":true,"campfire_choices":[{"data":"Zap","floor":6,"key":"SMITH"},{"data":"Dualcast","floor":15,"key":"SMITH"},{"floor":25,"key":"REST"},{"data":"Creative AI","floor":29,"key":"SMITH"}],"neow_cost":"NONE","seed_source_timestamp":1465237978150500,"circlet_count":0,"master_deck":["Zap+1","Dualcast+1","Barrage","Tempest","Leap","Reinforced Body","Coolheaded","Genetic Algorithm","Echo Form","Barrage","Sweeping Beam","Thunder Strike","Loop","White Noise","Machine Learning","Reboot","Scrape","Creative AI+1","Aggregate","Capacitor","Undo+1","Leap","BootSequence+1","Tempest","Static Discharge","Chill","Loop"],"relics":["Cracked Core","Bird Faced Urn","Emotion Chip","Bottled Lightning","Lee\u0027s Waffle","Pandora\u0027s Box","DataDisk","Bronze Scales","Blue Candle"],"potions_floor_usage":[8,14,24],"damage_taken":[{"damage":0,"enemies":"Small Slimes","floor":1,"turns":4},{"damage":7,"enemies":"Jaw Worm","floor":3,"turns":3},{"damage":3,"enemies":"2 Louse","floor":5,"turns":2},{"damage":3,"enemies":"Blue Slaver","floor":7,"turns":4},{"damage":17,"enemies":"3 Sentries","floor":8,"turns":6},{"damage":11,"enemies":"Gremlin Nob","floor":11,"turns":3},{"damage":18,"enemies":"Large Slime","floor":12,"turns":5},{"damage":0,"enemies":"Lots of Slimes","floor":14,"turns":2},{"damage":10,"enemies":"The Guardian","floor":16,"turns":11},{"damage":35,"enemies":"2 Thieves","floor":18,"turns":3},{"damage":10,"enemies":"Spheric Guardian","floor":19,"turns":4},{"damage":8,"enemies":"Centurion and Healer","floor":22,"turns":5},{"damage":18,"enemies":"Snake Plant","floor":23,"turns":5},{"damage":30,"enemies":"Book of Stabbing","floor":24,"turns":4},{"damage":13,"enemies":"3 Cultists","floor":27,"turns":4},{"damage":6,"enemies":"Centurion and Healer","floor":28,"turns":6},{"damage":57,"enemies":"Gremlin Leader","floor":30,"turns":6}],"seed_played":"-4952800951670491672","potions_obtained":[{"floor":5,"key":"Explosive Potion"},{"floor":8,"key":"Explosive Potion"},{"floor":16,"key":"FocusPotion"},{"floor":23,"key":"SteroidPotion"},{"floor":27,"key":"Weak Potion"},{"floor":28,"key":"Weak Potion"}],"is_trial":false,"path_per_floor":["M","?","M","?","M","R","M","E","T","$","E","M","$","M","R","B",null,"M","M","$","?","M","M","E","R","T","M","M","R","E"],"character_chosen":"DEFECT","items_purchased":["Genetic Algorithm","Lee\u0027s Waffle","Barrage","Leap"],"campfire_rested":1,"item_purchase_floors":[10,13,13,20],"current_hp_per_floor":[75,64,57,62,59,59,56,39,39,39,28,12,87,87,87,77,87,52,48,48,48,48,38,14,40,40,31,39,39,0],"gold":129,"neow_bonus":"REMOVE_CARD","is_prod":false,"is_daily":false,"chose_seed":false,"campfire_upgraded":3,"win_rate":0,"timestamp":1564574724,"path_taken":["M","?","M","?","M","R","M","E","T","?","E","M","$","M","R","BOSS","M","M","$","?","M","M","E","R","T","M","M","R","E"],"build_version":"2019-07-18","purchased_purges":0,"victory":false,"max_hp_per_floor":[75,75,75,80,80,80,80,80,80,80,80,80,87,87,87,87,87,87,87,87,87,87,87,87,87,87,87,87,87,87],"card_choices":[{"not_picked":["Go for the Eyes","Stack"],"picked":"Barrage","floor":1},{"not_picked":["Stack","Reinforced Body"],"picked":"Tempest","floor":3},{"not_picked":["Beam Cell","Cold Snap"],"picked":"Leap","floor":5},{"not_picked":["Steam","Redo"],"picked":"Reinforced Body","floor":7},{"not_picked":["Redo","Cold Snap"],"picked":"Coolheaded","floor":8},{"not_picked":["Sweeping Beam","Turbo"],"picked":"Echo Form","floor":11},{"not_picked":["Turbo","Hologram","Beam Cell"],"picked":"SKIP","floor":12},{"not_picked":["Doom and Gloom","Steam"],"picked":"Sweeping Beam","floor":14},{"not_picked":["All For One","Fission"],"picked":"Thunder Strike","floor":16},{"not_picked":["Defragment","Redo"],"picked":"Capacitor","floor":18},{"not_picked":["Stack","Leap"],"picked":"Undo+1","floor":19},{"not_picked":["Stack","Auto Shields"],"picked":"BootSequence+1","floor":22},{"not_picked":["Heatsinks","Steam Power"],"picked":"Tempest","floor":23},{"not_picked":["Streamline","Ball Lightning"],"picked":"Static Discharge","floor":24},{"not_picked":["Sweeping Beam","Auto Shields"],"picked":"Chill","floor":27},{"not_picked":["Chill","Sweeping Beam"],"picked":"Loop","floor":28}],"player_experience":120304,"relics_obtained":[{"floor":8,"key":"Bird Faced Urn"},{"floor":9,"key":"Emotion Chip"},{"floor":11,"key":"Bottled Lightning"},{"floor":24,"key":"Bronze Scales"},{"floor":26,"key":"Blue Candle"}],"event_choices":[{"damage_healed":0,"gold_gain":75,"player_choice":"Gather Gold","damage_taken":11,"max_hp_gain":0,"max_hp_loss":0,"event_name":"World of Goop","floor":2,"gold_loss":0},{"damage_healed":0,"gold_gain":0,"player_choice":"Donut","damage_taken":0,"max_hp_gain":5,"max_hp_loss":0,"event_name":"Big Fish","floor":4,"gold_loss":0},{"damage_healed":0,"gold_gain":0,"player_choice":"Obtained Relic","damage_taken":0,"relics_obtained":["DataDisk"],"max_hp_gain":0,"max_hp_loss":0,"event_name":"Addict","floor":21,"gold_loss":85}],"is_beta":true,"boss_relics":[{"not_picked":["Eternal Feather","White Beast Statue"],"picked":"Pandora\u0027s Box"}],"items_purged_floors":[],"is_endless":false,"potions_floor_spawned":[5,8,16,23,27,28],"killed_by":"Gremlin Leader","ascension_level":2}