{"gold_per_floor":[112,12,24,35,35,35,60,60,87,12,12,42,73,148,148,253,253,272,272,272,289,308,308,321,321],"floor_reached":25,"playtime":845,"items_purged":["Strike_R"],"score":359,"play_id":"9968f04b-4020-49d7-969d-837c85084c1c","local_time":"20190908223824","is_ascension_mode":true,"campfire_choices":[{"data":"Corruption","floor":6,"key":"SMITH"},{"data":"Rupture","floor":11,"key":"SMITH"},{"floor":15,"key":"REST"},{"data":"Armaments","floor":23,"key":"SMITH"}],"neow_cost":"NONE","seed_source_timestamp":0,"circlet_count":0,"master_deck":["AscendersBane","Defend_R","Defend_R","Defend_R","Defend_R","Rupture","Feel No Pain","Shrug It Off","Twin Strike","Corruption+1","Dark Shackles","Fiend Fire","Rupture+1","Combust","Sentinel","Demon Form","Inflame","Bite","Bite","Bite","Bite","Bite","Sword Boomerang","Armaments+1","Whirlwind"],"special_seed":0,"relics":["Burning Blood","Art of War","Juzu Bracelet","Du-Vu Doll","Centennial Puzzle","Pen Nib","Lantern","Cursed Key"],"potions_floor_usage":[16,16,22],"damage_taken":[{"damage":5.0,"enemies":"Cultist","floor":1.0,"turns":4.0},{"damage":10.0,"enemies":"2 Louse","floor":3.0,"turns":3.0},{"damage":4.0,"enemies":"Small Slimes","floor":4.0,"turns":4.0},{"damage":15,"enemies":"3 Sentries","floor":7,"turns":10},{"damage":14,"enemies":"Lagavulin","floor":13,"turns":5},{"damage":33,"enemies":"Slime Boss","floor":16,"turns":6},{"damage":4,"enemies":"Spheric Guardian","floor":18,"turns":4},{"damage":12,"enemies":"Chosen","floor":21,"turns":6},{"damage":23,"enemies":"Sentry and Sphere","floor":22,"turns":4},{"damage":31,"enemies":"Centurion and Healer","floor":24,"turns":7},{"damage":42,"enemies":"Book of Stabbing","floor":25,"turns":4}],"seed_played":"5575189724926269065","potions_obtained":[{"floor":1.0,"key":"PowerPotion"},{"floor":7,"key":"Strength Potion"},{"floor":21,"key":"Swift Potion"}],"is_trial":false,"path_per_floor":["M","$","M","M","?","R","E","?","T","$","R","?","E","?","R","B",null,"M","?","?","M","M","R","M","E"],"character_chosen":"IRONCLAD","items_purchased":["Feel No Pain","Shrug It Off"],"campfire_rested":1,"item_purchase_floors":[2,2],"current_hp_per_floor":[73,73,69,71,71,71,62,55,55,55,55,55,47,36,60,33,68,70,56,56,56,47,47,38,0],"gold":321,"neow_bonus":"RANDOM_COMMON_RELIC","is_prod":false,"is_daily":false,"chose_seed":false,"campfire_upgraded":3,"win_rate":0,"timestamp":1567996704,"path_taken":["M","$","M","?","?","R","E","?","T","$","R","?","E","?","R","BOSS","M","?","?","M","M","R","M","E"],"build_version":"2019-07-17","purchased_purges":1,"victory":false,"max_hp_per_floor":[80,80,80,80,80,80,80,80,80,80,80,80,80,80,80,80,80,80,56,56,56,56,56,56,56],"card_choices":[{"not_picked":["Disarm","Infernal Blade"],"picked":"Rupture","floor":1.0},{"not_picked":["Shrug It Off","Power Through"],"picked":"Twin Strike","floor":3.0},{"not_picked":["True Grit","Second Wind"],"picked":"Corruption","floor":4.0},{"not_picked":["Twin Strike","Perfected Strike"],"picked":"Combust","floor":7},{"not_picked":["Second Wind","Twin Strike"],"picked":"Sentinel","floor":13},{"not_picked":["Offering","Immolate"],"picked":"Demon Form","floor":16},{"not_picked":["Clash","Anger"],"picked":"Inflame","floor":18},{"not_picked":["Bloodletting","Flex"],"picked":"Sword Boomerang","floor":21},{"not_picked":["Cleave","Wild Strike"],"picked":"Armaments","floor":22},{"not_picked":["Fire Breathing","Flex"],"picked":"Whirlwind","floor":24}],"player_experience":724484,"relics_obtained":[{"floor":7,"key":"Juzu Bracelet"},{"floor":9,"key":"Centennial Puzzle"},{"floor":13,"key":"Lantern"}],"event_choices":[{"damage_healed":0,"gold_gain":0,"player_choice":"3 cards matched","damage_taken":0,"max_hp_gain":0,"max_hp_loss":0,"event_name":"Match and Keep!","floor":5,"gold_loss":0,"cards_obtained":["Dark Shackles","Fiend Fire","Rupture"]},{"damage_healed":0,"gold_gain":0,"player_choice":"Success","damage_taken":7,"relics_obtained":["Du-Vu Doll"],"max_hp_gain":0,"max_hp_loss":0,"event_name":"Scrap Ooze","floor":8,"gold_loss":0},{"damage_healed":0,"gold_gain":30,"player_choice":"Searched \u00272\u0027 times","damage_taken":0,"relics_obtained":["Pen Nib"],"max_hp_gain":0,"max_hp_loss":0,"event_name":"Dead Adventurer","floor":12,"gold_loss":0},{"damage_healed":0,"gold_gain":75,"player_choice":"Gather Gold","damage_taken":11,"max_hp_gain":0,"max_hp_loss":0,"event_name":"World of Goop","floor":14,"gold_loss":0},{"damage_healed":0,"gold_gain":0,"player_choice":"Became a vampire","damage_taken":0,"max_hp_gain":0,"max_hp_loss":24,"event_name":"Vampires","floor":19,"gold_loss":0,"cards_obtained":["Bite","Bite","Bite","Bite","Bite"]},{"cards_removed":["Bash"],"damage_healed":0,"gold_gain":0,"player_choice":"Offered Basic","damage_taken":0,"max_hp_gain":0,"max_hp_loss":0,"event_name":"Bonfire Elementals","floor":20,"gold_loss":0}],"is_beta":false,"boss_relics":[{"not_picked":["Black Star","Calling Bell"],"picked":"Cursed Key"}],"items_purged_floors":[10],"is_endless":false,"potions_floor_spawned":[1,7,13,21],"killed_by":"Book of Stabbing","ascension_level":12}