{"gold_per_floor":[113,288,302,98,113,143,108,121,121,121,153,172,197,220,232,244],"floor_reached":16,"playtime":820,"items_purged":[],"score":118,"play_id":"bc9f1c0f-8a6a-44dc-a4e8-72e32230213c","local_time":"20190504142033","is_ascension_mode":true,"campfire_choices":[{"floor":15,"key":"REST"}],"neow_cost":"TEN_PERCENT_HP_LOSS","seed_source_timestamp":11676294629400,"circlet_count":0,"master_deck":["Defend_G","Defend_G","Defend_G","Defend_G","Defend_G","Strike_G","Strike_G","Strike_G","Strike_G","Strike_G","Survivor","Neutralize","Acrobatics","Doubt","Dagger Throw","Prepared","Dodge and Roll","Prepared","Endless Agony","Glass Knife","Prepared"],"relics":["Ring of the Snake","Tingsha","Lantern","Gremlin Horn","Darkstone Periapt","PreservedInsect","MawBank"],"potions_floor_usage":[11,16],"damage_taken":[{"damage":0,"enemies":"2 Louse","floor":1,"turns":3},{"damage":2,"enemies":"Small Slimes","floor":3,"turns":7},{"damage":0,"enemies":"Cultist","floor":5,"turns":3},{"damage":24,"enemies":"3 Sentries","floor":6,"turns":12},{"damage":18,"enemies":"Exordium Thugs","floor":8,"turns":5},{"damage":15,"enemies":"Gremlin Nob","floor":11,"turns":6},{"damage":0,"enemies":"3 Louse","floor":12,"turns":2},{"damage":0,"enemies":"2 Fungi Beasts","floor":14,"turns":2},{"damage":50,"enemies":"The Guardian","floor":16,"turns":15}],"seed_played":"6123212622043378762","potions_obtained":[{"floor":5,"key":"Strength Potion"},{"floor":8,"key":"SpeedPotion"},{"floor":10,"key":"SkillPotion"},{"floor":10,"key":"Fire Potion"},{"floor":12,"key":"Swift Potion"}],"is_trial":false,"path_per_floor":["M","?","M","$","M","E","?","M","T","?","E","M","T","M","R","B"],"character_chosen":"THE_SILENT","items_purchased":["Lantern","Prepared"],"campfire_rested":1,"item_purchase_floors":[4,4],"current_hp_per_floor":[63,63,61,61,61,37,52,34,34,34,19,19,19,19,37,0],"gold":244,"neow_bonus":"ONE_RARE_RELIC","is_prod":false,"is_daily":false,"chose_seed":false,"campfire_upgraded":0,"win_rate":0,"timestamp":1556972433,"path_taken":["M","?","M","$","M","E","?","M","T","?","E","?","?","M","R","BOSS"],"build_version":"2019-04-23","purchased_purges":0,"victory":false,"max_hp_per_floor":[63,63,63,63,63,63,63,63,63,63,63,63,63,63,63,63],"card_choices":[{"not_picked":["Backflip","Sucker Punch"],"picked":"Acrobatics","floor":1},{"not_picked":["Leg Sweep","Deflect"],"picked":"Dagger Throw","floor":3},{"not_picked":["Deflect","Deadly Poison"],"picked":"Dodge and Roll","floor":5},{"not_picked":["Bane","Accuracy"],"picked":"Prepared","floor":6},{"not_picked":["Slice","Cloak And Dagger","Quick Slash"],"picked":"SKIP","floor":8},{"not_picked":["Sucker Punch","Infinite Blades"],"picked":"Endless Agony","floor":11},{"not_picked":["Underhanded Strike","Heel Hook"],"picked":"Glass Knife","floor":12},{"not_picked":["Dodge and Roll","Heel Hook"],"picked":"Prepared","floor":14}],"player_experience":53379,"relics_obtained":[{"floor":6,"key":"Gremlin Horn"},{"floor":9,"key":"Darkstone Periapt"},{"floor":11,"key":"PreservedInsect"},{"floor":13,"key":"MawBank"}],"event_choices":[{"damage_healed":0,"gold_gain":175,"player_choice":"AGREE","damage_taken":0,"max_hp_gain":0,"max_hp_loss":0,"event_name":"Liars Game","floor":2,"gold_loss":0,"cards_obtained":["Doubt"]},{"damage_healed":15,"gold_gain":0,"player_choice":"Healed","damage_taken":0,"max_hp_gain":0,"max_hp_loss":0,"event_name":"The Cleric","floor":7,"gold_loss":35},{"damage_healed":0,"gold_gain":0,"player_choice":"Got Potions","damage_taken":0,"max_hp_gain":0,"max_hp_loss":0,"event_name":"Lab","floor":10,"gold_loss":0}],"is_beta":true,"boss_relics":[],"items_purged_floors":[],"is_endless":false,"potions_floor_spawned":[5,8,12],"killed_by":"The Guardian","ascension_level":1}