{"gold_per_floor":[113,63,63,63,138,165,181,208,232,232,242,242,13,31,31,132,132,148,148,148,28,43,43,43,43,43,63,80,94,4,21,21,118,118,138,19,38,53,6,6,6,6,6,6,24,24,24,39,39,39],"floor_reached":50,"playtime":1627,"items_purged":["Strike_R"],"score":690,"play_id":"42f3080a-ea91-4aff-851a-1d6f57fa72a1","local_time":"20191020230825","is_ascension_mode":true,"campfire_choices":[{"data":"Armaments","floor":10,"key":"SMITH"},{"floor":15,"key":"REST"},{"data":"Body Slam","floor":23,"key":"SMITH"},{"data":"Barricade","floor":25,"key":"SMITH"},{"floor":32,"key":"REST"},{"floor":40,"key":"REST"},{"data":"Shrug It Off","floor":42,"key":"SMITH"},{"data":"Body Slam","floor":44,"key":"SMITH"},{"floor":49,"key":"REST"}],"neow_cost":"NONE","seed_source_timestamp":727616595163400,"circlet_count":0,"master_deck":["Defend_R","Defend_R+1","Defend_R","Bash","Armaments+1","Iron Wave","Pommel Strike","Barricade+1","Body Slam+1","Spot Weakness+1","Body Slam+1","Metallicize+1","Shrug It Off+1","Injury","Armaments+1"],"relics":["Black Blood","NeowsBlessing","Happy Flower","Letter Opener","Red Skull","Meat on the Bone","Regal Pillow","Bottled Lightning","Cursed Key","Blue Candle"],"potions_floor_usage":[16,27,27,28,29,37,38,50,50],"damage_taken":[{"damage":0,"enemies":"Jaw Worm","floor":1,"turns":1},{"damage":0,"enemies":"Gremlin Nob","floor":6,"turns":1},{"damage":0,"enemies":"2 Louse","floor":7,"turns":1},{"damage":55,"enemies":"Lagavulin","floor":8,"turns":7},{"damage":0,"enemies":"Small Slimes","floor":11,"turns":3},{"damage":14,"enemies":"Exordium Wildlife","floor":14,"turns":5},{"damage":50,"enemies":"The Guardian","floor":16,"turns":15},{"damage":40,"enemies":"Spheric Guardian","floor":18,"turns":8},{"damage":7,"enemies":"Chosen","floor":22,"turns":4},{"damage":40,"enemies":"Shelled Parasite and Fungi","floor":27,"turns":5},{"damage":38,"enemies":"Snake Plant","floor":28,"turns":3},{"damage":32,"enemies":"3 Cultists","floor":29,"turns":6},{"damage":7,"enemies":"Snecko","floor":31,"turns":4},{"damage":79,"enemies":"Collector","floor":33,"turns":11},{"damage":38,"enemies":"Orb Walker","floor":35,"turns":6},{"damage":49,"enemies":"3 Shapes","floor":37,"turns":4},{"damage":3,"enemies":"Maw","floor":38,"turns":7},{"damage":17,"enemies":"Sphere and 2 Shapes","floor":45,"turns":6},{"damage":32,"enemies":"3 Darklings","floor":48,"turns":5},{"damage":103,"enemies":"Awakened One","floor":50,"turns":11}],"seed_played":"1469890046880548759","potions_obtained":[{"floor":6,"key":"Ancient Potion"},{"floor":18,"key":"Strength Potion"},{"floor":20,"key":"EssenceOfSteel"},{"floor":20,"key":"LiquidBronze"},{"floor":22,"key":"Poison Potion"},{"floor":28,"key":"PowerPotion"},{"floor":33,"key":"SpeedPotion"},{"floor":38,"key":"FearPotion"},{"floor":45,"key":"BloodPotion"}],"is_trial":false,"path_per_floor":["M","?","?","?","?","E","M","E","T","R","M","T","$","M","R","B",null,"M","?","?","$","M","R","?","R","T","M","M","M","?","M","R","B",null,"M","$","M","M","$","R","?","R","T","R","M","?","?","M","R","B"],"character_chosen":"IRONCLAD","items_purchased":["Regal Pillow","Body Slam","Inflame","Metallicize","PowerPotion","Shrug It Off"],"campfire_rested":4,"item_purchase_floors":[13,21,21,36,36,39],"current_hp_per_floor":[78,78,71,71,60,66,72,23,23,23,29,29,29,33,72,40,70,52,78,78,78,80,80,80,80,80,62,46,36,36,51,80,23,66,50,50,23,42,42,80,76,76,76,76,69,69,69,59,76,0],"gold":39,"neow_bonus":"THREE_ENEMY_KILL","is_prod":false,"is_daily":false,"chose_seed":false,"campfire_upgraded":5,"win_rate":0,"timestamp":1571630905,"path_taken":["M","?","?","?","?","E","M","E","T","R","M","?","$","?","R","BOSS","M","?","?","$","?","R","?","R","T","?","M","M","?","M","R","BOSS","M","$","M","?","$","R","?","R","T","R","M","?","?","M","R","BOSS"],"build_version":"2019-07-17","purchased_purges":1,"victory":false,"max_hp_per_floor":[80,80,80,80,80,80,80,80,80,80,80,80,80,80,80,80,80,80,80,80,80,80,80,80,80,80,80,80,80,80,80,80,80,80,80,80,80,80,80,80,76,76,76,76,76,76,76,76,76,76],"card_choices":[{"not_picked":["Flex","Warcry","Fire Breathing"],"picked":"SKIP","floor":1},{"not_picked":["Sever Soul","Blood for Blood"],"picked":"Armaments","floor":6},{"not_picked":["Intimidate","Warcry"],"picked":"Iron Wave","floor":7},{"not_picked":["Disarm","Sever Soul","Iron Wave"],"picked":"SKIP","floor":8},{"not_picked":["Reckless Charge","True Grit","Warcry"],"picked":"SKIP","floor":11},{"not_picked":["Feel No Pain","Sever Soul"],"picked":"Pommel Strike","floor":14},{"not_picked":["Bludgeon","Demon Form"],"picked":"Barricade","floor":16},{"not_picked":["Rage","Warcry","Uppercut+1"],"picked":"SKIP","floor":18},{"not_picked":["Sentinel","Clothesline"],"picked":"Spot Weakness+1","floor":22},{"not_picked":["Warcry","Carnage+1","Flex+1"],"picked":"SKIP","floor":27},{"not_picked":["Perfected Strike+1","Cleave","Clothesline"],"picked":"SKIP","floor":28},{"not_picked":["Rage","Iron Wave","Havoc"],"picked":"SKIP","floor":29},{"not_picked":["Offering","Sword Boomerang+1","Intimidate+1"],"picked":"SKIP","floor":31},{"not_picked":["Flex+1","Clothesline"],"picked":"Body Slam","floor":35},{"not_picked":["Flex+1","Ghostly Armor","Havoc+1"],"picked":"SKIP","floor":37},{"not_picked":["Uppercut+1","Wild Strike+1","Sword Boomerang+1"],"picked":"SKIP","floor":38},{"not_picked":["Warcry+1","Sword Boomerang"],"picked":"Armaments+1","floor":45},{"not_picked":["Combust","Fire Breathing","Bludgeon"],"picked":"SKIP","floor":48}],"player_experience":331428,"relics_obtained":[{"floor":6,"key":"Happy Flower"},{"floor":8,"key":"Letter Opener"},{"floor":9,"key":"Red Skull"},{"floor":12,"key":"Meat on the Bone"},{"floor":26,"key":"Bottled Lightning"},{"floor":43,"key":"Blue Candle"}],"event_choices":[{"cards_removed":["Strike_R"],"damage_healed":0,"gold_gain":0,"player_choice":"Card Removal","damage_taken":0,"max_hp_gain":0,"max_hp_loss":0,"event_name":"The Cleric","floor":2,"gold_loss":50},{"cards_removed":["Strike_R"],"damage_healed":0,"gold_gain":0,"player_choice":"Card Removal","damage_taken":7,"max_hp_gain":0,"max_hp_loss":0,"event_name":"Golden Wing","floor":3,"gold_loss":0},{"cards_removed":["Strike_R"],"damage_healed":0,"gold_gain":0,"player_choice":"Forget","damage_taken":0,"max_hp_gain":0,"max_hp_loss":0,"event_name":"Living Wall","floor":4,"gold_loss":0},{"damage_healed":0,"gold_gain":75,"player_choice":"Gather Gold","damage_taken":11,"max_hp_gain":0,"max_hp_loss":0,"event_name":"World of Goop","floor":5,"gold_loss":0},{"damage_healed":26,"gold_gain":0,"player_choice":"Heal","damage_taken":0,"max_hp_gain":0,"max_hp_loss":0,"event_name":"The Library","floor":19,"gold_loss":0},{"damage_healed":0,"gold_gain":0,"player_choice":"Got Potions","damage_taken":0,"max_hp_gain":0,"max_hp_loss":0,"event_name":"Lab","floor":20,"gold_loss":0},{"cards_removed":["Strike_R"],"damage_healed":0,"gold_gain":0,"player_choice":"Purged","damage_taken":0,"max_hp_gain":0,"max_hp_loss":0,"event_name":"Purifier","floor":24,"gold_loss":0},{"cards_removed":["Inflame"],"damage_healed":0,"gold_gain":0,"player_choice":"Upgrade and Remove","damage_taken":0,"max_hp_gain":0,"max_hp_loss":0,"event_name":"Designer","floor":30,"gold_loss":90,"cards_upgraded":["Defend_R"]},{"damage_healed":0,"gold_gain":0,"player_choice":"Max HP","damage_taken":0,"max_hp_gain":0,"max_hp_loss":4,"event_name":"Winding Halls","floor":41,"gold_loss":0},{"cards_removed":["Defend_R"],"damage_healed":0,"gold_gain":0,"player_choice":"Removed Skill","damage_taken":0,"max_hp_gain":0,"max_hp_loss":0,"event_name":"Falling","floor":46,"gold_loss":0},{"damage_healed":0,"gold_gain":0,"player_choice":"Forge","damage_taken":0,"max_hp_gain":0,"max_hp_loss":0,"event_name":"Accursed Blacksmith","floor":47,"gold_loss":0,"cards_upgraded":["Metallicize"]}],"is_beta":false,"boss_relics":[{"not_picked":["Orrery","Runic Dome"],"picked":"Black Blood"},{"not_picked":["Black Star","Fusion Hammer"],"picked":"Cursed Key"}],"items_purged_floors":[13],"is_endless":false,"potions_floor_spawned":[6,18,22,28,33,38,45],"killed_by":"Awakened One","ascension_level":8}