{"gold_per_floor":[117,131,108,108,108,108,141,151,151,63,96,108,108,133,133,238,238,248,248,263,10,20,20,20],"floor_reached":24,"playtime":1002,"items_purged":[],"score":263,"play_id":"247a140c-2266-4716-8a26-46b5033a112f","local_time":"20190527232756","is_ascension_mode":true,"campfire_choices":[{"data":"Zap","floor":6,"key":"SMITH"},{"data":"Consume","floor":13,"key":"SMITH"},{"floor":15,"key":"REST"},{"data":"Dualcast","floor":23,"key":"SMITH"}],"neow_cost":"NONE","seed_source_timestamp":0,"circlet_count":0,"master_deck":["Strike_B","Strike_B","Strike_B","Defend_B","Defend_B","Defend_B","Defend_B","Zap+1","Dualcast+1","Gash","Go for the Eyes","Gash","Consume+1","Beam Cell","Dramatic Entrance","Conserve Battery","Beam Cell","Capacitor","Beam Cell","Undo","Cold Snap","Hyperbeam","Recycle","All For One","Flash of Steel"],"special_seed":0,"relics":["Cracked Core","NeowsBlessing","Symbiotic Virus","Mercury Hourglass","Bag of Preparation","Lantern","Inserter"],"potions_floor_usage":[11],"damage_taken":[{"damage":0,"enemies":"Cultist","floor":1,"turns":1},{"damage":0,"enemies":"2 Louse","floor":2,"turns":1},{"damage":0,"enemies":"3 Sentries","floor":7,"turns":1},{"damage":0,"enemies":"Small Slimes","floor":8,"turns":2},{"damage":11,"enemies":"Lagavulin","floor":11,"turns":6},{"damage":2,"enemies":"Looter","floor":12,"turns":3},{"damage":44,"enemies":"Gremlin Nob","floor":14,"turns":5},{"damage":9,"enemies":"The Guardian","floor":16,"turns":7},{"damage":12,"enemies":"Shell Parasite","floor":18,"turns":4},{"damage":0,"enemies":"3 Byrds","floor":20,"turns":3},{"damage":26,"enemies":"Shelled Parasite and Fungi","floor":22,"turns":4},{"damage":44,"enemies":"Gremlin Leader","floor":24,"turns":5}],"seed_played":"-7273890085352611931","potions_obtained":[{"floor":8,"key":"Weak Potion"},{"floor":11,"key":"Strength Potion"},{"floor":16,"key":"Ancient Potion"},{"floor":22,"key":"SteroidPotion"}],"is_trial":false,"path_per_floor":["M","M","$","?","?","R","E","M","T","$","E","M","R","E","R","B",null,"M","$","M","$","M","R","E"],"character_chosen":"DEFECT","items_purchased":["Gash","Capacitor","Beam Cell","All For One","Flash of Steel"],"campfire_rested":1,"item_purchase_floors":[3,10,10,21,21],"current_hp_per_floor":[75,75,75,75,75,75,75,75,75,75,64,62,62,18,40,31,75,63,63,63,63,37,37,0],"gold":20,"neow_bonus":"THREE_ENEMY_KILL","is_prod":false,"is_daily":false,"chose_seed":false,"campfire_upgraded":3,"win_rate":0,"timestamp":1558992476,"path_taken":["M","M","$","?","?","R","E","M","T","$","E","?","R","E","R","BOSS","M","$","M","$","M","R","E"],"build_version":"2019-05-26","purchased_purges":0,"victory":false,"max_hp_per_floor":[75,75,75,75,75,75,75,75,75,75,75,75,75,75,75,75,75,75,75,75,75,75,75,75],"card_choices":[{"not_picked":["Conserve Battery","Melter"],"picked":"Gash","floor":1},{"not_picked":["Sweeping Beam","Reinforced Body"],"picked":"Go for the Eyes","floor":2},{"not_picked":["Ball Lightning","Streamline"],"picked":"Conserve Battery","floor":7},{"not_picked":["Hologram","Fusion"],"picked":"Beam Cell","floor":8},{"not_picked":["Blizzard","Ball Lightning","Streamline"],"picked":"SKIP","floor":11},{"not_picked":["Biased Cognition","Stack"],"picked":"Undo","floor":12},{"not_picked":["Turbo","Rip and Tear"],"picked":"Cold Snap","floor":14},{"not_picked":["Meteor Strike","Amplify"],"picked":"Hyperbeam","floor":16},{"not_picked":["Defragment","Rebound","Stack"],"picked":"SKIP","floor":18},{"not_picked":["Chaos","Beam Cell"],"picked":"Recycle","floor":20},{"not_picked":["Sweeping Beam+1","Streamline+1","Compile Driver"],"picked":"SKIP","floor":22}],"player_experience":83498,"relics_obtained":[{"floor":7,"key":"Symbiotic Virus"},{"floor":9,"key":"Mercury Hourglass"},{"floor":11,"key":"Bag of Preparation"},{"floor":14,"key":"Lantern"}],"event_choices":[{"damage_healed":0,"gold_gain":0,"cards_transformed":["Strike_B"],"player_choice":"Change","damage_taken":0,"max_hp_gain":0,"max_hp_loss":0,"event_name":"Living Wall","floor":4,"gold_loss":0,"cards_obtained":["Consume"]},{"damage_healed":0,"gold_gain":0,"player_choice":"2 cards matched","damage_taken":0,"max_hp_gain":0,"max_hp_loss":0,"event_name":"Match and Keep!","floor":5,"gold_loss":0,"cards_obtained":["Beam Cell","Dramatic Entrance"]}],"is_beta":true,"boss_relics":[{"not_picked":["Fusion Hammer","White Beast Statue"],"picked":"Inserter"}],"items_purged_floors":[],"is_endless":false,"potions_floor_spawned":[8,11,16,22],"killed_by":"Gremlin Leader","ascension_level":2}