{"gold_per_floor":[118,136,136,136,147,147,173,192,246,246,259,259,271,290,290,393,393,408,3,20,20,20,20,20],"floor_reached":24,"playtime":696,"items_purged":[],"score":301,"play_id":"6c870000-885f-47a0-a2c4-36d8648889c6","local_time":"20190826031617","is_ascension_mode":true,"campfire_choices":[{"data":"Bash","floor":6,"key":"SMITH"},{"data":"Armaments","floor":12,"key":"SMITH"},{"floor":15,"key":"REST"},{"floor":23,"key":"REST"}],"neow_cost":"NONE","seed_source_timestamp":462935633550000,"circlet_count":0,"master_deck":["Strike_R","Strike_R","Strike_R","Defend_R","Defend_R","Defend_R","Defend_R","Bash+1","Corruption","Armaments+1","Heavy Blade","Spot Weakness","Impervious","Limit Break","Immolate"],"relics":["Burning Blood","NeowsBlessing","Matryoshka","Red Skull","Bag of Marbles","Black Star","Membership Card","Shuriken"],"potions_floor_usage":[7,13,20,24],"damage_taken":[{"damage":0,"enemies":"Small Slimes","floor":1,"turns":1},{"damage":0,"enemies":"Cultist","floor":2,"turns":1},{"damage":0,"enemies":"2 Louse","floor":5,"turns":1},{"damage":35,"enemies":"Lagavulin","floor":7,"turns":5},{"damage":31,"enemies":"Exordium Thugs","floor":8,"turns":5},{"damage":15,"enemies":"Lots of Slimes","floor":11,"turns":6},{"damage":0,"enemies":"2 Fungi Beasts","floor":13,"turns":3},{"damage":0,"enemies":"Large Slime","floor":14,"turns":5},{"damage":34,"enemies":"Hexaghost","floor":16,"turns":6},{"damage":40,"enemies":"2 Thieves","floor":18,"turns":4},{"damage":13,"enemies":"3 Byrds","floor":20,"turns":5},{"damage":82,"enemies":"Gremlin Leader","floor":24,"turns":4}],"seed_played":"-8019265637835444980","potions_obtained":[{"floor":2,"key":"Energy Potion"},{"floor":8,"key":"Block Potion"},{"floor":16,"key":"Regen Potion"},{"floor":20,"key":"EssenceOfSteel"}],"is_trial":false,"path_per_floor":["M","M","?","?","M","R","E","M","T","?","M","R","M","M","R","B",null,"M","$","M","$","?","R","E"],"character_chosen":"IRONCLAD","items_purchased":["Membership Card","Limit Break","Shuriken"],"campfire_rested":2,"item_purchase_floors":[19,19,19],"current_hp_per_floor":[78,80,85,85,85,85,56,31,31,31,22,22,28,34,59,31,72,38,38,45,45,45,70,0],"gold":20,"neow_bonus":"THREE_ENEMY_KILL","is_prod":false,"is_daily":false,"chose_seed":false,"campfire_upgraded":2,"win_rate":0,"timestamp":1566807377,"path_taken":["M","M","?","?","?","R","E","M","T","?","?","R","M","M","R","BOSS","M","$","M","$","?","R","E"],"build_version":"2019-07-17","purchased_purges":0,"victory":false,"max_hp_per_floor":[80,80,85,85,85,85,85,85,85,85,85,85,85,85,85,85,85,85,85,85,85,85,85,85],"card_choices":[{"not_picked":["Clash","Intimidate","Anger"],"picked":"SKIP","floor":1},{"not_picked":["Second Wind","Pummel","Twin Strike"],"picked":"SKIP","floor":2},{"not_picked":["Sever Soul","Seeing Red","Clothesline"],"picked":"SKIP","floor":5},{"not_picked":["Dual Wield","Fire Breathing"],"picked":"Corruption","floor":7},{"not_picked":["Iron Wave","Sword Boomerang"],"picked":"Armaments","floor":8},{"not_picked":["True Grit","Hemokinesis","Body Slam"],"picked":"SKIP","floor":11},{"not_picked":["Double Tap","Reckless Charge"],"picked":"Heavy Blade","floor":13},{"not_picked":["Warcry","True Grit"],"picked":"Spot Weakness","floor":14},{"not_picked":["Double Tap","Berserk"],"picked":"Impervious","floor":16},{"not_picked":["Twin Strike","Intimidate+1","Pommel Strike"],"picked":"SKIP","floor":18},{"not_picked":["Armaments","Clash","Sword Boomerang"],"picked":"SKIP","floor":20}],"player_experience":306975,"relics_obtained":[{"floor":7,"key":"Matryoshka"},{"floor":9,"key":"Red Skull"},{"floor":9,"key":"Bag of Marbles"}],"event_choices":[{"damage_healed":0,"gold_gain":0,"player_choice":"Donut","damage_taken":0,"max_hp_gain":5,"max_hp_loss":0,"event_name":"Big Fish","floor":3,"gold_loss":0},{"cards_removed":["Strike_R"],"damage_healed":0,"gold_gain":0,"player_choice":"Offered Basic","damage_taken":0,"max_hp_gain":0,"max_hp_loss":0,"event_name":"Bonfire Elementals","floor":4,"gold_loss":0},{"cards_removed":["Strike_R"],"damage_healed":0,"gold_gain":0,"player_choice":"Purged","damage_taken":0,"max_hp_gain":0,"max_hp_loss":0,"event_name":"Purifier","floor":10,"gold_loss":0},{"damage_healed":0,"gold_gain":0,"player_choice":"1 cards matched","damage_taken":0,"max_hp_gain":0,"max_hp_loss":0,"event_name":"Match and Keep!","floor":22,"gold_loss":0,"cards_obtained":["Immolate"]}],"is_beta":false,"boss_relics":[{"not_picked":["Orrery","Pandora\u0027s Box"],"picked":"Black Star"}],"items_purged_floors":[],"is_endless":false,"potions_floor_spawned":[2,8,16,20],"killed_by":"Gremlin Leader","ascension_level":7}