{"gold_per_floor":[117,132,31,41,71,98,98,98],"floor_reached":8,"playtime":286,"items_purged":[],"score":90,"play_id":"6cb916a7-c7d8-4c27-91f1-e6dd8a7c2512","local_time":"20191018190405","is_ascension_mode":true,"campfire_choices":[],"neow_cost":"NONE","seed_source_timestamp":5646990486700,"circlet_count":0,"master_deck":["AscendersBane","Strike_R","Strike_R","Strike_R","Strike_R","Strike_R","Defend_R","Defend_R","Defend_R","Defend_R","Demon Form","Havoc","Blood for Blood","Havoc","Shrug It Off","Seeing Red","Clash"],"relics":["Burning Blood","Tiny Chest","Art of War"],"potions_floor_usage":[8],"damage_taken":[{"damage":13,"enemies":"Small Slimes","floor":1,"turns":5},{"damage":6,"enemies":"Cultist","floor":2,"turns":4},{"damage":20,"enemies":"2 Louse","floor":4,"turns":3},{"damage":42,"enemies":"Lagavulin","floor":6,"turns":8},{"damage":12,"enemies":"3 Sentries","floor":8,"turns":4}],"seed_played":"-4335616095032541312","potions_obtained":[{"floor":4,"key":"Block Potion"},{"floor":6,"key":"SmokeBomb"}],"is_trial":false,"path_per_floor":["M","M","$","M","?","E","?","E"],"character_chosen":"IRONCLAD","items_purchased":["Havoc","Shrug It Off"],"campfire_rested":0,"item_purchase_floors":[3,3],"current_hp_per_floor":[65,65,65,51,44,8,8,0],"gold":98,"neow_bonus":"ONE_RANDOM_RARE_CARD","is_prod":false,"is_daily":false,"chose_seed":false,"campfire_upgraded":0,"win_rate":0,"timestamp":1571439845,"path_taken":["M","M","$","M","?","E","?","E"],"build_version":"2019-07-17","purchased_purges":0,"victory":false,"max_hp_per_floor":[80,80,80,80,80,80,80,80],"card_choices":[{"not_picked":["Sword Boomerang","Headbutt"],"picked":"Havoc","floor":1},{"not_picked":["Twin Strike","Combust"],"picked":"Blood for Blood","floor":2},{"not_picked":["Power Through","Rupture"],"picked":"Seeing Red","floor":4},{"not_picked":["Hemokinesis","True Grit"],"picked":"Clash","floor":6}],"player_experience":726233,"relics_obtained":[{"floor":6,"key":"Art of War"}],"event_choices":[{"damage_healed":0,"gold_gain":0,"player_choice":"Success","damage_taken":7,"relics_obtained":["Tiny Chest"],"max_hp_gain":0,"max_hp_loss":0,"event_name":"Scrap Ooze","floor":5,"gold_loss":0},{"cards_removed":["Bash"],"damage_healed":0,"gold_gain":0,"player_choice":"Purged","damage_taken":0,"max_hp_gain":0,"max_hp_loss":0,"event_name":"Purifier","floor":7,"gold_loss":0}],"is_beta":false,"boss_relics":[],"items_purged_floors":[],"is_endless":false,"potions_floor_spawned":[4,6],"killed_by":"3 Sentries","ascension_level":12}