{"gold_per_floor":[110,60,235,235,14,25,25,25,25,46,89,89,105,120,120,248,248,272,291,98,198,19,19,39,39,39,39,39,62,78,78],"floor_reached":31,"playtime":1053,"items_purged":["Doubt"],"score":376,"play_id":"9f2891d9-da65-46d1-bf27-7192e8d68150","local_time":"20191019140632","is_ascension_mode":true,"campfire_choices":[{"data":"Anger","floor":7,"key":"SMITH"},{"data":"Metallicize","floor":15,"key":"SMITH"},{"data":"Armaments","floor":23,"key":"SMITH"},{"data":"Feed","floor":25,"key":"SMITH"},{"data":"Whirlwind","floor":27,"key":"SMITH"}],"neow_cost":"CURSE","seed_source_timestamp":73428791142000,"circlet_count":0,"master_deck":["AscendersBane","Strike_R","Strike_R+1","Strike_R","Defend_R+1","Defend_R","Defend_R","Bash+1","Rage","Whirlwind+1","Flex+1","Anger+1","Metallicize+1","Rage","Cleave","Battle Trance","Feed+1","Armaments+1","Flex","Headbutt","Whirlwind+1"],"relics":["Burning Blood","Pocketwatch","War Paint","Golden Idol","Letter Opener","Paper Frog","Runic Pyramid","Medical Kit","Whetstone","Molten Egg 2"],"potions_floor_usage":[16,16,31,31],"damage_taken":[{"damage":0,"enemies":"Small Slimes","floor":1,"turns":2},{"damage":1,"enemies":"Jaw Worm","floor":6,"turns":3},{"damage":6,"enemies":"Cultist","floor":10,"turns":3},{"damage":13,"enemies":"Gremlin Nob","floor":11,"turns":3},{"damage":6,"enemies":"Red Slaver","floor":13,"turns":3},{"damage":9,"enemies":"Exordium Thugs","floor":14,"turns":2},{"damage":22,"enemies":"Slime Boss","floor":16,"turns":8},{"damage":7,"enemies":"Chosen","floor":18,"turns":3},{"damage":19,"enemies":"3 Byrds","floor":19,"turns":5},{"damage":0,"enemies":"Snecko","floor":24,"turns":5},{"damage":30,"enemies":"Centurion and Healer","floor":29,"turns":5},{"damage":45,"enemies":"Snake Plant","floor":30,"turns":5},{"damage":21,"enemies":"Slavers","floor":31,"turns":1}],"seed_played":"-81720980282660336","potions_obtained":[{"floor":1,"key":"Regen Potion"},{"floor":10,"key":"LiquidBronze"},{"floor":14,"key":"Block Potion"},{"floor":16,"key":"EssenceOfSteel"},{"floor":19,"key":"EssenceOfSteel"}],"is_trial":false,"path_per_floor":["M","?","?","T","$","M","R","?","T","M","E","?","M","M","R","B",null,"M","M","$","?","$","R","M","R","T","R","$","M","M","E"],"character_chosen":"IRONCLAD","items_purchased":["War Paint","Medical Kit","Whetstone","Flex"],"campfire_rested":0,"item_purchase_floors":[5,20,22,22],"current_hp_per_floor":[78,78,78,78,78,80,80,74,74,74,67,67,67,64,64,63,71,73,63,63,63,63,63,73,73,73,73,73,53,18,0],"gold":78,"neow_bonus":"TRANSFORM_TWO_CARDS","is_prod":false,"is_daily":false,"chose_seed":false,"campfire_upgraded":5,"win_rate":0,"timestamp":1571508392,"path_taken":["M","?","?","?","?","?","R","?","T","M","E","?","?","M","R","BOSS","M","M","$","?","?","R","?","R","T","R","?","M","M","E"],"build_version":"2019-07-17","purchased_purges":1,"victory":false,"max_hp_per_floor":[80,80,80,80,80,80,80,74,74,74,74,74,74,74,74,74,74,77,80,80,80,80,80,84,84,84,84,84,88,92,92],"card_choices":[{"not_picked":["Perfected Strike","Twin Strike"],"picked":"Flex","floor":1},{"not_picked":["Headbutt","Warcry"],"picked":"Anger","floor":6},{"not_picked":["Cleave","Disarm"],"picked":"Metallicize","floor":10},{"not_picked":["Carnage","Twin Strike"],"picked":"Rage","floor":11},{"not_picked":["Twin Strike","Shrug It Off"],"picked":"Cleave","floor":13},{"not_picked":["Flex","Sentinel"],"picked":"Battle Trance","floor":14},{"not_picked":["Juggernaut","Impervious"],"picked":"Feed","floor":16},{"not_picked":["Headbutt+1","Perfected Strike"],"picked":"Armaments","floor":18},{"not_picked":["Carnage","Clothesline","Rupture"],"picked":"SKIP","floor":19},{"not_picked":["Wild Strike","Clothesline"],"picked":"Headbutt","floor":24},{"not_picked":["Rupture","Blood for Blood+1"],"picked":"Whirlwind+1","floor":29},{"not_picked":["Perfected Strike+1","Wild Strike+1","Cleave+1"],"picked":"SKIP","floor":30}],"player_experience":729996,"relics_obtained":[{"floor":4,"key":"Pocketwatch"},{"floor":9,"key":"Letter Opener"},{"floor":11,"key":"Paper Frog"},{"floor":26,"key":"Molten Egg 2"}],"event_choices":[{"cards_removed":["Clumsy"],"damage_healed":0,"gold_gain":0,"player_choice":"Card Removal","damage_taken":0,"max_hp_gain":0,"max_hp_loss":0,"event_name":"The Cleric","floor":2,"gold_loss":50},{"damage_healed":0,"gold_gain":175,"player_choice":"AGREE","damage_taken":0,"max_hp_gain":0,"max_hp_loss":0,"event_name":"Liars Game","floor":3,"gold_loss":0,"cards_obtained":["Doubt"]},{"damage_healed":0,"gold_gain":0,"player_choice":"Lose Max HP","damage_taken":0,"relics_obtained":["Golden Idol"],"max_hp_gain":0,"max_hp_loss":6,"event_name":"Golden Idol","floor":8,"gold_loss":0},{"cards_removed":["Strike_R"],"damage_healed":0,"gold_gain":0,"player_choice":"Offered Basic","damage_taken":0,"max_hp_gain":0,"max_hp_loss":0,"event_name":"Bonfire Elementals","floor":12,"gold_loss":0},{"damage_healed":0,"gold_gain":100,"player_choice":"Pray","damage_taken":0,"max_hp_gain":0,"max_hp_loss":0,"event_name":"Golden Shrine","floor":21,"gold_loss":0}],"is_beta":false,"boss_relics":[{"not_picked":["Astrolabe","Black Star"],"picked":"Runic Pyramid"}],"items_purged_floors":[5],"is_endless":false,"potions_floor_spawned":[1,10,14,16,19,30],"killed_by":"Slavers","ascension_level":12}