{"gold_per_floor":[114,14,25,25,25,56,56,56,56,89,89,13,13,25,25,25],"floor_reached":16,"playtime":575,"items_purged":["Injury"],"score":127,"play_id":"37622d59-5cbc-4b9e-a433-e41748b6d5eb","local_time":"20190428202105","is_ascension_mode":true,"campfire_choices":[{"floor":7,"key":"REST"},{"floor":15,"key":"REST"}],"neow_cost":"CURSE","seed_source_timestamp":940081227476700,"circlet_count":0,"master_deck":["Defend_G","Defend_G","Defend_G","Defend_G+1","Defend_G","Strike_G","Strike_G","Strike_G","Strike_G","Survivor","Neutralize","Bouncing Flask","Blade Dance+1","Distraction","Backflip","Outmaneuver","Bane","Noxious Fumes","PiercingWail"],"relics":["Ring of the Snake","Incense Burner","Blood Vial","Meat on the Bone","Smiling Mask","Bottled Flame"],"potions_floor_usage":[],"damage_taken":[{"damage":10,"enemies":"Small Slimes","floor":1,"turns":5},{"damage":1,"enemies":"2 Louse","floor":3,"turns":2},{"damage":37,"enemies":"Lagavulin","floor":6,"turns":7},{"damage":42,"enemies":"3 Sentries","floor":10,"turns":12},{"damage":0,"enemies":"Jaw Worm","floor":14,"turns":3},{"damage":70,"enemies":"Slime Boss","floor":16,"turns":8}],"seed_played":"6916260752204446148","potions_obtained":[{"floor":10,"key":"SneckoOil"},{"floor":14,"key":"LiquidBronze"}],"is_trial":false,"path_per_floor":["M","$","M","?","?","E","R","?","T","E","?","$","T","M","R","B"],"character_chosen":"THE_SILENT","items_purchased":["Blade Dance","Noxious Fumes"],"campfire_rested":2,"item_purchase_floors":[2,12],"current_hp_per_floor":[60,60,59,45,45,8,29,52,52,24,24,24,24,38,59,0],"gold":25,"neow_bonus":"ONE_RARE_RELIC","is_prod":false,"is_daily":false,"chose_seed":false,"campfire_upgraded":0,"win_rate":0,"timestamp":1556475665,"path_taken":["M","$","M","?","?","E","R","?","T","E","?","?","?","?","R","BOSS"],"build_version":"2019-01-23","purchased_purges":1,"victory":false,"max_hp_per_floor":[70,70,70,70,70,70,70,70,70,70,70,70,70,70,70,70],"card_choices":[{"not_picked":["Flying Knee","Dagger Throw"],"picked":"Bouncing Flask","floor":1},{"not_picked":["Acrobatics","Dash"],"picked":"Distraction","floor":3},{"not_picked":["Masterful Stab","Concentrate"],"picked":"Outmaneuver","floor":6},{"not_picked":["Leg Sweep","Predator"],"picked":"Bane","floor":10},{"not_picked":["Blur","Eviscerate"],"picked":"PiercingWail","floor":14}],"player_experience":308635,"relics_obtained":[{"floor":6,"key":"Blood Vial"},{"floor":9,"key":"Meat on the Bone"},{"floor":10,"key":"Smiling Mask"},{"floor":13,"key":"Bottled Flame"}],"event_choices":[{"damage_healed":0,"gold_gain":0,"player_choice":"Entered Light","damage_taken":14,"max_hp_gain":0,"max_hp_loss":0,"event_name":"Shining Light","floor":4,"gold_loss":0,"cards_upgraded":["Defend_G","Blade Dance"]},{"damage_healed":0,"gold_gain":0,"cards_transformed":["Strike_G"],"player_choice":"Change","damage_taken":0,"max_hp_gain":0,"max_hp_loss":0,"event_name":"Living Wall","floor":5,"gold_loss":0,"cards_obtained":["Backflip"]},{"damage_healed":23,"gold_gain":0,"player_choice":"Banana","damage_taken":0,"max_hp_gain":0,"max_hp_loss":0,"event_name":"Big Fish","floor":8,"gold_loss":0},{"damage_healed":0,"gold_gain":0,"player_choice":"Ignored","damage_taken":0,"max_hp_gain":0,"max_hp_loss":0,"event_name":"Golden Wing","floor":11,"gold_loss":0}],"is_beta":false,"boss_relics":[],"items_purged_floors":[2],"is_endless":false,"potions_floor_spawned":[10,14],"killed_by":"Slime Boss","ascension_level":4}