{"gold_per_floor":[117,129,148,165,165,195,195,224,248,213,246,265,91,91],"floor_reached":14,"playtime":528,"items_purged":["Strike_B"],"score":127,"play_id":"f49c2b12-8be2-4170-b65a-f460bb8c1c4b","local_time":"20190419215235","is_ascension_mode":true,"campfire_choices":[{"data":"Zap","floor":7,"key":"SMITH"}],"neow_cost":"NONE","seed_source_timestamp":168021044552000,"circlet_count":0,"master_deck":["Strike_B+1","Strike_B","Strike_B+1","Defend_B+1","Defend_B","Defend_B","Defend_B","Zap+1","Dualcast","Echo Form","Leap","Tempest","Coolheaded","Sunder+1","Electrodynamics","Genetic Algorithm","Hologram","Leap","Self Repair","Ball Lightning"],"relics":["Cracked Core","Darkstone Periapt","Centennial Puzzle","Ancient Tea Set","Whetstone"],"potions_floor_usage":[8],"damage_taken":[{"damage":4,"enemies":"Small Slimes","floor":1,"turns":4},{"damage":2,"enemies":"Jaw Worm","floor":2,"turns":3},{"damage":0,"enemies":"2 Louse","floor":3,"turns":2},{"damage":0,"enemies":"Looter","floor":4,"turns":4},{"damage":6,"enemies":"Lagavulin","floor":6,"turns":8},{"damage":26,"enemies":"Gremlin Nob","floor":8,"turns":4},{"damage":20,"enemies":"3 Sentries","floor":11,"turns":4},{"damage":5,"enemies":"Blue Slaver","floor":12,"turns":4},{"damage":15,"enemies":"2 Fungi Beasts","floor":14,"turns":2}],"seed_played":"1067270935229672687","potions_obtained":[{"floor":2,"key":"Swift Potion"},{"floor":4,"key":"Poison Potion"},{"floor":8,"key":"FearPotion"}],"is_trial":false,"path_per_floor":["M","M","M","M","?","E","R","E","T","?","E","M","$","M"],"character_chosen":"DEFECT","items_purchased":["Self Repair","Ball Lightning"],"campfire_rested":0,"item_purchase_floors":[13,13],"current_hp_per_floor":[71,69,69,69,54,48,48,22,22,40,20,15,15,0],"gold":91,"neow_bonus":"ONE_RANDOM_RARE_CARD","is_prod":false,"is_daily":false,"chose_seed":false,"campfire_upgraded":1,"win_rate":0,"timestamp":1555703555,"path_taken":["M","M","M","M","?","E","R","E","T","?","E","M","$","M"],"build_version":"2019-01-23","purchased_purges":1,"victory":false,"max_hp_per_floor":[75,75,75,75,75,75,75,75,75,75,75,75,75,75],"card_choices":[{"not_picked":["Compile Driver","Rebound"],"picked":"Leap","floor":1},{"not_picked":["Go for the Eyes","Coolheaded"],"picked":"Tempest","floor":2},{"not_picked":["Hologram","Stack"],"picked":"Coolheaded","floor":3},{"not_picked":["Rip and Tear","Steam"],"picked":"Sunder","floor":4},{"not_picked":["Leap","Gash"],"picked":"Electrodynamics","floor":6},{"not_picked":["Cold Snap","Storm"],"picked":"Genetic Algorithm","floor":8},{"not_picked":["Compile Driver","Steam Power"],"picked":"Hologram","floor":11},{"not_picked":["Ball Lightning","Hologram"],"picked":"Leap","floor":12}],"player_experience":284607,"relics_obtained":[{"floor":6,"key":"Darkstone Periapt"},{"floor":8,"key":"Centennial Puzzle"},{"floor":9,"key":"Ancient Tea Set"},{"floor":11,"key":"Whetstone"}],"event_choices":[{"damage_healed":0,"gold_gain":0,"player_choice":"Entered Light","damage_taken":15,"max_hp_gain":0,"max_hp_loss":0,"event_name":"Shining Light","floor":5,"gold_loss":0,"cards_upgraded":["Sunder","Defend_B"]},{"damage_healed":18,"gold_gain":0,"player_choice":"Healed","damage_taken":0,"max_hp_gain":0,"max_hp_loss":0,"event_name":"The Cleric","floor":10,"gold_loss":35}],"is_beta":false,"boss_relics":[],"items_purged_floors":[13],"is_endless":false,"potions_floor_spawned":[2,4,8],"killed_by":"2 Fungi Beasts","ascension_level":3}