{"gold_per_floor":[114,39,39,58,358,375,375,392,392,392,392,392,392,410,410,410],"floor_reached":16,"playtime":317,"items_purged":["Injury"],"score":147,"play_id":"799db288-715e-4632-a3ea-3c00b4a79e9e","local_time":"20191016030815","is_ascension_mode":true,"campfire_choices":[{"data":"Body Slam","floor":7,"key":"SMITH"},{"data":"Bash","floor":10,"key":"SMITH"},{"data":"Defend_R","floor":12,"key":"SMITH"},{"floor":15,"key":"REST"}],"neow_cost":"CURSE","seed_source_timestamp":311306914581200,"circlet_count":0,"master_deck":["Strike_R","Strike_R","Strike_R","Strike_R","Defend_R","Defend_R","Defend_R","Defend_R+1","Bash+1","Body Slam+1","Armaments"],"relics":["Burning Blood","Old Coin","Ice Cream","The Courier","Letter Opener"],"potions_floor_usage":[16],"damage_taken":[{"damage":7,"enemies":"2 Louse","floor":1,"turns":4},{"damage":15,"enemies":"Small Slimes","floor":4,"turns":3},{"damage":6,"enemies":"Cultist","floor":6,"turns":3},{"damage":7,"enemies":"Exordium Wildlife","floor":8,"turns":4},{"damage":8,"enemies":"3 Louse","floor":14,"turns":3},{"damage":70,"enemies":"Hexaghost","floor":16,"turns":11}],"seed_played":"-569681991433793758","potions_obtained":[{"floor":1,"key":"FearPotion"}],"is_trial":false,"path_per_floor":["M","$","?","M","?","M","R","M","T","R","T","R","?","M","R","B"],"character_chosen":"IRONCLAD","items_purchased":[],"campfire_rested":1,"item_purchase_floors":[],"current_hp_per_floor":[87,87,80,71,71,71,71,70,70,70,70,70,37,35,63,0],"gold":410,"neow_bonus":"TWENTY_PERCENT_HP_BONUS","is_prod":false,"is_daily":false,"chose_seed":false,"campfire_upgraded":3,"win_rate":0,"timestamp":1571213295,"path_taken":["M","$","?","M","?","?","R","M","T","R","?","R","?","M","R","BOSS"],"build_version":"2019-07-17","purchased_purges":1,"victory":false,"max_hp_per_floor":[96,96,96,96,96,96,96,96,96,96,96,96,96,96,96,96],"card_choices":[{"not_picked":["Havoc","True Grit","Clash"],"picked":"SKIP","floor":1},{"not_picked":["Anger","Heavy Blade"],"picked":"Body Slam","floor":4},{"not_picked":["Shrug It Off","Second Wind","Hemokinesis"],"picked":"SKIP","floor":6},{"not_picked":["Metallicize","Battle Trance","Whirlwind"],"picked":"SKIP","floor":8},{"not_picked":["Intimidate","Havoc"],"picked":"Armaments","floor":14}],"player_experience":313527,"relics_obtained":[{"floor":5,"key":"Old Coin"},{"floor":9,"key":"Ice Cream"},{"floor":11,"key":"The Courier"}],"event_choices":[{"cards_removed":["Strike_R"],"damage_healed":0,"gold_gain":0,"player_choice":"Card Removal","damage_taken":7,"max_hp_gain":0,"max_hp_loss":0,"event_name":"Golden Wing","floor":3,"gold_loss":0},{"damage_healed":0,"gold_gain":0,"player_choice":"Relic","damage_taken":0,"max_hp_gain":0,"max_hp_loss":0,"event_name":"Wheel of Change","floor":5,"gold_loss":0},{"damage_healed":0,"gold_gain":0,"player_choice":"Success","damage_taken":33,"relics_obtained":["Letter Opener"],"max_hp_gain":0,"max_hp_loss":0,"event_name":"Scrap Ooze","floor":13,"gold_loss":0}],"is_beta":false,"boss_relics":[],"items_purged_floors":[2],"is_endless":false,"potions_floor_spawned":[1],"killed_by":"Hexaghost","ascension_level":7}