{"gold_per_floor":[112,188,207,207,207,234,234,268,268,286,10,24,24,36,36,140,140,150,161,31,51,62,62,94,16,16,26,0,0,0,23,23,124,124,143,163,47,47,8,33,49,84,84,84],"floor_reached":44,"playtime":2504,"items_purged":[],"score":701,"play_id":"b441585a-7b2f-4a66-8bbf-03d32eba7736","local_time":"20190822163548","is_ascension_mode":true,"campfire_choices":[{"floor":7.0,"key":"REST"},{"floor":15.0,"key":"REST"},{"floor":23.0,"key":"REST"},{"data":"Barricade","floor":30.0,"key":"SMITH"},{"floor":32.0,"key":"REST"}],"neow_cost":"TEN_PERCENT_HP_LOSS","seed_source_timestamp":0,"circlet_count":0,"master_deck":["Feed+1","Metallicize","Feel No Pain","Metallicize","Clash","Headbutt","Corruption+1","Shrug It Off","Clothesline","Rampage+1","Barricade+1","Dark Embrace","Reckless Charge+1","Sever Soul","Feel No Pain","Infernal Blade","Berserk","Iron Wave","Battle Trance","Intimidate","Wild Strike","Havoc+1","Thunderclap+1","Apotheosis","Cleave+1","Havoc+1","Exhume+1","Havoc+1","Armaments+1","Havoc+1","Dark Embrace","Armaments+1","Entrench+1","Demon Form","Combust","Sever Soul","Exhume+1","Wild Strike+1"],"special_seed":0,"relics":["Burning Blood","Darkstone Periapt","Shuriken","Self Forming Clay","The Courier","MealTicket","Pandora\u0027s Box","Toxic Egg 2","WingedGreaves","Omamori","Cursed Key","Bag of Marbles","Whetstone","Thread and Needle"],"potions_floor_usage":[],"damage_taken":[{"damage":9.0,"enemies":"Small Slimes","floor":1.0,"turns":4.0},{"damage":11.0,"enemies":"2 Louse","floor":3.0,"turns":3.0},{"damage":29.0,"enemies":"Lagavulin","floor":6.0,"turns":6.0},{"damage":38.0,"enemies":"Gremlin Nob","floor":8.0,"turns":5.0},{"damage":3.0,"enemies":"Jaw Worm","floor":10.0,"turns":4.0},{"damage":4.0,"enemies":"Blue Slaver","floor":12.0,"turns":4.0},{"damage":19.0,"enemies":"Lots of Slimes","floor":14.0,"turns":5.0},{"damage":28.0,"enemies":"Hexaghost","floor":16.0,"turns":14.0},{"damage":21.0,"enemies":"3 Byrds","floor":18.0,"turns":8.0},{"damage":19.0,"enemies":"Spheric Guardian","floor":19.0,"turns":5.0},{"damage":46.0,"enemies":"Snake Plant","floor":21.0,"turns":7.0},{"damage":38.0,"enemies":"Shelled Parasite and Fungi","floor":22.0,"turns":7.0},{"damage":31.0,"enemies":"Slavers","floor":24.0,"turns":5.0},{"damage":28.0,"enemies":"Snecko","floor":27.0,"turns":6.0},{"damage":25.0,"enemies":"Champ","floor":33.0,"turns":9.0},{"damage":28.0,"enemies":"3 Darklings","floor":35.0,"turns":5.0},{"damage":33.0,"enemies":"3 Shapes","floor":36.0,"turns":4.0},{"damage":0.0,"enemies":"Maw","floor":38.0,"turns":2.0},{"damage":24.0,"enemies":"Giant Head","floor":40.0,"turns":9.0},{"damage":9.0,"enemies":"4 Shapes","floor":41.0,"turns":7.0},{"damage":95.0,"enemies":"Reptomancer","floor":42.0,"turns":6.0},{"damage":0,"enemies":"Writhing Mass","floor":44,"turns":1}],"seed_played":"-6009774588188744742","potions_obtained":[{"floor":1.0,"key":"Dexterity Potion"},{"floor":3.0,"key":"AttackPotion"},{"floor":16.0,"key":"Dexterity Potion"},{"floor":19.0,"key":"Ancient Potion"},{"floor":24.0,"key":"GamblersBrew"},{"floor":27.0,"key":"PowerPotion"},{"floor":36.0,"key":"SmokeBomb"},{"floor":40.0,"key":"Strength Potion"}],"is_trial":false,"path_per_floor":["M","?","M","?","?","E","R","E","T","M","$","M","?","M","R","B",null,"M","M","$","M","M","R","E","$","T","M","?","?","R","T","R","B",null,"M","M","$","M","$","E","M","E","T","M"],"character_chosen":"IRONCLAD","items_purchased":["MealTicket","Corruption","Shrug It Off","Clothesline","Apotheosis","Havoc+1","Armaments+1","Demon Form","Combust","PowerPotion"],"campfire_rested":4,"item_purchase_floors":[11,11,11,11,20,25,25,37,37,39],"current_hp_per_floor":[72,72,70,58,58,35,58,30,30,37,37,43,43,34,62,44,98,87,78,93,57,25,58,37,52,52,34,34,34,34,34,69,50,118,96,73,88,94,109,95,96,11,11,11],"gold":84,"neow_bonus":"THREE_RARE_CARDS","is_prod":false,"is_daily":false,"chose_seed":false,"campfire_upgraded":1,"win_rate":0,"timestamp":1566506148,"path_taken":["M","?","M","?","?","E","R","E","T","M","?","?","?","M","R","BOSS","M","M","$","M","M","R","E","$","T","?","?","?","R","?","R","BOSS","M","M","$","M","$","E","M","E","T","M"],"build_version":"2019-07-17","purchased_purges":0,"victory":false,"max_hp_per_floor":[75,75,78,78,78,78,78,82,82,86,86,90,90,94,94,98,98,102,106,106,110,110,110,114,114,114,118,118,118,118,118,118,118,118,118,122,122,122,122,126,130,134,134,134],"card_choices":[{"not_picked":["Impervious","Double Tap"],"picked":"Feed","floor":0.0},{"not_picked":["Searing Blow","Clash"],"picked":"Metallicize","floor":1.0},{"not_picked":["Clash","Intimidate"],"picked":"Feel No Pain","floor":3.0},{"not_picked":["Power Through","Twin Strike"],"picked":"Metallicize","floor":6.0},{"not_picked":["Sever Soul","Havoc"],"picked":"Clash","floor":8.0},{"not_picked":["Sword Boomerang","Battle Trance"],"picked":"Headbutt","floor":10.0},{"not_picked":["Perfected Strike","Iron Wave"],"picked":"Rampage","floor":12.0},{"not_picked":["Thunderclap","Body Slam"],"picked":"Barricade","floor":14.0},{"not_picked":["Double Tap","Bludgeon"],"picked":"Dark Embrace","floor":16.0},{"not_picked":["Sword Boomerang","Blood for Blood"],"picked":"Havoc+1","floor":18.0},{"not_picked":["Cleave","Disarm+1"],"picked":"Thunderclap+1","floor":19.0},{"not_picked":["Rampage","Clothesline"],"picked":"Cleave+1","floor":21.0},{"not_picked":["Thunderclap","Perfected Strike"],"picked":"Havoc+1","floor":22.0},{"not_picked":["Whirlwind+1","Searing Blow"],"picked":"Exhume","floor":24.0},{"not_picked":["Rupture","Corruption+1"],"picked":"Havoc+1","floor":27.0},{"not_picked":["Brutality","Feed"],"picked":"Dark Embrace","floor":33.0},{"not_picked":["Flex+1","Pommel Strike"],"picked":"Armaments+1","floor":35.0},{"not_picked":["Rampage+1","Flex+1"],"picked":"Entrench+1","floor":36.0},{"not_picked":["Blood for Blood","Shrug It Off+1"],"picked":"Sever Soul","floor":40.0},{"not_picked":["Headbutt","Shrug It Off+1"],"picked":"Exhume+1","floor":41.0},{"not_picked":["Perfected Strike+1","Clash+1"],"picked":"Wild Strike+1","floor":42.0}],"player_experience":605154,"relics_obtained":[{"floor":6.0,"key":"Shuriken"},{"floor":8.0,"key":"Self Forming Clay"},{"floor":9.0,"key":"The Courier"},{"floor":24.0,"key":"Toxic Egg 2"},{"floor":26.0,"key":"WingedGreaves"},{"floor":31.0,"key":"Omamori"},{"floor":40.0,"key":"Bag of Marbles"},{"floor":42.0,"key":"Whetstone"},{"floor":43.0,"key":"Thread and Needle"}],"event_choices":[{"damage_healed":0.0,"max_hp_gain":0.0,"max_hp_loss":0.0,"gold_gain":76.0,"event_name":"Golden Wing","player_choice":"Gained Gold","floor":2.0,"gold_loss":0.0,"damage_taken":0.0},{"damage_healed":0.0,"max_hp_gain":0.0,"max_hp_loss":0.0,"gold_gain":0.0,"event_name":"Scrap Ooze","player_choice":"Success","floor":4.0,"gold_loss":0.0,"damage_taken":12.0,"relics_obtained":["Darkstone Periapt"]},{"damage_healed":0.0,"max_hp_gain":0.0,"max_hp_loss":0.0,"gold_gain":0.0,"event_name":"Living Wall","player_choice":"Grow","floor":5.0,"gold_loss":0.0,"damage_taken":0.0,"cards_upgraded":["Feed"]},{"damage_healed":0.0,"max_hp_gain":0.0,"max_hp_loss":0.0,"gold_gain":0.0,"event_name":"Upgrade Shrine","player_choice":"Upgraded","floor":13.0,"gold_loss":0.0,"damage_taken":0.0,"cards_upgraded":["Corruption"]},{"damage_healed":0.0,"max_hp_gain":0.0,"max_hp_loss":0.0,"gold_gain":0.0,"event_name":"Masked Bandits","player_choice":"Paid Fearfully","floor":28.0,"gold_loss":26.0,"damage_taken":0.0},{"cards_removed":["Bash"],"damage_healed":0.0,"max_hp_gain":0.0,"max_hp_loss":0.0,"gold_gain":0.0,"event_name":"Back to Basics","player_choice":"Elegance","floor":29.0,"gold_loss":0.0,"damage_taken":0.0}],"is_beta":false,"boss_relics":[{"not_picked":["Coffee Dripper","Tiny House"],"picked":"Pandora\u0027s Box"},{"not_picked":["Sozu","Black Star"],"picked":"Cursed Key"}],"items_purged_floors":[],"is_endless":false,"potions_floor_spawned":[1,3,16,19,24,27,36,38,40,41],"killed_by":"Writhing Mass","ascension_level":3}