{"gold_per_floor":[119,66,66,66,66,92,118,164,199,286,308,320,343,378,390,507,519,543,30,7,7,107,107,132,132,157,67,94,104,138,150,150,255,255,267,267,267,267,31,31,61,61,61,61],"floor_reached":44,"playtime":1537,"items_purged":[],"score":599,"play_id":"57ee7256-e733-4d8c-ac04-d6d36677efc9","local_time":"20190616224019","is_ascension_mode":true,"campfire_choices":[{"floor":15.0,"key":"REST"},{"floor":23.0,"key":"REST"},{"floor":25.0,"key":"REST"},{"floor":32.0,"key":"RECALL"},{"floor":40.0,"key":"REST"}],"neow_cost":"PERCENT_DAMAGE","seed_source_timestamp":2347929208648900,"circlet_count":0,"master_deck":["Strike_R+1","Strike_R+1","Strike_R","Strike_R","Defend_R","Defend_R","Defend_R","Bash+1","Pommel Strike+1","Iron Wave","Rampage+1","Infernal Blade","Disarm","Iron Wave","Anger","Fiend Fire","Whirlwind+1","Metallicize","Perfected Strike","Rage+1","Anger+1","Rage+1","Warcry+1","Spot Weakness+1","Impervious+1","Exhume+1","Armaments+1","Madness+1","Madness+1","Good Instincts+1","Intimidate+1"],"special_seed":0,"relics":["Burning Blood","Bird Faced Urn","MawBank","Whetstone","Regal Pillow","Juzu Bracelet","Fusion Hammer","Chemical X","Toxic Egg 2","FossilizedHelix","Molten Egg 2","Blood Vial","Bag of Marbles","Anchor","Ancient Tea Set","Black Star","Strawberry","Potion Belt","Incense Burner"],"potions_floor_usage":[],"damage_taken":[{"damage":4.0,"enemies":"2 Louse","floor":1.0,"turns":4.0},{"damage":25.0,"enemies":"3 Sentries","floor":6.0,"turns":12.0},{"damage":0.0,"enemies":"Small Slimes","floor":7.0,"turns":3.0},{"damage":20.0,"enemies":"Gremlin Nob","floor":8.0,"turns":4.0},{"damage":2.0,"enemies":"Jaw Worm","floor":11.0,"turns":3.0},{"damage":6.0,"enemies":"Red Slaver","floor":13.0,"turns":4.0},{"damage":41.0,"enemies":"The Guardian","floor":16.0,"turns":12.0},{"damage":30.0,"enemies":"Shell Parasite","floor":18.0,"turns":5.0},{"damage":15.0,"enemies":"Colosseum Slavers","floor":22.0,"turns":2.0},{"damage":15.0,"enemies":"Colosseum Nobs","floor":22.0,"turns":5.0},{"damage":43.0,"enemies":"Gremlin Leader","floor":24.0,"turns":7.0},{"damage":14.0,"enemies":"Slavers","floor":28.0,"turns":3.0},{"damage":0.0,"enemies":"Spheric Guardian","floor":29.0,"turns":3.0},{"damage":0.0,"enemies":"Book of Stabbing","floor":30.0,"turns":1.0},{"damage":0.0,"enemies":"Cultist and Chosen","floor":31.0,"turns":2.0},{"damage":3.0,"enemies":"Automaton","floor":33.0,"turns":8.0},{"damage":0.0,"enemies":"Orb Walker","floor":35.0,"turns":2.0},{"damage":43.0,"enemies":"Nemesis","floor":41.0,"turns":7.0},{"damage":71,"enemies":"Giant Head","floor":44,"turns":7}],"seed_played":"5274691740486752783","potions_obtained":[{"floor":8.0,"key":"Fire Potion"},{"floor":11.0,"key":"SteroidPotion"},{"floor":13.0,"key":"Fire Potion"},{"floor":16.0,"key":"Weak Potion"},{"floor":24.0,"key":"EssenceOfSteel"},{"floor":28.0,"key":"SteroidPotion"},{"floor":29.0,"key":"Weak Potion"},{"floor":31.0,"key":"Weak Potion"},{"floor":41.0,"key":"FearPotion"}],"is_trial":false,"path_per_floor":["M","$","?","?","?","E","M","E","T","?","M","$","M","T","R","B",null,"M","$","$","?","?","R","E","R","T","?","E","M","E","M","R","B",null,"M","?","$","?","$","R","E","?","T","E"],"character_chosen":"IRONCLAD","items_purchased":["Iron Wave","Chemical X","Toxic Egg 2","Metallicize","Perfected Strike","Good Instincts+1","Strawberry"],"campfire_rested":4,"item_purchase_floors":[2,19,19,19,20,39,39],"current_hp_per_floor":[58,58,42,47,47,28,34,20,20,9,13,13,13,13,53,18,85,61,61,61,61,47,85,48,85,85,85,77,85,85,85,85,85,85,85,74,74,74,81,92,57,57,57,0],"gold":61,"neow_bonus":"ONE_RARE_RELIC","is_prod":false,"is_daily":false,"chose_seed":false,"campfire_upgraded":0,"win_rate":0,"timestamp":1560717619,"path_taken":["M","$","?","?","?","E","M","E","T","?","M","?","?","?","R","BOSS","M","?","$","?","?","R","E","R","T","?","E","M","E","M","R","BOSS","M","?","$","?","$","R","E","?","T","E"],"build_version":"2019-06-13","purchased_purges":0,"victory":false,"max_hp_per_floor":[80,80,80,85,85,85,85,85,85,85,85,85,85,85,85,85,85,85,85,85,85,85,85,85,85,85,85,85,85,85,85,85,85,85,85,85,85,85,92,92,92,92,92,92],"card_choices":[{"not_picked":["Flex","Wild Strike"],"picked":"Pommel Strike","floor":1.0},{"not_picked":["Heavy Blade","Combust"],"picked":"Rampage","floor":6.0},{"not_picked":["Twin Strike","Thunderclap"],"picked":"Infernal Blade","floor":7.0},{"not_picked":["Havoc","Power Through"],"picked":"Disarm","floor":8.0},{"not_picked":["Heavy Blade","Havoc"],"picked":"Iron Wave","floor":11.0},{"not_picked":["Corruption","Iron Wave"],"picked":"Anger","floor":13.0},{"not_picked":["Bludgeon","Offering"],"picked":"Fiend Fire","floor":16.0},{"not_picked":["Burning Pact","Rampage"],"picked":"Whirlwind+1","floor":18.0},{"not_picked":["Clash","Heavy Blade"],"picked":"Rage+1","floor":22.0},{"not_picked":["Sword Boomerang+1","True Grit+1"],"picked":"Anger+1","floor":24.0},{"not_picked":["Pommel Strike+1","Twin Strike+1"],"picked":"Rage+1","floor":28.0},{"not_picked":["Clash+1","Perfected Strike+1"],"picked":"Warcry+1","floor":29.0},{"not_picked":["Iron Wave+1","Armaments+1"],"picked":"Spot Weakness+1","floor":30.0},{"not_picked":["Intimidate+1","Pommel Strike+1"],"picked":"Impervious+1","floor":31.0},{"not_picked":["Reaper+1","Juggernaut"],"picked":"Exhume+1","floor":33.0},{"not_picked":["Thunderclap+1","Perfected Strike+1"],"picked":"Armaments+1","floor":35.0},{"not_picked":["Clash+1","Corruption+1"],"picked":"Intimidate+1","floor":41.0}],"player_experience":100820,"relics_obtained":[{"floor":6.0,"key":"MawBank"},{"floor":8.0,"key":"Whetstone"},{"floor":9.0,"key":"Regal Pillow"},{"floor":14.0,"key":"Juzu Bracelet"},{"floor":22.0,"key":"FossilizedHelix"},{"floor":22.0,"key":"Molten Egg 2"},{"floor":24.0,"key":"Blood Vial"},{"floor":26.0,"key":"Bag of Marbles"},{"floor":28.0,"key":"Anchor"},{"floor":30.0,"key":"Ancient Tea Set"},{"floor":41.0,"key":"Potion Belt"},{"floor":41.0,"key":"Incense Burner"}],"event_choices":[{"damage_healed":0.0,"max_hp_gain":0.0,"max_hp_loss":0.0,"gold_gain":0.0,"event_name":"Shining Light","player_choice":"Entered Light","floor":3.0,"gold_loss":0.0,"damage_taken":16.0,"cards_upgraded":["Bash","Strike_R"]},{"damage_healed":0.0,"max_hp_gain":5.0,"max_hp_loss":0.0,"gold_gain":0.0,"event_name":"Big Fish","player_choice":"Donut","floor":4.0,"gold_loss":0.0,"damage_taken":0.0},{"damage_healed":0.0,"max_hp_gain":0.0,"max_hp_loss":0.0,"gold_gain":0.0,"event_name":"Liars Game","player_choice":"Ignored","floor":5.0,"gold_loss":0.0,"damage_taken":0.0},{"damage_healed":0.0,"max_hp_gain":0.0,"max_hp_loss":0.0,"gold_gain":75.0,"event_name":"World of Goop","player_choice":"Gather Gold","floor":10.0,"gold_loss":0.0,"damage_taken":11.0},{"damage_healed":0.0,"max_hp_gain":0.0,"max_hp_loss":0.0,"gold_gain":0.0,"event_name":"Ghosts","player_choice":"Ignored","floor":21.0,"gold_loss":0.0,"damage_taken":0.0},{"damage_healed":0.0,"max_hp_gain":0.0,"max_hp_loss":0.0,"gold_gain":0.0,"event_name":"Colosseum","player_choice":"Fight","floor":22.0,"gold_loss":0.0,"damage_taken":0.0},{"damage_healed":0.0,"max_hp_gain":0.0,"max_hp_loss":0.0,"gold_gain":0.0,"event_name":"Colosseum","player_choice":"Fought Nobs","floor":22.0,"gold_loss":0.0,"damage_taken":0.0},{"cards_removed":["Defend_R"],"damage_healed":0.0,"max_hp_gain":0.0,"max_hp_loss":0.0,"gold_gain":0.0,"event_name":"Designer","player_choice":"Upgrade and Remove","floor":27.0,"gold_loss":90.0,"damage_taken":0.0,"cards_upgraded":["Pommel Strike"]},{"damage_healed":0.0,"max_hp_gain":0.0,"max_hp_loss":0.0,"gold_gain":0.0,"event_name":"Winding Halls","player_choice":"Embrace Madness","floor":36.0,"gold_loss":0.0,"damage_taken":11.0,"cards_obtained":["Madness","Madness"]},{"damage_healed":0.0,"max_hp_gain":0.0,"max_hp_loss":0.0,"gold_gain":0.0,"event_name":"Tomb of Lord Red Mask","player_choice":"Ignored","floor":38.0,"gold_loss":0.0,"damage_taken":0.0},{"cards_removed":["Strike_R"],"damage_healed":0.0,"max_hp_gain":0.0,"max_hp_loss":0.0,"gold_gain":0.0,"event_name":"Falling","player_choice":"Removed Attack","floor":42.0,"gold_loss":0.0,"damage_taken":0.0}],"is_beta":true,"boss_relics":[{"not_picked":["Orrery","Coffee Dripper"],"picked":"Fusion Hammer"},{"not_picked":["Snecko Eye","Cursed Key"],"picked":"Black Star"}],"items_purged_floors":[],"is_endless":false,"potions_floor_spawned":[8,11,13,16,24,28,29,31,41],"killed_by":"Giant Head","ascension_level":3}