{"gold_per_floor":[114,4,4,4,4,4,4,31,31,65,77,92,92,107,107,203,203,214,228,262,177,195,195,209,209,209,134,134,163,175,219,231,341,353,379,391,70,81,96,123,123,148,196,196,196,196,224,239,239,239],"floor_reached":50,"playtime":2158,"items_purged":["Strike_B"],"score":746,"play_id":"43a99de3-d69a-4103-96bf-05f1684827da","local_time":"20190428192653","is_ascension_mode":true,"campfire_choices":[{"data":"Zap","floor":6,"key":"SMITH"},{"data":"Redo","floor":13,"key":"SMITH"},{"data":"Redo","floor":15,"key":"SMITH"},{"floor":23,"key":"REST"},{"floor":25,"key":"REST"},{"floor":32,"key":"REST"},{"floor":41,"key":"REST"},{"floor":44,"key":"REST"},{"floor":46,"key":"REST"},{"floor":49,"key":"REST"}],"neow_cost":"NONE","seed_source_timestamp":935244184803600,"circlet_count":0,"master_deck":["Defend_B","Defend_B","Defend_B","Defend_B","Zap+1","Dualcast","Conserve Battery","Reinforced Body","Redo+1","Genetic Algorithm","Doom and Gloom","Redo+1","Sweeping Beam","Machine Learning","Loop","Auto Shields","Chill+1","Fission","Streamline+1","Capacitor+1","Electrodynamics","Cold Snap+1","Loop","Barrage+1","Loop+1","Darkness","Leap+1","Madness","Madness","Undo+1","Undo+1"],"relics":["Cracked Core","NeowsBlessing","Gremlin Horn","Darkstone Periapt","Cables","Potion Belt","Fusion Hammer","Red Mask","Pocketwatch","Ornamental Fan","MawBank","Vajra","DataDisk","Nuclear Battery","Mercury Hourglass","Happy Flower","Molten Egg 2","Bronze Scales","Juzu Bracelet"],"potions_floor_usage":[16,16,29,39,42,42,42,50,50,50],"damage_taken":[{"damage":0,"enemies":"Small Slimes","floor":1,"turns":1},{"damage":0,"enemies":"Lagavulin","floor":8,"turns":1},{"damage":0,"enemies":"Gremlin Nob","floor":10,"turns":1},{"damage":0,"enemies":"Cultist","floor":11,"turns":3},{"damage":4,"enemies":"2 Louse","floor":12,"turns":2},{"damage":0,"enemies":"Looter","floor":14,"turns":2},{"damage":21,"enemies":"Hexaghost","floor":16,"turns":9},{"damage":18,"enemies":"Spheric Guardian","floor":18,"turns":4},{"damage":27,"enemies":"3 Byrds","floor":19,"turns":3},{"damage":7,"enemies":"Masked Bandits","floor":20,"turns":2},{"damage":12,"enemies":"3 Cultists","floor":22,"turns":4},{"damage":2,"enemies":"Centurion and Healer","floor":24,"turns":7},{"damage":12,"enemies":"Gremlin Leader","floor":29,"turns":6},{"damage":13,"enemies":"Book of Stabbing","floor":31,"turns":5},{"damage":28,"enemies":"Automaton","floor":33,"turns":9},{"damage":2,"enemies":"3 Darklings","floor":35,"turns":4},{"damage":0,"enemies":"Orb Walker","floor":38,"turns":2},{"damage":0,"enemies":"Sphere and 2 Shapes","floor":39,"turns":4},{"damage":60,"enemies":"Nemesis","floor":40,"turns":9},{"damage":7,"enemies":"Reptomancer","floor":42,"turns":4},{"damage":21,"enemies":"Nemesis","floor":47,"turns":7},{"damage":6,"enemies":"3 Darklings","floor":48,"turns":5},{"damage":58,"enemies":"Donu and Deca","floor":50,"turns":7}],"seed_played":"-378156190652384210","potions_obtained":[{"floor":7,"key":"AttackPotion"},{"floor":7,"key":"SpeedPotion"},{"floor":7,"key":"Fire Potion"},{"floor":8,"key":"PowerPotion"},{"floor":14,"key":"LiquidBronze"},{"floor":16,"key":"Strength Potion"},{"floor":18,"key":"Dexterity Potion"},{"floor":20,"key":"Fire Potion"},{"floor":24,"key":"Fire Potion"},{"floor":31,"key":"Explosive Potion"},{"floor":35,"key":"Ancient Potion"},{"floor":40,"key":"Explosive Potion"},{"floor":42,"key":"SpeedPotion"}],"is_trial":false,"path_per_floor":["M","$","?","?","$","R","?","E","T","E","M","M","R","M","R","B",null,"M","M","?","?","M","R","M","R","T","?","?","E","T","E","R","B",null,"M","?","$","M","M","E","R","E","T","R","?","R","E","M","R","B"],"character_chosen":"DEFECT","items_purchased":["Reinforced Body","Mercury Hourglass","Loop"],"campfire_rested":7,"item_purchase_floors":[2,37,37],"current_hp_per_floor":[75,75,75,57,57,57,57,57,57,57,57,53,53,53,53,32,75,57,30,23,23,11,33,31,53,53,53,53,41,41,28,50,22,75,73,73,73,73,73,13,35,28,28,50,41,63,42,36,58,0],"gold":239,"neow_bonus":"THREE_ENEMY_KILL","is_prod":false,"is_daily":false,"chose_seed":false,"campfire_upgraded":3,"win_rate":0,"timestamp":1556472413,"path_taken":["M","$","?","?","$","R","?","E","T","E","M","M","R","?","R","BOSS","M","M","?","?","M","R","M","R","T","?","?","E","?","E","R","BOSS","M","?","$","M","M","E","R","E","T","R","?","R","E","M","R","BOSS"],"build_version":"2019-01-23","purchased_purges":1,"victory":false,"max_hp_per_floor":[75,75,75,75,75,75,75,75,75,75,75,75,75,75,75,75,75,75,75,75,75,75,75,75,75,75,75,75,75,75,75,75,75,75,75,75,75,75,75,75,75,75,75,75,75,75,75,75,75,75],"card_choices":[{"not_picked":["Steam","Hologram"],"picked":"Conserve Battery","floor":1},{"not_picked":["Double Energy","Fusion"],"picked":"Redo","floor":8},{"not_picked":["Reinforced Body","FTL"],"picked":"Genetic Algorithm","floor":10},{"not_picked":["Conserve Battery","Blizzard"],"picked":"Doom and Gloom","floor":11},{"not_picked":["Rebound","Recycle"],"picked":"Redo","floor":12},{"not_picked":["FTL","Turbo"],"picked":"Sweeping Beam","floor":14},{"not_picked":["Amplify","All For One"],"picked":"Machine Learning","floor":16},{"not_picked":["Streamline","Beam Cell","Turbo+1"],"picked":"SKIP","floor":18},{"not_picked":["Glacier","Steam Power"],"picked":"Loop","floor":19},{"not_picked":["Redo","Fusion"],"picked":"Auto Shields","floor":20},{"not_picked":["Compile Driver","Redo"],"picked":"Chill+1","floor":22},{"not_picked":["Cold Snap","Beam Cell"],"picked":"Fission","floor":24},{"not_picked":["Hologram","Recycle"],"picked":"Streamline+1","floor":29},{"not_picked":["BootSequence","Cold Snap"],"picked":"Capacitor+1","floor":31},{"not_picked":["Fission","Biased Cognition"],"picked":"Electrodynamics","floor":33},{"not_picked":["Chill","Doom and Gloom"],"picked":"Cold Snap+1","floor":35},{"not_picked":["Sweeping Beam","Stack"],"picked":"Barrage+1","floor":38},{"not_picked":["Conserve Battery","Streamline+1"],"picked":"Loop+1","floor":39},{"not_picked":["Beam Cell","Core Surge"],"picked":"Darkness","floor":40},{"not_picked":["Streamline+1","Cold Snap"],"picked":"Leap+1","floor":42},{"not_picked":["Go for the Eyes+1","Streamline+1"],"picked":"Undo+1","floor":47},{"not_picked":["Auto Shields","Compile Driver+1"],"picked":"Undo+1","floor":48}],"player_experience":303899,"relics_obtained":[{"floor":8,"key":"Darkstone Periapt"},{"floor":9,"key":"Cables"},{"floor":10,"key":"Potion Belt"},{"floor":20,"key":"Red Mask"},{"floor":26,"key":"Ornamental Fan"},{"floor":29,"key":"MawBank"},{"floor":30,"key":"Vajra"},{"floor":31,"key":"DataDisk"},{"floor":40,"key":"Happy Flower"},{"floor":42,"key":"Molten Egg 2"},{"floor":43,"key":"Bronze Scales"},{"floor":47,"key":"Juzu Bracelet"}],"event_choices":[{"damage_healed":0,"gold_gain":0,"player_choice":"Leave","damage_taken":0,"max_hp_gain":0,"max_hp_loss":0,"event_name":"The Cleric","floor":3,"gold_loss":0},{"damage_healed":0,"gold_gain":0,"player_choice":"Success","damage_taken":18,"relics_obtained":["Gremlin Horn"],"max_hp_gain":0,"max_hp_loss":0,"event_name":"Scrap Ooze","floor":4,"gold_loss":0},{"damage_healed":0,"gold_gain":0,"player_choice":"Got Potions","damage_taken":0,"max_hp_gain":0,"max_hp_loss":0,"event_name":"Lab","floor":7,"gold_loss":0},{"damage_healed":0,"gold_gain":0,"player_choice":"Fought Bandits","damage_taken":0,"max_hp_gain":0,"max_hp_loss":0,"event_name":"Masked Bandits","floor":20,"gold_loss":0},{"damage_healed":0,"gold_gain":0,"player_choice":"Obtained Relic","damage_taken":0,"relics_obtained":["Pocketwatch"],"max_hp_gain":0,"max_hp_loss":0,"event_name":"Addict","floor":21,"gold_loss":85},{"cards_removed":["Strike_B"],"damage_healed":0,"gold_gain":0,"player_choice":"Gave Gold","damage_taken":0,"max_hp_gain":0,"max_hp_loss":0,"event_name":"Beggar","floor":27,"gold_loss":75},{"cards_removed":["Strike_B"],"damage_healed":0,"gold_gain":0,"player_choice":"Elegance","damage_taken":0,"max_hp_gain":0,"max_hp_loss":0,"event_name":"Back to Basics","floor":28,"gold_loss":0},{"cards_removed":["Strike_B"],"damage_healed":0,"gold_gain":0,"player_choice":"Removed Attack","damage_taken":0,"max_hp_gain":0,"max_hp_loss":0,"event_name":"Falling","floor":36,"gold_loss":0},{"damage_healed":0,"gold_gain":0,"player_choice":"Embrace Madness","damage_taken":9,"max_hp_gain":0,"max_hp_loss":0,"event_name":"Winding Halls","floor":45,"gold_loss":0,"cards_obtained":["Madness","Madness"]}],"is_beta":false,"boss_relics":[{"not_picked":["Snecko Eye","Busted Crown"],"picked":"Fusion Hammer"},{"not_picked":["Lizard Tail","Eternal Feather"],"picked":"Nuclear Battery"}],"items_purged_floors":[2],"is_endless":false,"potions_floor_spawned":[8,14,16,18,20,24,31,35,40,42],"killed_by":"Donu and Deca","ascension_level":3}