{"gold_per_floor":[117,192,367,381,396,396,17,37,91,91,91,127,148,167,167,291,291,311,236,236,257,257,257,273,273,297,396,416,447,23,66,66,189,189,213,213,32,46,60,94,94,133,179,179,202,327,351,351,351,351],"floor_reached":51,"playtime":2500,"items_purged":["Strike_R"],"score":1003,"play_id":"4f9a116e-c2b0-4d1a-b632-4d4a53de6ef9","local_time":"20190824091619","is_ascension_mode":true,"campfire_choices":[{"data":"Armaments","floor":6.0,"key":"SMITH"},{"data":"Inflame","floor":11.0,"key":"SMITH"},{"floor":15.0,"key":"REST"},{"floor":23.0,"key":"REST"},{"floor":25.0,"key":"REST"},{"floor":32.0,"key":"REST"},{"floor":41,"key":"REST"},{"floor":44,"key":"REST"},{"floor":49,"key":"REST"}],"neow_cost":"PERCENT_DAMAGE","seed_source_timestamp":0,"circlet_count":0,"master_deck":["Strike_R","Strike_R","Defend_R","Defend_R","Defend_R","Defend_R+1","Iron Wave","Spot Weakness+1","Armaments+1","Inflame+1","Disarm+1","Dual Wield+1","Demon Form","Iron Wave","Evolve","Feed","Seeing Red+1","True Grit+1","Searing Blow","Armaments+1","Reaper","Sadistic Nature","Flex+1","Warcry+1","Entrench+1","Juggernaut","Armaments+1","Metamorphosis+1","Armaments+1","Havoc+1","Barricade","Offering+1","Entrench+1","Iron Wave+1","Sentinel+1"],"special_seed":0,"relics":["Burning Blood","Membership Card","Toxic Egg 2","Smiling Mask","Golden Idol","Strawberry","Fusion Hammer","Orichalcum","Pear","HandDrill","War Paint","Happy Flower","Nunchaku","Runic Pyramid","Shuriken","Medical Kit","Art of War","Mummified Hand","Lantern","StoneCalendar"],"potions_floor_usage":[40,42],"damage_taken":[{"damage":13.0,"enemies":"Jaw Worm","floor":1.0,"turns":5.0},{"damage":6.0,"enemies":"Small Slimes","floor":4.0,"turns":5.0},{"damage":5.0,"enemies":"2 Louse","floor":5.0,"turns":2.0},{"damage":9.0,"enemies":"Exordium Wildlife","floor":8.0,"turns":6.0},{"damage":32.0,"enemies":"3 Sentries","floor":12.0,"turns":9.0},{"damage":19.0,"enemies":"3 Louse","floor":13.0,"turns":5.0},{"damage":1.0,"enemies":"Red Slaver","floor":14.0,"turns":6.0},{"damage":4.0,"enemies":"Hexaghost","floor":16.0,"turns":11.0},{"damage":8.0,"enemies":"Chosen","floor":18.0,"turns":6.0},{"damage":16.0,"enemies":"Spheric Guardian","floor":21.0,"turns":4.0},{"damage":5.0,"enemies":"Cultist and Chosen","floor":24.0,"turns":7.0},{"damage":21.0,"enemies":"Snake Plant","floor":28.0,"turns":5.0},{"damage":39.0,"enemies":"Slavers","floor":29.0,"turns":6.0},{"damage":15.0,"enemies":"Book of Stabbing","floor":31.0,"turns":8.0},{"damage":9.0,"enemies":"Champ","floor":33.0,"turns":10.0},{"damage":5.0,"enemies":"Orb Walker","floor":35.0,"turns":4.0},{"damage":30.0,"enemies":"3 Darklings","floor":38.0,"turns":5.0},{"damage":56,"enemies":"Transient","floor":39,"turns":5},{"damage":18,"enemies":"Giant Head","floor":40,"turns":6},{"damage":126,"enemies":"Reptomancer","floor":42,"turns":7},{"damage":16,"enemies":"Sphere and 2 Shapes","floor":45,"turns":4},{"damage":0,"enemies":"Mind Bloom Boss Battle","floor":46,"turns":4},{"damage":28,"enemies":"Maw","floor":47,"turns":6},{"damage":88,"enemies":"Donu and Deca","floor":50,"turns":10}],"seed_played":"-3370575079622758853","potions_obtained":[{"floor":5.0,"key":"Regen Potion"},{"floor":8.0,"key":"PowerPotion"},{"floor":13.0,"key":"GamblersBrew"},{"floor":16.0,"key":"Fire Potion"},{"floor":18.0,"key":"Dexterity Potion"},{"floor":24.0,"key":"SteroidPotion"},{"floor":29.0,"key":"Dexterity Potion"},{"floor":35.0,"key":"Block Potion"},{"floor":39,"key":"Ancient Potion"},{"floor":40,"key":"SteroidPotion"}],"is_trial":false,"path_per_floor":["M","?","?","M","M","R","$","M","T","?","R","E","M","M","R","B",null,"M","?","?","M","$","R","M","R","T","?","M","E","$","E","R","B",null,"M","?","$","M","M","E","R","E","T","R","M","?","M","?","R","B",null],"character_chosen":"IRONCLAD","items_purchased":["Membership Card","Inflame","Toxic Egg 2","Disarm+1","Sadistic Nature","HandDrill","War Paint","Happy Flower","Flex+1","Warcry+1","Medical Kit","Metamorphosis+1"],"campfire_rested":7,"item_purchase_floors":[7,7,7,7,30,30,30,30,30,30,37,37],"current_hp_per_floor":[49,38,38,38,39,39,39,50,50,50,50,31,18,23,47,49,81,83,83,83,73,73,85,89,89,89,89,77,57,57,73,105,102,109,109,109,109,109,104,96,113,20,20,53,70,76,78,78,114,68],"gold":351,"neow_bonus":"REMOVE_TWO","is_prod":false,"is_daily":false,"chose_seed":false,"campfire_upgraded":2,"win_rate":0,"timestamp":1566652579,"path_taken":["M","?","?","M","M","R","$","M","T","?","R","E","M","M","R","BOSS","M","?","?","M","$","R","?","R","T","?","M","E","$","E","R","BOSS","M","?","$","M","M","E","R","E","T","R","?","?","M","?","R","BOSS"],"build_version":"2019-07-17","purchased_purges":1,"victory":true,"max_hp_per_floor":[80,80,80,80,80,80,80,80,80,74,74,81,81,81,81,81,81,85,85,85,85,85,85,89,89,89,89,92,105,105,109,109,109,109,109,109,109,109,109,113,113,113,113,113,116,116,120,120,120,120],"card_choices":[{"not_picked":["Clothesline","Warcry"],"picked":"Iron Wave","floor":1.0},{"not_picked":["Blood for Blood","True Grit"],"picked":"Spot Weakness","floor":4.0},{"not_picked":["Entrench","Sword Boomerang"],"picked":"Armaments","floor":5.0},{"not_picked":["Shrug It Off+1","Seeing Red+1"],"picked":"Dual Wield+1","floor":8.0},{"not_picked":["Perfected Strike","Sentinel+1"],"picked":"Demon Form","floor":12.0},{"not_picked":["Rampage","Twin Strike"],"picked":"Iron Wave","floor":13.0},{"not_picked":["Corruption","Clothesline"],"picked":"Evolve","floor":14.0},{"not_picked":["Demon Form","Offering+1"],"picked":"Feed","floor":16.0},{"not_picked":["Havoc+1","Battle Trance+1"],"picked":"Heavy Blade","floor":18.0},{"not_picked":["Wild Strike+1","Clothesline"],"picked":"True Grit+1","floor":21.0},{"not_picked":["Fire Breathing","Pommel Strike+1"],"picked":"Searing Blow","floor":24.0},{"not_picked":["Hemokinesis","Thunderclap"],"picked":"Armaments+1","floor":28.0},{"not_picked":["Sword Boomerang","Dropkick"],"picked":"Reaper","floor":29.0},{"not_picked":["Inflame","Spot Weakness+1"],"picked":"Entrench+1","floor":31.0},{"not_picked":["Double Tap+1","Brutality"],"picked":"Juggernaut","floor":33.0},{"not_picked":["Combust+1","Burning Pact+1"],"picked":"Armaments+1","floor":35.0},{"not_picked":["True Grit+1","Heavy Blade+1"],"picked":"Armaments+1","floor":38.0},{"not_picked":["Anger+1","Seeing Red+1"],"picked":"Havoc+1","floor":39},{"not_picked":["Clash+1","Offering+1"],"picked":"Barricade","floor":40},{"not_picked":["Pommel Strike+1","Carnage+1"],"picked":"Offering+1","floor":42},{"not_picked":["Pommel Strike+1","Headbutt+1"],"picked":"Entrench+1","floor":45},{"not_picked":["Sword Boomerang+1","Twin Strike"],"picked":"Iron Wave+1","floor":46},{"not_picked":["Flex+1","Combust"],"picked":"Sentinel+1","floor":47}],"player_experience":625273,"relics_obtained":[{"floor":9.0,"key":"Smiling Mask"},{"floor":12.0,"key":"Strawberry"},{"floor":26.0,"key":"Orichalcum"},{"floor":29.0,"key":"Pear"},{"floor":31.0,"key":"Nunchaku"},{"floor":40,"key":"Art of War"},{"floor":42,"key":"Mummified Hand"},{"floor":43,"key":"Lantern"},{"floor":46,"key":"StoneCalendar"}],"event_choices":[{"damage_healed":0.0,"max_hp_gain":0.0,"max_hp_loss":0.0,"gold_gain":75.0,"event_name":"World of Goop","player_choice":"Gather Gold","floor":2.0,"gold_loss":0.0,"damage_taken":11.0},{"damage_healed":0.0,"max_hp_gain":0.0,"max_hp_loss":0.0,"gold_gain":175.0,"event_name":"Liars Game","player_choice":"AGREE","floor":3.0,"gold_loss":0.0,"damage_taken":0.0,"cards_obtained":["Doubt"]},{"damage_healed":0.0,"max_hp_gain":0.0,"max_hp_loss":6.0,"gold_gain":0.0,"event_name":"Golden Idol","player_choice":"Lose Max HP","floor":10.0,"gold_loss":0.0,"damage_taken":0.0,"relics_obtained":["Golden Idol"]},{"cards_removed":["Doubt"],"damage_healed":0.0,"max_hp_gain":0.0,"max_hp_loss":0.0,"gold_gain":0.0,"event_name":"Beggar","player_choice":"Gave Gold","floor":19.0,"gold_loss":75.0,"damage_taken":0.0},{"damage_healed":0.0,"max_hp_gain":0.0,"max_hp_loss":0.0,"gold_gain":0.0,"cards_transformed":["Strike_R"],"event_name":"Transmorgrifier","player_choice":"Transformed","floor":20.0,"gold_loss":0.0,"damage_taken":0.0,"cards_obtained":["Seeing Red"]},{"damage_healed":0.0,"max_hp_gain":0.0,"max_hp_loss":0.0,"gold_gain":99.0,"event_name":"Nest","player_choice":"Stole From Cult","floor":27.0,"gold_loss":0.0,"damage_taken":0.0},{"damage_healed":0.0,"max_hp_gain":0.0,"max_hp_loss":0.0,"gold_gain":0.0,"event_name":"WeMeetAgain","player_choice":"Gave Potion","floor":36.0,"gold_loss":0.0,"damage_taken":0.0,"relics_obtained":["Shuriken"]},{"damage_healed":0,"gold_gain":0,"player_choice":"Fight","damage_taken":0,"max_hp_gain":0,"max_hp_loss":0,"event_name":"MindBloom","floor":46,"gold_loss":0},{"cards_removed":["Heavy Blade"],"damage_healed":0,"gold_gain":0,"player_choice":"Removed Attack","damage_taken":0,"max_hp_gain":0,"max_hp_loss":0,"event_name":"Falling","floor":48,"gold_loss":0}],"is_beta":false,"boss_relics":[{"not_picked":["Philosopher\u0027s Stone","Snecko Eye"],"picked":"Fusion Hammer"},{"not_picked":["Tiny House","Velvet Choker"],"picked":"Runic Pyramid"}],"items_purged_floors":[30],"is_endless":false,"potions_floor_spawned":[5,8,13,16,18,24,29,35,39,40],"ascension_level":3}