{"gold_per_floor":[115,135,135,60,71,71,100,100,171,171,189,189,221,231,231,231],"floor_reached":16,"playtime":341,"items_purged":["Strike_R"],"score":149,"play_id":"dfdb5c91-13f5-4c71-adb2-8ed8306855d8","local_time":"20191016031405","is_ascension_mode":true,"campfire_choices":[{"data":"Combust","floor":6,"key":"SMITH"},{"data":"Immolate","floor":8,"key":"SMITH"},{"floor":10,"key":"REST"},{"data":"1","floor":15,"key":"LIFT"}],"neow_cost":"TEN_PERCENT_HP_LOSS","seed_source_timestamp":311632747632100,"circlet_count":0,"master_deck":["Strike_R","Strike_R","Strike_R","Strike_R","Defend_R","Defend_R","Defend_R","Defend_R","Bash","Immolate+1","Combust+1","Metallicize"],"relics":["Burning Blood","GremlinMask","Pen Nib","Question Card","PreservedInsect","Girya"],"potions_floor_usage":[13,13,16],"damage_taken":[{"damage":0,"enemies":"Small Slimes","floor":1,"turns":2},{"damage":1,"enemies":"Cultist","floor":2,"turns":3},{"damage":14,"enemies":"Jaw Worm","floor":5,"turns":3},{"damage":27,"enemies":"3 Sentries","floor":7,"turns":3},{"damage":9,"enemies":"Looter","floor":11,"turns":3},{"damage":17,"enemies":"Gremlin Nob","floor":13,"turns":3},{"damage":8,"enemies":"Large Slime","floor":14,"turns":4},{"damage":52,"enemies":"Hexaghost","floor":16,"turns":7}],"seed_played":"8102783846527590370","potions_obtained":[{"floor":1,"key":"Swift Potion"},{"floor":11,"key":"AttackPotion"},{"floor":13,"key":"Strength Potion"}],"is_trial":false,"path_per_floor":["M","M","?","$","M","R","E","R","T","R","M","?","E","M","R","B"],"character_chosen":"IRONCLAD","items_purchased":[],"campfire_rested":1,"item_purchase_floors":[],"current_hp_per_floor":[72,72,72,72,64,64,43,43,43,64,61,61,50,48,48,0],"gold":231,"neow_bonus":"THREE_RARE_CARDS","is_prod":false,"is_daily":false,"chose_seed":false,"campfire_upgraded":2,"win_rate":0,"timestamp":1571213645,"path_taken":["M","M","?","$","M","R","E","R","T","R","?","?","E","M","R","BOSS"],"build_version":"2019-07-17","purchased_purges":1,"victory":false,"max_hp_per_floor":[72,72,72,72,72,72,72,72,72,72,72,72,72,72,72,72],"card_choices":[{"not_picked":["Exhume","Fiend Fire"],"picked":"Immolate","floor":0},{"not_picked":["Clash","Iron Wave"],"picked":"Combust","floor":1},{"not_picked":["Body Slam","Iron Wave","Anger"],"picked":"SKIP","floor":2},{"not_picked":["Headbutt","Clothesline","Anger"],"picked":"SKIP","floor":5},{"not_picked":["Inflame","Searing Blow","Heavy Blade"],"picked":"SKIP","floor":7},{"not_picked":["Flex","Clothesline","Power Through","Twin Strike"],"picked":"SKIP","floor":11},{"not_picked":["Fiend Fire","Corruption","Armaments"],"picked":"Metallicize","floor":13},{"not_picked":["Blood for Blood","True Grit","Hemokinesis","Dropkick"],"picked":"SKIP","floor":14}],"player_experience":313844,"relics_obtained":[{"floor":7,"key":"Pen Nib"},{"floor":9,"key":"Question Card"},{"floor":13,"key":"Girya"}],"event_choices":[{"damage_healed":0,"gold_gain":0,"player_choice":"Trade","damage_taken":0,"relics_obtained":["GremlinMask"],"max_hp_gain":0,"max_hp_loss":0,"event_name":"FaceTrader","floor":3,"gold_loss":0},{"damage_healed":0,"gold_gain":0,"player_choice":"Searched \u00272\u0027 times","damage_taken":0,"relics_obtained":["PreservedInsect"],"max_hp_gain":0,"max_hp_loss":0,"event_name":"Dead Adventurer","floor":12,"gold_loss":0}],"is_beta":false,"boss_relics":[],"items_purged_floors":[4],"is_endless":false,"potions_floor_spawned":[1,11,13],"killed_by":"Hexaghost","ascension_level":7}