{"gold_per_floor":[112,187,187,362,373,398,398,35,35,35,48,83,95,125,125,125],"floor_reached":16,"playtime":458,"items_purged":["Doubt"],"score":164,"play_id":"2306e91e-4d41-4d90-80e2-4ac81bbc6ca7","local_time":"20190419221928","is_ascension_mode":true,"campfire_choices":[{"data":"Bludgeon","floor":7,"key":"SMITH"},{"data":"Dark Embrace","floor":15,"key":"SMITH"}],"neow_cost":"NONE","seed_source_timestamp":169703070447100,"circlet_count":0,"master_deck":["Strike_R","Strike_R","Strike_R","Strike_R","Defend_R","Defend_R","Defend_R","Defend_R","Bash","True Grit","Flex","Bludgeon+1","Uppercut","Shrug It Off","Havoc","Dark Embrace+1","Flame Barrier"],"relics":["Burning Blood","NeowsBlessing","Oddly Smooth Stone","Paper Frog","Question Card","Blood Vial","Bronze Scales"],"potions_floor_usage":[],"damage_taken":[{"damage":0,"enemies":"Cultist","floor":1,"turns":1},{"damage":0,"enemies":"2 Louse","floor":5,"turns":1},{"damage":0,"enemies":"3 Sentries","floor":6,"turns":2},{"damage":3,"enemies":"Jaw Worm","floor":11,"turns":2},{"damage":26,"enemies":"Lagavulin","floor":12,"turns":4},{"damage":0,"enemies":"Red Slaver","floor":13,"turns":2},{"damage":20,"enemies":"3 Sentries","floor":14,"turns":6},{"damage":62,"enemies":"Slime Boss","floor":16,"turns":12}],"seed_played":"8514034485760203365","potions_obtained":[{"floor":6,"key":"Fire Potion"},{"floor":11,"key":"SpeedPotion"},{"floor":12,"key":"Block Potion"},{"floor":13,"key":"PowerPotion"}],"is_trial":false,"path_per_floor":["M","?","?","?","M","E","R","$","T","$","M","E","M","E","R","B"],"character_chosen":"IRONCLAD","items_purchased":["Paper Frog","Uppercut"],"campfire_rested":0,"item_purchase_floors":[8,8],"current_hp_per_floor":[80,69,62,62,68,74,74,74,74,74,77,57,65,53,53,0],"gold":125,"neow_bonus":"THREE_ENEMY_KILL","is_prod":false,"is_daily":false,"chose_seed":false,"campfire_upgraded":2,"win_rate":0,"timestamp":1555705168,"path_taken":["M","?","?","?","M","E","R","$","T","?","?","E","M","E","R","BOSS"],"build_version":"2019-01-23","purchased_purges":1,"victory":false,"max_hp_per_floor":[80,80,80,80,80,80,80,80,80,80,80,80,80,80,80,80],"card_choices":[{"not_picked":["Sever Soul","Anger"],"picked":"True Grit","floor":1},{"not_picked":["Headbutt","Wild Strike"],"picked":"Flex","floor":5},{"not_picked":["Iron Wave","Headbutt"],"picked":"Bludgeon","floor":6},{"not_picked":["Twin Strike","Headbutt","Heavy Blade"],"picked":"Shrug It Off","floor":11},{"not_picked":["Cleave","Entrench","Perfected Strike"],"picked":"Havoc","floor":12},{"not_picked":["Armaments","Anger","Second Wind"],"picked":"Dark Embrace","floor":13},{"not_picked":["Havoc","Fire Breathing","Thunderclap"],"picked":"Flame Barrier","floor":14}],"player_experience":286234,"relics_obtained":[{"floor":6,"key":"Oddly Smooth Stone"},{"floor":9,"key":"Question Card"},{"floor":12,"key":"Blood Vial"},{"floor":14,"key":"Bronze Scales"}],"event_choices":[{"damage_healed":0,"gold_gain":75,"player_choice":"Gather Gold","damage_taken":11,"max_hp_gain":0,"max_hp_loss":0,"event_name":"World of Goop","floor":2,"gold_loss":0},{"cards_removed":["Strike_R"],"damage_healed":0,"gold_gain":0,"player_choice":"Card Removal","damage_taken":7,"max_hp_gain":0,"max_hp_loss":0,"event_name":"Golden Wing","floor":3,"gold_loss":0},{"damage_healed":0,"gold_gain":175,"player_choice":"AGREE","damage_taken":0,"max_hp_gain":0,"max_hp_loss":0,"event_name":"Liars Game","floor":4,"gold_loss":0,"cards_obtained":["Doubt"]}],"is_beta":false,"boss_relics":[],"items_purged_floors":[8],"is_endless":false,"potions_floor_spawned":[6,11,12,13],"killed_by":"Slime Boss","ascension_level":3}