{"gold_per_floor":[109,284,58,58,58,89,89,114,114,149,162,162,190,190,190,289,289,300,300],"floor_reached":19,"playtime":416,"items_purged":["Doubt"],"score":325,"play_id":"8007ce71-8fc4-417c-ad45-dfe1ee006889","local_time":"20190813235510","is_ascension_mode":true,"campfire_choices":[{"data":"Bash","floor":7,"key":"SMITH"},{"data":"Strike_R","floor":12,"key":"SMITH"},{"floor":15,"key":"REST"}],"neow_cost":"NONE","seed_source_timestamp":248973890666309,"circlet_count":0,"master_deck":["Strike_R+1","Strike_R+1","Strike_R+1","Strike_R","Strike_R+1","Defend_R","Defend_R","Defend_R","Defend_R","Bash+1"],"relics":["Black Blood","NeowsBlessing","Ancient Tea Set","Blood Vial","Toxic Egg 2","PreservedInsect","Kunai","Art of War"],"potions_floor_usage":[10,10,13,18],"damage_taken":[{"damage":0,"enemies":"Cultist","floor":1,"turns":1},{"damage":0,"enemies":"Gremlin Nob","floor":6,"turns":1},{"damage":0,"enemies":"Lagavulin","floor":8,"turns":1},{"damage":16,"enemies":"Gremlin Nob","floor":10,"turns":3},{"damage":12,"enemies":"Jaw Worm","floor":11,"turns":3},{"damage":35,"enemies":"3 Sentries","floor":13,"turns":5},{"damage":66,"enemies":"Slime Boss","floor":16,"turns":16},{"damage":38,"enemies":"3 Byrds","floor":18,"turns":6},{"damage":66,"enemies":"Masked Bandits","floor":19,"turns":3}],"seed_played":"-218083124256489872","potions_obtained":[{"floor":6,"key":"LiquidBronze"},{"floor":8,"key":"SteroidPotion"},{"floor":10,"key":"Fruit Juice"},{"floor":16,"key":"Fire Potion"},{"floor":18,"key":"Dexterity Potion"}],"is_trial":false,"path_per_floor":["M","?","$","?","?","E","R","E","T","E","M","R","E","?","R","B",null,"M","?"],"character_chosen":"IRONCLAD","items_purchased":["Ancient Tea Set"],"campfire_rested":1,"item_purchase_floors":[3],"current_hp_per_floor":[78,78,78,83,66,72,72,80,80,77,73,73,46,46,73,15,71,45,0],"gold":300,"neow_bonus":"THREE_ENEMY_KILL","is_prod":false,"is_daily":false,"chose_seed":false,"campfire_upgraded":2,"win_rate":0,"timestamp":1565758510,"path_taken":["M","?","$","?","?","E","R","E","T","E","?","R","E","?","R","BOSS","M","?"],"build_version":"2019-07-17","purchased_purges":1,"victory":false,"max_hp_per_floor":[80,80,80,85,85,85,85,85,85,90,90,90,90,90,90,90,90,90,90],"card_choices":[{"not_picked":["Clash","Wild Strike","Warcry"],"picked":"SKIP","floor":1},{"not_picked":["Reaper","Clash","Thunderclap"],"picked":"SKIP","floor":6},{"not_picked":["Immolate","Ghostly Armor","Clash"],"picked":"SKIP","floor":8},{"not_picked":["Sword Boomerang","Warcry+1","Clash"],"picked":"SKIP","floor":10},{"not_picked":["True Grit+1","Perfected Strike","Second Wind+1"],"picked":"SKIP","floor":11},{"not_picked":["Feel No Pain","Hemokinesis","Warcry+1"],"picked":"SKIP","floor":13},{"not_picked":["Bloodletting+1","Body Slam","Flex+1"],"picked":"SKIP","floor":18}],"player_experience":299325,"relics_obtained":[{"floor":6,"key":"Blood Vial"},{"floor":8,"key":"Toxic Egg 2"},{"floor":9,"key":"PreservedInsect"},{"floor":10,"key":"Kunai"},{"floor":13,"key":"Art of War"}],"event_choices":[{"damage_healed":0,"gold_gain":175,"player_choice":"AGREE","damage_taken":0,"max_hp_gain":0,"max_hp_loss":0,"event_name":"Liars Game","floor":2,"gold_loss":0,"cards_obtained":["Doubt"]},{"damage_healed":0,"gold_gain":0,"player_choice":"Donut","damage_taken":0,"max_hp_gain":5,"max_hp_loss":0,"event_name":"Big Fish","floor":4,"gold_loss":0},{"damage_healed":0,"gold_gain":0,"player_choice":"Entered Light","damage_taken":17,"max_hp_gain":0,"max_hp_loss":0,"event_name":"Shining Light","floor":5,"gold_loss":0,"cards_upgraded":["Strike_R","Strike_R"]},{"damage_healed":0,"gold_gain":0,"player_choice":"Forge","damage_taken":0,"max_hp_gain":0,"max_hp_loss":0,"event_name":"Accursed Blacksmith","floor":14,"gold_loss":0,"cards_upgraded":["Strike_R"]},{"damage_healed":0,"gold_gain":0,"player_choice":"Fought Bandits","damage_taken":0,"max_hp_gain":0,"max_hp_loss":0,"event_name":"Masked Bandits","floor":19,"gold_loss":0}],"is_beta":false,"boss_relics":[{"not_picked":["Velvet Choker","Coffee Dripper"],"picked":"Black Blood"}],"items_purged_floors":[3],"is_endless":false,"potions_floor_spawned":[6,8,10,16,18],"killed_by":"Masked Bandits","ascension_level":7}