{"gold_per_floor":[111,36,36,55,55,55,81,81,81,81,101,101,101,1,1,100,100,110,126,225,237,237,237,267,279,291,52,72,72,97,97],"floor_reached":31,"playtime":739,"items_purged":["Defend_R","Strike_R"],"score":363,"play_id":"b90d2d97-b385-42e9-a3cc-60a05b27c5cc","local_time":"20191016030246","is_ascension_mode":true,"campfire_choices":[{"data":"Bash","floor":6,"key":"SMITH"},{"data":"Rampage","floor":12,"key":"SMITH"},{"data":"Cleave","floor":15,"key":"SMITH"},{"floor":23,"key":"REST"},{"data":"Spot Weakness","floor":25,"key":"SMITH"}],"neow_cost":"PERCENT_DAMAGE","seed_source_timestamp":310554982815300,"circlet_count":0,"master_deck":["Strike_R","Strike_R","Defend_R","Defend_R","Bash+1","Cleave+1","Rampage+1","Reaper","Decay","Spot Weakness+1"],"relics":["Burning Blood","Bag of Marbles","Mummified Hand","Runic Pyramid","MawBank","StoneCalendar","Mercury Hourglass","Blood Vial"],"potions_floor_usage":[4,7,19,30],"damage_taken":[{"damage":12,"enemies":"Jaw Worm","floor":1,"turns":2},{"damage":14,"enemies":"2 Louse","floor":4,"turns":4},{"damage":40,"enemies":"Lagavulin","floor":7,"turns":4},{"damage":1,"enemies":"Cultist","floor":11,"turns":3},{"damage":51,"enemies":"Slime Boss","floor":16,"turns":8},{"damage":44,"enemies":"2 Thieves","floor":18,"turns":3},{"damage":14,"enemies":"Chosen","floor":19,"turns":4},{"damage":23,"enemies":"Centurion and Healer","floor":21,"turns":4},{"damage":8,"enemies":"Gremlin Leader","floor":24,"turns":5},{"damage":37,"enemies":"Sentry and Sphere","floor":28,"turns":4},{"damage":53,"enemies":"Slavers","floor":30,"turns":3},{"damage":32,"enemies":"Snecko","floor":31,"turns":3}],"seed_played":"-5156155144526484600","potions_obtained":[{"floor":1,"key":"Regen Potion"},{"floor":4,"key":"Strength Potion"},{"floor":11,"key":"SpeedPotion"},{"floor":24,"key":"Regen Potion"},{"floor":28,"key":"FearPotion"}],"is_trial":false,"path_per_floor":["M","$","?","M","?","R","E","?","T","$","M","R","?","$","R","B",null,"M","M","?","M","?","R","E","R","T","$","M","?","E","M"],"character_chosen":"IRONCLAD","items_purchased":["Mercury Hourglass"],"campfire_rested":1,"item_purchase_floors":[27],"current_hp_per_floor":[45,45,45,49,49,49,15,80,80,80,80,80,80,80,80,35,69,42,40,40,35,35,59,71,71,71,71,47,39,29,0],"gold":97,"neow_bonus":"REMOVE_TWO","is_prod":false,"is_daily":false,"chose_seed":false,"campfire_upgraded":4,"win_rate":0,"timestamp":1571212966,"path_taken":["M","$","?","M","?","R","E","?","T","$","?","R","?","?","R","BOSS","M","M","?","M","?","R","E","R","T","$","M","?","E","M"],"build_version":"2019-07-17","purchased_purges":2,"victory":false,"max_hp_per_floor":[80,80,80,80,80,80,80,80,80,80,80,80,80,80,80,80,80,80,80,80,80,80,80,80,80,80,80,80,80,80,80],"card_choices":[{"not_picked":["Ghostly Armor","Heavy Blade","Clothesline"],"picked":"SKIP","floor":1},{"not_picked":["Headbutt","Impervious","Clash"],"picked":"SKIP","floor":4},{"not_picked":["Sword Boomerang","Uppercut"],"picked":"Cleave","floor":7},{"not_picked":["Havoc","True Grit","Rampage"],"picked":"SKIP","floor":11},{"not_picked":["Havoc","True Grit"],"picked":"Rampage","floor":11},{"not_picked":["Brutality","Barricade"],"picked":"Reaper","floor":16},{"not_picked":["Dual Wield+1","Whirlwind","Headbutt"],"picked":"SKIP","floor":18},{"not_picked":["True Grit","Headbutt+1","Iron Wave"],"picked":"SKIP","floor":19},{"not_picked":["Wild Strike+1","Body Slam+1","Hemokinesis"],"picked":"SKIP","floor":21},{"not_picked":["Perfected Strike","True Grit+1"],"picked":"Spot Weakness","floor":24},{"not_picked":["Clash","Perfected Strike+1","Dark Embrace"],"picked":"SKIP","floor":28},{"not_picked":["Body Slam","Bloodletting","Impervious"],"picked":"SKIP","floor":30}],"player_experience":312788,"relics_obtained":[{"floor":7,"key":"Bag of Marbles"},{"floor":9,"key":"Mummified Hand"},{"floor":24,"key":"MawBank"},{"floor":26,"key":"StoneCalendar"},{"floor":30,"key":"Blood Vial"}],"event_choices":[{"cards_removed":["Defend_R"],"damage_healed":0,"gold_gain":0,"player_choice":"Forget","damage_taken":0,"max_hp_gain":0,"max_hp_loss":0,"event_name":"Living Wall","floor":3,"gold_loss":0},{"damage_healed":0,"gold_gain":0,"player_choice":"Ignored","damage_taken":0,"max_hp_gain":0,"max_hp_loss":0,"event_name":"Liars Game","floor":5,"gold_loss":0},{"damage_healed":65,"gold_gain":0,"player_choice":"Full Heal","damage_taken":0,"max_hp_gain":0,"max_hp_loss":0,"event_name":"Wheel of Change","floor":8,"gold_loss":0},{"damage_healed":0,"gold_gain":0,"player_choice":"0 cards matched","damage_taken":0,"max_hp_gain":0,"max_hp_loss":0,"event_name":"Match and Keep!","floor":13,"gold_loss":0,"cards_obtained":[]},{"damage_healed":0,"gold_gain":99,"player_choice":"Stole From Cult","damage_taken":0,"max_hp_gain":0,"max_hp_loss":0,"event_name":"Nest","floor":20,"gold_loss":0},{"damage_healed":0,"gold_gain":0,"player_choice":"Smashed Altar","damage_taken":0,"max_hp_gain":0,"max_hp_loss":0,"event_name":"Forgotten Altar","floor":22,"gold_loss":0,"cards_obtained":["Decay"]},{"damage_healed":0,"gold_gain":0,"player_choice":"","damage_taken":8,"max_hp_gain":0,"max_hp_loss":0,"event_name":"Knowing Skull","floor":29,"potions_obtained":[],"gold_loss":0,"cards_obtained":[]}],"is_beta":false,"boss_relics":[{"not_picked":["Cursed Key","Velvet Choker"],"picked":"Runic Pyramid"}],"items_purged_floors":[2,14],"is_endless":false,"potions_floor_spawned":[1,4,11,24,28],"killed_by":"Snecko","ascension_level":7}