{"gold_per_floor":[112,412,432,446,446,446,481,481,534,534,534,139,153,171,171,291,291,312,312,312,124,149,187,187,187,255,43,43,43,17,36,36,36],"floor_reached":33,"playtime":938,"items_purged":["Defend_R","Armaments","Strike_R+1"],"score":355,"play_id":"2d1bd307-f352-4401-8a83-4f589905c40c","local_time":"20191013040919","is_ascension_mode":true,"campfire_choices":[{"data":"Limit Break","floor":6,"key":"SMITH"},{"floor":8,"key":"REST"},{"floor":11,"key":"REST"},{"floor":15,"key":"REST"},{"floor":25,"key":"REST"},{"data":"Bash","floor":29,"key":"SMITH"},{"data":"Double Tap","floor":32,"key":"SMITH"}],"neow_cost":"TEN_PERCENT_HP_LOSS","seed_source_timestamp":55127018627000,"circlet_count":0,"master_deck":["Strike_R+1","Strike_R+1","Strike_R+1","Strike_R+1","Defend_R+1","Defend_R+1","Defend_R+1","Bash+1","Limit Break+1","Dropkick","Spot Weakness+1","Rampage","Feed","Sentinel+1","Dropkick","Spot Weakness+1","Shame","Double Tap+1"],"relics":["Burning Blood","Old Coin","Pen Nib","Red Skull","Golden Idol","Membership Card","Charon\u0027s Ashes","Eternal Feather","Shuriken","Bag of Marbles","Ancient Tea Set","Question Card","Strawberry","Happy Flower","Bird Faced Urn"],"potions_floor_usage":[13,16,16,18,20,20,20,20,22,23,23,31,33],"damage_taken":[{"damage":6,"enemies":"Cultist","floor":1,"turns":3},{"damage":7,"enemies":"2 Louse","floor":3,"turns":3},{"damage":12,"enemies":"Jaw Worm","floor":4,"turns":3},{"damage":60,"enemies":"Lagavulin","floor":7,"turns":7},{"damage":18,"enemies":"Exordium Wildlife","floor":13,"turns":4},{"damage":19,"enemies":"Exordium Thugs","floor":14,"turns":3},{"damage":12,"enemies":"Hexaghost","floor":16,"turns":5},{"damage":28,"enemies":"2 Thieves","floor":18,"turns":4},{"damage":0,"enemies":"3 Byrds","floor":20,"turns":1},{"damage":25,"enemies":"Centurion and Healer","floor":22,"turns":5},{"damage":11,"enemies":"Gremlin Leader","floor":23,"turns":4},{"damage":24,"enemies":"Snecko","floor":31,"turns":4},{"damage":98,"enemies":"Automaton","floor":33,"turns":6}],"seed_played":"-3951630827799799078","potions_obtained":[{"floor":7,"key":"Weak Potion"},{"floor":13,"key":"EssenceOfSteel"},{"floor":14,"key":"Block Potion"},{"floor":16,"key":"EntropicBrew"},{"floor":18,"key":"Regen Potion"},{"floor":31,"key":"LiquidBronze"}],"is_trial":false,"path_per_floor":["M","T","M","M","?","R","E","R","T","?","R","$","M","M","R","B",null,"M","?","M","$","M","E","?","R","T","$","?","R","$","M","R","B"],"character_chosen":"IRONCLAD","items_purchased":["Membership Card","Charon\u0027s Ashes","Bag of Marbles","Dropkick","Weak Potion","Strawberry","Happy Flower","Block Potion"],"campfire_rested":4,"item_purchase_floors":[12,12,21,21,21,27,27,30],"current_hp_per_floor":[72,72,71,65,65,65,11,32,32,32,52,52,40,27,47,41,61,43,43,49,49,33,28,28,59,59,66,66,75,75,60,69,0],"gold":36,"neow_bonus":"THREE_RARE_CARDS","is_prod":false,"is_daily":false,"chose_seed":false,"campfire_upgraded":3,"win_rate":0,"timestamp":1570957759,"path_taken":["M","?","M","?","?","R","E","R","T","?","R","?","?","M","R","BOSS","M","?","M","$","M","E","?","R","T","$","?","R","?","M","R","BOSS"],"build_version":"2019-07-17","purchased_purges":3,"victory":false,"max_hp_per_floor":[72,72,72,72,72,72,72,72,72,67,67,67,67,67,67,67,67,71,71,71,71,74,74,74,74,74,81,81,81,81,84,84,84],"card_choices":[{"not_picked":["Barricade","Dark Embrace"],"picked":"Limit Break","floor":0},{"not_picked":["Pommel Strike","Perfected Strike"],"picked":"Dropkick","floor":1},{"not_picked":["Anger","Infernal Blade","Headbutt"],"picked":"SKIP","floor":3},{"not_picked":["Whirlwind","Body Slam"],"picked":"Spot Weakness","floor":4},{"not_picked":["Thunderclap","Limit Break"],"picked":"Armaments","floor":7},{"not_picked":["Headbutt","Carnage"],"picked":"Rampage","floor":13},{"not_picked":["Wild Strike","Burning Pact","Fire Breathing"],"picked":"SKIP","floor":14},{"not_picked":["Juggernaut","Exhume"],"picked":"Feed","floor":16},{"not_picked":["Havoc","Thunderclap"],"picked":"Sentinel+1","floor":18},{"not_picked":["Clothesline","Cleave"],"picked":"Spot Weakness+1","floor":22},{"not_picked":["Cleave","Twin Strike","Warcry+1"],"picked":"SKIP","floor":23},{"not_picked":["Clash","Combust","Dual Wield"],"picked":"Double Tap","floor":31}],"player_experience":311176,"relics_obtained":[{"floor":2,"key":"Old Coin"},{"floor":7,"key":"Pen Nib"},{"floor":9,"key":"Red Skull"},{"floor":23,"key":"Ancient Tea Set"},{"floor":26,"key":"Question Card"}],"event_choices":[{"damage_healed":0,"gold_gain":0,"player_choice":"Grow","damage_taken":0,"max_hp_gain":0,"max_hp_loss":0,"event_name":"Living Wall","floor":5,"gold_loss":0,"cards_upgraded":["Spot Weakness"]},{"damage_healed":0,"gold_gain":0,"player_choice":"Lose Max HP","damage_taken":0,"relics_obtained":["Golden Idol"],"max_hp_gain":0,"max_hp_loss":5,"event_name":"Golden Idol","floor":10,"gold_loss":0},{"damage_healed":0,"gold_gain":0,"player_choice":"Opened","damage_taken":0,"relics_obtained":["Shuriken"],"max_hp_gain":0,"max_hp_loss":0,"event_name":"The Mausoleum","floor":19,"gold_loss":0},{"damage_healed":0,"gold_gain":0,"player_choice":"Simplicity","damage_taken":0,"max_hp_gain":0,"max_hp_loss":0,"event_name":"Back to Basics","floor":24,"gold_loss":0,"cards_upgraded":["Strike_R","Strike_R","Strike_R","Strike_R","Strike_R","Defend_R","Defend_R","Defend_R"]},{"damage_healed":0,"gold_gain":0,"player_choice":"Stole Relic","damage_taken":0,"relics_obtained":["Bird Faced Urn"],"max_hp_gain":0,"max_hp_loss":0,"event_name":"Addict","floor":28,"gold_loss":0,"cards_obtained":["Shame"]}],"is_beta":false,"boss_relics":[{"not_picked":["Ectoplasm","Pandora\u0027s Box"],"picked":"Eternal Feather"}],"items_purged_floors":[12,21,27],"is_endless":false,"potions_floor_spawned":[7,13,14,16,18,31],"killed_by":"Automaton","ascension_level":7}