{"gold_per_floor":[110,110,110,124,142,161,161,191,191,14,14,42,52,81,81,81],"floor_reached":16,"playtime":674,"items_purged":["Strike_R"],"score":110,"play_id":"f689861b-9337-4b65-9d62-52cd71bb3e79","local_time":"20181021214231","is_ascension_mode":false,"campfire_choices":[{"data":"Whirlwind","floor":7,"key":"SMITH"},{"data":"Rupture","floor":15,"key":"SMITH"}],"neow_cost":"TEN_PERCENT_HP_LOSS","seed_source_timestamp":989769395850573,"circlet_count":0,"master_deck":["Strike_R+1","Strike_R","Strike_R","Defend_R","Defend_R","Defend_R","Defend_R","Bash","Offering","Inflame","Regret","Headbutt","Whirlwind+1","Uppercut","Inflame","True Grit+1","Heavy Blade","Rupture+1"],"relics":["Burning Blood","Toxic Egg 2","Tiny Chest","Regal Pillow","Vajra","Pantograph"],"potions_floor_usage":[],"damage_taken":[{"damage":4,"enemies":"2 Louse","floor":1,"turns":3},{"damage":9,"enemies":"Jaw Worm","floor":4,"turns":3},{"damage":8,"enemies":"Small Slimes","floor":5,"turns":3},{"damage":12,"enemies":"Looter","floor":6,"turns":4},{"damage":11,"enemies":"Gremlin Nob","floor":12,"turns":3},{"damage":0,"enemies":"Lots of Slimes","floor":13,"turns":1},{"damage":24,"enemies":"Lagavulin","floor":14,"turns":7},{"damage":57,"enemies":"Hexaghost","floor":16,"turns":9}],"seed_played":"-3063404831480950629","potions_obtained":[{"floor":4,"key":"Regen Potion"},{"floor":5,"key":"Fire Potion"},{"floor":14,"key":"BloodPotion"}],"is_trial":false,"path_per_floor":["M","?","?","M","M","M","R","T","T","$","?","E","M","E","R"],"character_chosen":"IRONCLAD","items_purchased":["Inflame","True Grit+1"],"campfire_rested":0,"item_purchase_floors":[10,10],"current_hp_per_floor":[72,72,58,55,53,47,47,47,47,47,47,42,48,30,30,0],"gold":81,"neow_bonus":"THREE_RARE_CARDS","is_prod":false,"is_daily":false,"chose_seed":false,"campfire_upgraded":2,"win_rate":0.0,"timestamp":1540172551,"path_taken":["M","?","?","?","M","M","R","?","T","$","?","E","M","E","R","BOSS"],"build_version":"2018-10-18","purchased_purges":1,"victory":false,"max_hp_per_floor":[72,72,72,72,72,72,72,72,72,72,72,72,72,72,72,72],"card_choices":[{"not_picked":["Reaper","Feed"],"picked":"Offering","floor":0},{"not_picked":["Thunderclap","Warcry"],"picked":"Inflame","floor":1},{"not_picked":["Reckless Charge","Clash"],"picked":"Headbutt","floor":4},{"not_picked":["Reckless Charge","Twin Strike"],"picked":"Whirlwind","floor":5},{"not_picked":["Dropkick","Fire Breathing"],"picked":"Uppercut","floor":6},{"not_picked":["Body Slam","Second Wind+1","Clash"],"picked":"SKIP","floor":12},{"not_picked":["Power Through+1","Seeing Red+1"],"picked":"Heavy Blade","floor":13},{"not_picked":["Intimidate+1","True Grit+1"],"picked":"Rupture","floor":14}],"player_experience":39797,"relics_obtained":[{"floor":8,"key":"Tiny Chest"},{"floor":9,"key":"Regal Pillow"},{"floor":12,"key":"Vajra"},{"floor":14,"key":"Pantograph"}],"event_choices":[{"damage_healed":0,"gold_gain":0,"player_choice":"Box","damage_taken":0,"relics_obtained":["Toxic Egg 2"],"max_hp_gain":0,"max_hp_loss":0,"event_name":"Big Fish","floor":2,"gold_loss":0,"cards_obtained":["Regret"]},{"damage_healed":0,"gold_gain":0,"player_choice":"Entered Light","damage_taken":14,"max_hp_gain":0,"max_hp_loss":0,"event_name":"Shining Light","floor":3,"gold_loss":0,"cards_upgraded":["Strike_R","Strike_R"]},{"cards_removed":["Strike_R"],"damage_healed":0,"gold_gain":0,"player_choice":"Offered Basic","damage_taken":0,"max_hp_gain":0,"max_hp_loss":0,"event_name":"Bonfire Elementals","floor":11,"gold_loss":0}],"is_beta":false,"boss_relics":[],"items_purged_floors":[10],"is_endless":false,"potions_floor_spawned":[4,5,14],"killed_by":"Hexaghost","ascension_level":0}