{"gold_per_floor":[114,129,304,304,341,383,26,56,56,86,116,131,146,176,176,276,276,291,306,306,636,114,144,174,204,229,244,129,129,144,174,174,274,274,289,292,292,27,57,87,117,147,172,172,172,52,67,67,67,67],"floor_reached":51,"playtime":3235,"items_purged":[],"score":1345,"play_id":"2365ed49-3e9b-4899-8e17-191b1cb49ede","local_time":"20190310010637","daily_mods":["Cursed Run","Flight","DeadlyEvents"],"is_ascension_mode":false,"campfire_choices":[{"data":"Cleave","floor":15,"key":"SMITH"},{"floor":29,"key":"DIG"},{"floor":32,"key":"DIG"},{"floor":44,"key":"DIG"},{"floor":49,"key":"DIG"}],"neow_cost":"","seed_source_timestamp":0,"circlet_count":0,"master_deck":["Strike_R","Strike_R","Strike_R","Strike_R+1","Defend_R","Defend_R","Defend_R","Cleave+1","Twin Strike","Doubt","Regret","Clumsy","Feed","Inflame","Headbutt","Doubt","Anger","Pummel","Anger","Hemokinesis","Sword Boomerang","Parasite","Double Tap","Reaper+1","Searing Blow+1","Rupture+1","Pummel","Seeing Red+1","Twin Strike","Sword Boomerang","Anger","Infernal Blade","Metallicize","Reaper+1","Writhe","Infernal Blade+1","Blood for Blood+1","Inflame","Pommel Strike+1","Pummel+1","Pain","Demon Form","Injury","Pain","Doubt","Inflame","Thunderclap+1","Regret","Mind Blast+1","Thunderclap+1","Dropkick+1","Thunderclap+1","Dual Wield","Normality","Writhe","Flex+1","Doubt","Parasite"],"special_seed":17965,"relics":["Cursed Key","Darkstone Periapt","Du-Vu Doll","MawBank","Oddly Smooth Stone","Kunai","FossilizedHelix","Question Card","Dream Catcher","Lantern","Strawberry","Art of War","Astrolabe","Shovel","Old Coin","Lee\u0027s Waffle","Blue Candle","Ginger","Matryoshka","PreservedInsect","Molten Egg 2","Blood Vial","Centennial Puzzle","Pantograph","Orichalcum","Calling Bell","Pen Nib","The Courier","Magic Flower","Champion Belt","Happy Flower","Ornamental Fan","Mercury Hourglass","Nunchaku","Sundial","Bag of Preparation","Singing Bowl","Smiling Mask","Potion Belt","Whetstone","Toxic Egg 2"],"potions_floor_usage":[6,8,14,14,18,27,33,33,36,50,50,50],"damage_taken":[{"damage":1,"enemies":"Cultist","floor":1,"turns":3},{"damage":0,"enemies":"Small Slimes","floor":2,"turns":2},{"damage":6,"enemies":"Gremlin Nob","floor":6,"turns":3},{"damage":1,"enemies":"Lagavulin","floor":8,"turns":4},{"damage":0,"enemies":"Gremlin Nob","floor":10,"turns":2},{"damage":4,"enemies":"Lagavulin","floor":11,"turns":4},{"damage":6,"enemies":"2 Louse","floor":12,"turns":3},{"damage":0,"enemies":"Red Slaver","floor":13,"turns":1},{"damage":0,"enemies":"3 Sentries","floor":14,"turns":3},{"damage":8,"enemies":"Slime Boss","floor":16,"turns":6},{"damage":5,"enemies":"Chosen","floor":18,"turns":3},{"damage":10,"enemies":"2 Thieves","floor":19,"turns":3},{"damage":53,"enemies":"Slavers","floor":21,"turns":4},{"damage":37,"enemies":"Book of Stabbing","floor":23,"turns":3},{"damage":13,"enemies":"Slavers","floor":24,"turns":3},{"damage":24,"enemies":"Gremlin Leader","floor":25,"turns":4},{"damage":18,"enemies":"Snecko","floor":27,"turns":3},{"damage":16,"enemies":"Shelled Parasite and Fungi","floor":30,"turns":3},{"damage":21,"enemies":"Slavers","floor":31,"turns":3},{"damage":35,"enemies":"Champ","floor":33,"turns":7},{"damage":29,"enemies":"3 Shapes","floor":35,"turns":2},{"damage":0,"enemies":"2 Orb Walkers","floor":36,"turns":2},{"damage":21,"enemies":"Reptomancer","floor":39,"turns":3},{"damage":7,"enemies":"Giant Head","floor":40,"turns":2},{"damage":1,"enemies":"Reptomancer","floor":41,"turns":1},{"damage":0,"enemies":"Nemesis","floor":42,"turns":1},{"damage":9,"enemies":"Orb Walker","floor":47,"turns":2},{"damage":71,"enemies":"Awakened One","floor":50,"turns":7}],"seed_played":"-4874959885410320619","potions_obtained":[{"floor":2,"key":"SteroidPotion"},{"floor":6,"key":"SkillPotion"},{"floor":10,"key":"Fire Potion"},{"floor":11,"key":"Explosive Potion"},{"floor":13,"key":"Poison Potion"},{"floor":19,"key":"Fire Potion"},{"floor":23,"key":"FairyPotion"},{"floor":25,"key":"Fruit Juice"},{"floor":30,"key":"Swift Potion"},{"floor":31,"key":"PowerPotion"},{"floor":35,"key":"Block Potion"},{"floor":39,"key":"LiquidBronze"},{"floor":40,"key":"Strength Potion"},{"floor":47,"key":"Weak Potion"}],"is_trial":false,"path_per_floor":["M","M","?","?","T","E","$","E","T","E","E","M","M","E","R","B",null,"M","M","?","E","$","E","E","E","T","M","$","R","M","E","R","B",null,"M","?","T","$","E","E","E","E","T","R","?","$","M","T","R","B",null],"character_chosen":"IRONCLAD","items_purchased":["FossilizedHelix","Inflame","Lee\u0027s Waffle","Blue Candle","Sword Boomerang","Anger","Blood for Blood+1","Inflame","Mercury Hourglass","Mind Blast+1","Whetstone"],"campfire_rested":0,"item_purchase_floors":[7,7,22,22,22,22,28,28,38,38,46],"current_hp_per_floor":[79,79,85,91,97,91,91,93,99,99,102,99,99,102,102,100,126,121,114,114,79,139,102,89,81,87,100,100,100,98,117,117,125,180,151,154,160,160,165,166,168,171,177,177,201,201,192,198,198,142],"gold":67,"neow_bonus":"","is_prod":false,"is_daily":true,"chose_seed":false,"campfire_upgraded":1,"win_rate":0,"timestamp":1552179997,"path_taken":["M","?","?","?","?","E","$","?","T","E","?","M","?","E","R","BOSS","M","?","?","?","$","E","E","E","T","M","?","R","?","E","R","BOSS","M","?","?","?","?","E","E","E","T","R","?","$","?","?","R","BOSS"],"build_version":"2019-01-23","purchased_purges":0,"victory":true,"max_hp_per_floor":[80,80,86,92,98,98,98,101,107,107,114,117,117,120,120,126,126,126,129,129,132,139,139,139,139,145,153,153,153,153,156,156,162,180,180,180,186,186,186,189,189,189,195,195,201,201,201,207,207,213],"card_choices":[{"not_picked":["Rampage","Ghostly Armor"],"picked":"Cleave","floor":1},{"not_picked":["Uppercut","True Grit"],"picked":"Twin Strike","floor":2},{"not_picked":["True Grit","Headbutt"],"picked":"Feed","floor":6},{"not_picked":["Intimidate","Clash"],"picked":"Headbutt","floor":8},{"not_picked":["Clash","Shrug It Off","Iron Wave"],"picked":"Anger","floor":10},{"not_picked":["Brutality","True Grit","Spot Weakness"],"picked":"Pummel","floor":11},{"not_picked":["Wild Strike","True Grit","Headbutt"],"picked":"Anger","floor":12},{"not_picked":["Body Slam","Shrug It Off","True Grit"],"picked":"Hemokinesis","floor":13},{"not_picked":["Headbutt","Spot Weakness","Seeing Red"],"picked":"Sword Boomerang","floor":14},{"not_picked":["Berserk","Barricade","Exhume"],"picked":"Double Tap","floor":16},{"not_picked":["Armaments","Wild Strike","Warcry"],"picked":"Pummel","floor":18},{"not_picked":["Anger","Shrug It Off","Warcry"],"picked":"Seeing Red+1","floor":19},{"not_picked":["Dropkick","Havoc","Hemokinesis"],"picked":"Twin Strike","floor":21},{"not_picked":["Body Slam","Rampage","Havoc+1"],"picked":"Infernal Blade","floor":23},{"not_picked":["Warcry","Rage","Entrench"],"picked":"Metallicize","floor":24},{"not_picked":["Carnage","Twin Strike","Flex"],"picked":"Reaper","floor":25},{"not_picked":["True Grit","Power Through+1","Perfected Strike+1"],"picked":"Infernal Blade+1","floor":27},{"not_picked":["Sentinel","Thunderclap+1","Evolve+1"],"picked":"Pommel Strike+1","floor":30},{"not_picked":["Flex+1","Blood for Blood+1","Metallicize"],"picked":"Pummel+1","floor":31},{"not_picked":["Juggernaut","Fiend Fire+1","Dark Embrace"],"picked":"Demon Form","floor":33},{"not_picked":["Twin Strike+1","Evolve+1","Armaments+1"],"picked":"Inflame","floor":35},{"not_picked":["Wild Strike+1","Clothesline+1","Bloodletting"],"picked":"Thunderclap+1","floor":36},{"not_picked":["Cleave+1","Dropkick+1","Body Slam+1"],"picked":"Thunderclap+1","floor":39},{"not_picked":["Brutality","Carnage+1","Blood for Blood+1"],"picked":"Dropkick+1","floor":40},{"not_picked":["Combust","Corruption","Entrench"],"picked":"Thunderclap+1","floor":41},{"not_picked":["Hemokinesis+1","Infernal Blade","Blood for Blood+1"],"picked":"Dual Wield","floor":42},{"not_picked":["Clash+1","Shockwave","True Grit+1"],"picked":"Flex+1","floor":47}],"player_experience":290746,"relics_obtained":[{"floor":5,"key":"Oddly Smooth Stone"},{"floor":6,"key":"Kunai"},{"floor":8,"key":"Question Card"},{"floor":9,"key":"Dream Catcher"},{"floor":10,"key":"Lantern"},{"floor":11,"key":"Strawberry"},{"floor":14,"key":"Art of War"},{"floor":21,"key":"Old Coin"},{"floor":23,"key":"Ginger"},{"floor":24,"key":"Matryoshka"},{"floor":25,"key":"PreservedInsect"},{"floor":26,"key":"Molten Egg 2"},{"floor":26,"key":"Blood Vial"},{"floor":29,"key":"Centennial Puzzle"},{"floor":31,"key":"Pantograph"},{"floor":32,"key":"Orichalcum"},{"floor":34,"key":"Pen Nib"},{"floor":34,"key":"The Courier"},{"floor":34,"key":"Magic Flower"},{"floor":36,"key":"Champion Belt"},{"floor":37,"key":"Happy Flower"},{"floor":37,"key":"Ornamental Fan"},{"floor":39,"key":"Nunchaku"},{"floor":40,"key":"Sundial"},{"floor":41,"key":"Bag of Preparation"},{"floor":42,"key":"Singing Bowl"},{"floor":43,"key":"Smiling Mask"},{"floor":44,"key":"Potion Belt"},{"floor":48,"key":"Toxic Egg 2"}],"event_choices":[{"damage_healed":0,"gold_gain":175,"player_choice":"AGREE","damage_taken":0,"max_hp_gain":0,"max_hp_loss":0,"event_name":"Liars Game","floor":3,"gold_loss":0,"cards_obtained":["Doubt"]},{"damage_healed":0,"gold_gain":0,"player_choice":"Box","damage_taken":0,"relics_obtained":["MawBank"],"max_hp_gain":0,"max_hp_loss":0,"event_name":"Big Fish","floor":4,"gold_loss":0,"cards_obtained":["Regret"]},{"damage_healed":0,"gold_gain":0,"player_choice":"Gave Potion","damage_taken":0,"relics_obtained":["Shovel"],"max_hp_gain":0,"max_hp_loss":0,"event_name":"WeMeetAgain","floor":20,"gold_loss":0},{"damage_healed":0,"gold_gain":0,"player_choice":"Fight","damage_taken":0,"max_hp_gain":0,"max_hp_loss":0,"event_name":"Mysterious Sphere","floor":36,"gold_loss":0},{"damage_healed":49,"gold_gain":0,"player_choice":"Writhe","damage_taken":0,"max_hp_gain":0,"max_hp_loss":0,"event_name":"Winding Halls","floor":45,"gold_loss":0,"cards_obtained":["Writhe"]}],"is_beta":false,"boss_relics":[{"not_picked":["Runic Pyramid","Lizard Tail"],"picked":"Astrolabe"},{"not_picked":["Philosopher\u0027s Stone","Black Star"],"picked":"Calling Bell"}],"items_purged_floors":[],"is_endless":false,"potions_floor_spawned":[2,6,10,11,13,19,23,25,30,31,35,39,40,47],"ascension_level":0}