{"gold_per_floor":[112,112,59,86,106,140,140,12,35,35,45,63,63,78,78,150,150,167,167,92,107,125,125,37,37,37,57,73,73,87,105,105,105],"floor_reached":33,"playtime":1119,"items_purged":["Strike_G"],"score":598,"play_id":"8214eac0-a20e-429b-8b10-9a3cef5e6bf6","local_time":"20190629095739","is_ascension_mode":true,"campfire_choices":[{"data":"Noxious Fumes","floor":7.0,"key":"SMITH"},{"data":"Bouncing Flask","floor":10.0,"key":"SMITH"},{"data":"Catalyst","floor":13.0,"key":"SMITH"},{"data":"Deadly Poison","floor":15.0,"key":"SMITH"},{"data":"Malaise","floor":23.0,"key":"SMITH"},{"data":"Well Laid Plans","floor":25.0,"key":"SMITH"},{"data":"Catalyst","floor":29.0,"key":"SMITH"},{"data":"Leg Sweep","floor":32.0,"key":"SMITH"}],"neow_cost":"NONE","seed_source_timestamp":823029160308100,"circlet_count":0,"master_deck":["AscendersBane","Defend_G","Defend_G","Defend_G","Defend_G","Defend_G","Strike_G","Strike_G","Strike_G","Survivor","Neutralize","Noxious Fumes+1","Deadly Poison+1","Prepared","Leg Sweep+1","Bouncing Flask+1","Crippling Poison","Catalyst+1","Poisoned Stab","Malaise+1","Escape Plan","Backstab","Escape Plan","Well Laid Plans+1","Catalyst+1","Heel Hook"],"special_seed":0,"relics":["Ring of the Snake","NeowsBlessing","Potion Belt","Calipers","Snake Skull","White Beast Statue","Mummified Hand"],"potions_floor_usage":[33],"damage_taken":[{"damage":0.0,"enemies":"Jaw Worm","floor":1.0,"turns":1.0},{"damage":0.0,"enemies":"Small Slimes","floor":5.0,"turns":1.0},{"damage":0.0,"enemies":"Gremlin Nob","floor":6.0,"turns":1.0},{"damage":0.0,"enemies":"Cultist","floor":11.0,"turns":3.0},{"damage":1.0,"enemies":"Blue Slaver","floor":12.0,"turns":3.0},{"damage":3.0,"enemies":"2 Fungi Beasts","floor":14.0,"turns":3.0},{"damage":25.0,"enemies":"The Guardian","floor":16.0,"turns":6.0},{"damage":0.0,"enemies":"Chosen","floor":18.0,"turns":3.0},{"damage":0.0,"enemies":"Spheric Guardian","floor":21.0,"turns":3.0},{"damage":9.0,"enemies":"Centurion and Healer","floor":22.0,"turns":4.0},{"damage":3.0,"enemies":"Snake Plant","floor":27.0,"turns":3.0},{"damage":15.0,"enemies":"Shelled Parasite and Fungi","floor":28.0,"turns":4.0},{"damage":0.0,"enemies":"Snecko","floor":30.0,"turns":3.0},{"damage":12.0,"enemies":"Chosen and Byrds","floor":31.0,"turns":4.0},{"damage":24,"enemies":"Collector","floor":33,"turns":2}],"seed_played":"-4574585778410113459","potions_obtained":[{"floor":1.0,"key":"Fire Potion"},{"floor":12.0,"key":"SteroidPotion"},{"floor":14.0,"key":"Weak Potion"},{"floor":18.0,"key":"Fire Potion"},{"floor":21.0,"key":"Ancient Potion"},{"floor":27.0,"key":"Explosive Potion"},{"floor":28.0,"key":"Block Potion"},{"floor":30.0,"key":"SteroidPotion"},{"floor":31.0,"key":"Explosive Potion"}],"is_trial":false,"path_per_floor":["M","?","$","T","M","E","R","$","T","R","M","M","R","M","R","B",null,"M","?","$","M","M","R","$","R","T","M","M","R","M","M","R","B"],"character_chosen":"THE_SILENT","items_purchased":["Deadly Poison","Bouncing Flask","Crippling Poison","Well Laid Plans"],"campfire_rested":0,"item_purchase_floors":[3,8,8,24],"current_hp_per_floor":[59,52,52,52,52,52,52,52,52,52,52,51,51,48,48,23,55,55,55,55,55,46,46,46,46,46,43,28,28,28,16,16,0],"gold":105,"neow_bonus":"THREE_ENEMY_KILL","is_prod":false,"is_daily":false,"chose_seed":false,"campfire_upgraded":8,"win_rate":0,"timestamp":1561769859,"path_taken":["M","?","?","?","M","E","R","$","T","R","M","M","R","M","R","BOSS","M","?","$","M","M","R","$","R","T","M","M","R","M","M","R","BOSS"],"build_version":"2019-01-23","purchased_purges":1,"victory":false,"max_hp_per_floor":[66,66,66,66,66,66,66,66,66,66,66,66,66,66,66,66,66,66,66,66,66,66,66,66,66,66,66,66,66,66,66,66,66],"card_choices":[{"not_picked":["Accuracy","Dagger Throw"],"picked":"Noxious Fumes","floor":1.0},{"not_picked":["Expertise","Underhanded Strike"],"picked":"Prepared","floor":5.0},{"not_picked":["Riddle With Holes","Caltrops"],"picked":"Leg Sweep","floor":6.0},{"not_picked":["Infinite Blades","Dagger Throw"],"picked":"Catalyst","floor":11.0},{"not_picked":["Quick Slash","Outmaneuver","Distraction"],"picked":"SKIP","floor":12.0},{"not_picked":["Dagger Spray","Deflect"],"picked":"Poisoned Stab","floor":14.0},{"not_picked":["Tools of the Trade","Night Terror"],"picked":"Malaise","floor":16.0},{"not_picked":["Eviscerate","Blade Dance"],"picked":"Escape Plan","floor":18.0},{"not_picked":["Eviscerate","Slice"],"picked":"Backstab","floor":21.0},{"not_picked":["Prepared","Dash"],"picked":"Escape Plan","floor":22.0},{"not_picked":["Slice","Blade Dance"],"picked":"Catalyst","floor":27.0},{"not_picked":["Quick Slash+1","Terror"],"picked":"Heel Hook","floor":28.0},{"not_picked":["Poisoned Stab","Slice","Deadly Poison"],"picked":"SKIP","floor":30.0},{"not_picked":["Terror+1","Sucker Punch","Underhanded Strike"],"picked":"SKIP","floor":31.0}],"player_experience":1041128,"relics_obtained":[{"floor":4.0,"key":"Potion Belt"},{"floor":6.0,"key":"Calipers"},{"floor":9.0,"key":"Snake Skull"},{"floor":26.0,"key":"Mummified Hand"}],"event_choices":[{"cards_removed":["Strike_G"],"damage_healed":0.0,"max_hp_gain":0.0,"max_hp_loss":0.0,"gold_gain":0.0,"event_name":"Golden Wing","player_choice":"Card Removal","floor":2.0,"gold_loss":0.0,"damage_taken":7.0},{"damage_healed":0.0,"max_hp_gain":0.0,"max_hp_loss":0.0,"gold_gain":0.0,"event_name":"Vampires","player_choice":"Ignored","floor":19.0,"gold_loss":0.0,"damage_taken":0.0}],"is_beta":false,"boss_relics":[{"not_picked":["Black Star","Velvet Choker"],"picked":"White Beast Statue"}],"items_purged_floors":[20],"is_endless":false,"potions_floor_spawned":[1,12,14,18,21,22,27,28,30,31],"killed_by":"Collector","ascension_level":20}