{"gold_per_floor":[109,119,135,145,23,57,57,71,71,71,21,46,56,56],"floor_reached":14,"playtime":669,"items_purged":["Strike_R","Strike_R"],"score":112,"play_id":"a483f873-b744-4898-82eb-5abc52b51f41","local_time":"20181109113628","is_ascension_mode":true,"campfire_choices":[{"data":"Body Slam","floor":7,"key":"SMITH"},{"data":"Entrench","floor":10,"key":"SMITH"}],"neow_cost":"NONE","seed_source_timestamp":2598650919470018,"circlet_count":0,"master_deck":["Strike_R","Strike_R","Strike_R","Defend_R","Defend_R","Defend_R","Defend_R","Bash","Body Slam+1","Iron Wave","Entrench+1","Spot Weakness","Cleave","True Grit","Reaper"],"relics":["Burning Blood","Smiling Mask","Dodecahedron","Bird Faced Urn"],"potions_floor_usage":[14],"damage_taken":[{"damage":15,"enemies":"Small Slimes","floor":1,"turns":6},{"damage":1,"enemies":"Cultist","floor":2,"turns":4},{"damage":4,"enemies":"Jaw Worm","floor":3,"turns":6},{"damage":12,"enemies":"3 Louse","floor":4,"turns":5},{"damage":39,"enemies":"Lagavulin","floor":6,"turns":9},{"damage":1,"enemies":"Exordium Wildlife","floor":8,"turns":3},{"damage":8,"enemies":"3 Sentries","floor":12,"turns":7},{"damage":26,"enemies":"Exordium Thugs","floor":13,"turns":5},{"damage":46,"enemies":"Lagavulin","floor":14,"turns":9}],"seed_played":"-7163415644634129672","potions_obtained":[{"floor":2,"key":"Ancient Potion"},{"floor":3,"key":"SteroidPotion"},{"floor":8,"key":"LiquidBronze"}],"is_trial":false,"path_per_floor":["M","M","M","M","$","E","R","M","T","R","$","E","M","E"],"character_chosen":"IRONCLAD","items_purchased":["True Grit"],"campfire_rested":0,"item_purchase_floors":[5],"current_hp_per_floor":[71,76,78,72,72,39,39,44,44,44,44,42,32,0],"gold":56,"neow_bonus":"THREE_CARDS","is_prod":false,"is_daily":false,"chose_seed":false,"campfire_upgraded":2,"win_rate":0,"timestamp":1541781388,"path_taken":["M","M","M","M","$","E","R","M","T","R","$","E","M","E"],"build_version":"2018-11-08","purchased_purges":2,"victory":false,"max_hp_per_floor":[80,80,80,80,80,80,80,80,80,80,80,80,80,80],"card_choices":[{"not_picked":["Perfected Strike","Intimidate"],"picked":"Body Slam","floor":0},{"not_picked":["Twin Strike","Rupture"],"picked":"Iron Wave","floor":1},{"not_picked":["Body Slam","Heavy Blade"],"picked":"Entrench","floor":2},{"not_picked":["Perfected Strike","Carnage"],"picked":"Spot Weakness","floor":3},{"not_picked":["Anger","True Grit"],"picked":"Cleave","floor":4},{"not_picked":["Fire Breathing","Perfected Strike","Clothesline"],"picked":"SKIP","floor":6},{"not_picked":["Shockwave","Perfected Strike","Pommel Strike"],"picked":"SKIP","floor":8},{"not_picked":["Evolve","Warcry"],"picked":"Reaper","floor":12},{"not_picked":["Searing Blow","Clothesline","Intimidate"],"picked":"SKIP","floor":13}],"player_experience":135168,"relics_obtained":[{"floor":6,"key":"Smiling Mask"},{"floor":9,"key":"Dodecahedron"},{"floor":12,"key":"Bird Faced Urn"}],"event_choices":[],"is_beta":false,"boss_relics":[],"items_purged_floors":[5,11],"is_endless":false,"potions_floor_spawned":[2,3,8],"killed_by":"Lagavulin","ascension_level":2}