{"gold_per_floor":[116,116,116,116,126,161,161,174,228,53,3,3,30,60,60,165,165,182,182,182,182,199,231,130,130,155,8,43,20,39,66,66,170,170,181,181,192,192],"floor_reached":38,"playtime":3898,"items_purged":[],"score":462,"play_id":"e07058d6-aaf4-4b8e-a1b4-2b656b503419","local_time":"20190216124727","is_ascension_mode":true,"campfire_choices":[{"floor":7,"key":"REST"},{"data":"Iron Wave","floor":15,"key":"SMITH"},{"floor":25,"key":"REST"},{"data":"Barricade","floor":32,"key":"SMITH"}],"neow_cost":"NONE","seed_source_timestamp":696511185822800,"circlet_count":0,"master_deck":["Strike_R+1","Strike_R+1","Strike_R+1","Strike_R+1","Strike_R+1","Defend_R+1","Defend_R+1","Defend_R+1","Defend_R+1","Juggernaut+1","Anger","Iron Wave+1","Cleave","Reaper","Shrug It Off","Blood for Blood","Barricade+1","True Grit+1","Necronomicurse","Entrench+1","True Grit+1","Metallicize","Shrug It Off","Good Instincts","Armaments","Rage","Iron Wave","Sentinel","Pommel Strike","Feed","Body Slam+1","Pummel"],"relics":["Burning Blood","Happy Flower","Tiny Chest","Bag of Preparation","Gremlin Horn","Dodecahedron","Eternal Feather","MutagenicStrength","Necronomicon","PreservedInsect","Art of War","Frozen Egg 2","Red Mask","Philosopher\u0027s Stone","NlothsMask"],"potions_floor_usage":[16,16,22,23,33,38],"damage_taken":[{"damage":3,"enemies":"Small Slimes","floor":1,"turns":4},{"damage":9,"enemies":"2 Louse","floor":5,"turns":3},{"damage":30,"enemies":"Lagavulin","floor":6,"turns":6},{"damage":6,"enemies":"Jaw Worm","floor":8,"turns":3},{"damage":17,"enemies":"3 Sentries","floor":13,"turns":5},{"damage":26,"enemies":"Hexaghost","floor":16,"turns":7},{"damage":12,"enemies":"Spheric Guardian","floor":18,"turns":4},{"damage":6,"enemies":"Chosen","floor":22,"turns":5},{"damage":68,"enemies":"Book of Stabbing","floor":23,"turns":8},{"damage":4,"enemies":"Gremlin Leader","floor":28,"turns":5},{"damage":9,"enemies":"Centurion and Healer","floor":30,"turns":7},{"damage":3,"enemies":"Masked Bandits","floor":31,"turns":4},{"damage":10,"enemies":"Automaton","floor":33,"turns":15},{"damage":75,"enemies":"3 Darklings","floor":35,"turns":7},{"damage":0,"enemies":"Orb Walker","floor":37,"turns":3},{"damage":63,"enemies":"Transient","floor":38,"turns":5}],"seed_played":"7694340303735810487","potions_obtained":[{"floor":5,"key":"SteroidPotion"},{"floor":6,"key":"SkillPotion"},{"floor":16,"key":"Weak Potion"},{"floor":22,"key":"SpeedPotion"},{"floor":31,"key":"Strength Potion"},{"floor":37,"key":"Poison Potion"}],"is_trial":false,"path_per_floor":["M","?","?","?","M","E","R","M","T","$","?","$","E","?","R","B",null,"M","?","?","?","M","E","$","R","T","$","E","$","M","?","R","B",null,"M","?","M","M"],"character_chosen":"IRONCLAD","items_purchased":["Shrug It Off","Bag of Preparation","Metallicize","Shrug It Off","Good Instincts","Armaments","Iron Wave"],"campfire_rested":2,"item_purchase_floors":[10,10,24,24,27,27,29],"current_hp_per_floor":[80,80,85,85,82,58,83,83,83,83,83,83,72,72,72,52,85,79,79,79,63,71,17,17,54,54,54,85,85,85,85,85,84,85,40,40,46,0],"gold":192,"neow_bonus":"ONE_RANDOM_RARE_CARD","is_prod":false,"is_daily":false,"chose_seed":false,"campfire_upgraded":2,"win_rate":0,"timestamp":1550321247,"path_taken":["M","?","?","?","?","E","R","M","T","?","?","?","E","?","R","BOSS","M","?","?","?","?","E","$","R","T","$","E","?","M","?","R","BOSS","M","?","M","?"],"build_version":"2019-01-23","purchased_purges":0,"victory":false,"max_hp_per_floor":[80,80,85,85,85,85,85,85,85,85,85,85,85,85,85,85,85,85,85,85,85,85,85,85,85,85,85,85,85,85,85,85,85,85,85,85,85,85],"card_choices":[{"not_picked":["Flex","Shockwave"],"picked":"Anger","floor":1},{"not_picked":["Cleave","Headbutt"],"picked":"Iron Wave","floor":5},{"not_picked":["Entrench","Clash"],"picked":"Cleave","floor":6},{"not_picked":["Wild Strike","Reckless Charge"],"picked":"Reaper","floor":8},{"not_picked":["Twin Strike","Second Wind"],"picked":"Blood for Blood","floor":13},{"not_picked":["Offering","Exhume"],"picked":"Barricade","floor":16},{"not_picked":["Perfected Strike","Headbutt"],"picked":"True Grit+1","floor":18},{"not_picked":["True Grit","Inflame+1"],"picked":"Entrench+1","floor":22},{"not_picked":["Havoc","Heavy Blade"],"picked":"True Grit+1","floor":23},{"not_picked":["Anger+1","Heavy Blade"],"picked":"Rage","floor":28},{"not_picked":["Dark Embrace+1","Perfected Strike+1"],"picked":"Sentinel","floor":30},{"not_picked":["Second Wind+1","Anger"],"picked":"Pommel Strike","floor":31},{"not_picked":["Bludgeon","Dark Embrace+1"],"picked":"Feed","floor":33},{"not_picked":["True Grit","Entrench"],"picked":"Body Slam+1","floor":35},{"not_picked":["Heavy Blade+1","Uppercut+1"],"picked":"Pummel","floor":37}],"player_experience":100828,"relics_obtained":[{"floor":6,"key":"Happy Flower"},{"floor":9,"key":"Tiny Chest"},{"floor":13,"key":"Gremlin Horn"},{"floor":21,"key":"Necronomicon"},{"floor":23,"key":"PreservedInsect"},{"floor":26,"key":"Art of War"},{"floor":28,"key":"Frozen Egg 2"},{"floor":31,"key":"Red Mask"}],"event_choices":[{"damage_healed":0,"gold_gain":0,"player_choice":"Ignored","damage_taken":0,"max_hp_gain":0,"max_hp_loss":0,"event_name":"Golden Wing","floor":2,"gold_loss":0},{"damage_healed":0,"gold_gain":0,"player_choice":"Donut","damage_taken":0,"max_hp_gain":5,"max_hp_loss":0,"event_name":"Big Fish","floor":3,"gold_loss":0},{"damage_healed":0,"gold_gain":0,"player_choice":"Grow","damage_taken":0,"max_hp_gain":0,"max_hp_loss":0,"event_name":"Living Wall","floor":4,"gold_loss":0,"cards_upgraded":["Juggernaut"]},{"cards_removed":["Bash"],"damage_healed":0,"gold_gain":0,"player_choice":"Card Removal","damage_taken":0,"max_hp_gain":0,"max_hp_loss":0,"event_name":"The Cleric","floor":11,"gold_loss":50},{"damage_healed":0,"gold_gain":30,"player_choice":"Searched \u00273\u0027 times","damage_taken":0,"relics_obtained":["Dodecahedron"],"max_hp_gain":0,"max_hp_loss":0,"event_name":"Dead Adventurer","floor":14,"gold_loss":0},{"damage_healed":0,"gold_gain":0,"player_choice":"Inject Mutagens","damage_taken":0,"relics_obtained":["MutagenicStrength"],"max_hp_gain":0,"max_hp_loss":0,"event_name":"Drug Dealer","floor":19,"gold_loss":0},{"damage_healed":0,"gold_gain":0,"player_choice":"Simplicity","damage_taken":0,"max_hp_gain":0,"max_hp_loss":0,"event_name":"Back to Basics","floor":20,"gold_loss":0,"cards_upgraded":["Strike_R","Strike_R","Strike_R","Strike_R","Strike_R","Defend_R","Defend_R","Defend_R","Defend_R"]},{"damage_healed":0,"gold_gain":0,"player_choice":"Obtained Book","damage_taken":16,"max_hp_gain":0,"max_hp_loss":0,"event_name":"Cursed Tome","floor":21,"gold_loss":0},{"damage_healed":0,"gold_gain":0,"player_choice":"Fought Bandits","damage_taken":0,"max_hp_gain":0,"max_hp_loss":0,"event_name":"Masked Bandits","floor":31,"gold_loss":0},{"damage_healed":0,"gold_gain":0,"player_choice":"Trade","damage_taken":0,"relics_obtained":["NlothsMask"],"max_hp_gain":0,"max_hp_loss":0,"event_name":"FaceTrader","floor":36,"gold_loss":0}],"is_beta":false,"boss_relics":[{"not_picked":["Pandora\u0027s Box","Mark of Pain"],"picked":"Eternal Feather"},{"not_picked":["Lizard Tail","Astrolabe"],"picked":"Philosopher\u0027s Stone"}],"items_purged_floors":[],"is_endless":false,"potions_floor_spawned":[5,6,16,22,31,37],"killed_by":"Transient","ascension_level":1}