{"gold_per_floor":[116,216,232,232,249,277,277,306,351,44,44,58,58,74,74,176,176,195,118,129,129,129,129,154,166,178,220,246,258,290,317,329,436,448,480,492,504,564,592,617,23,41,41,15,35,48,48,48],"floor_reached":48,"playtime":3346,"items_purged":[],"score":628,"play_id":"28fc9281-fac3-4c63-9bd4-2408ccd628dd","local_time":"20181202205814","is_ascension_mode":true,"campfire_choices":[{"floor":7.0,"key":"REST"},{"floor":11.0,"key":"REST"},{"data":"Footwork","floor":13.0,"key":"SMITH"},{"data":"Dodge and Roll","floor":15.0,"key":"SMITH"},{"data":"Blade Dance","floor":23.0,"key":"SMITH"},{"floor":25,"key":"REST"},{"floor":29,"key":"REST"},{"floor":32,"key":"REST"},{"data":"Footwork","floor":47,"key":"SMITH"}],"neow_cost":"NONE","seed_source_timestamp":0,"circlet_count":0,"master_deck":["Survivor","Neutralize","Expertise","Poisoned Stab","Cloak And Dagger","Dodge and Roll+1","Dash","Footwork+1","Infinite Blades","Calculated Gamble","Night Terror","Flying Knee","Dodge and Roll","Dagger Throw","Poisoned Stab","Blur","Leg Sweep","Flechettes","Dodge and Roll","Footwork+1","Deflect+1","Noxious Fumes","Crippling Poison+1","Blade Dance+1","Deadly Poison","PiercingWail+1","Cloak And Dagger","Terror+1","Deflect","Bullet Time","Madness","Madness","Calculated Gamble+1","Dodge and Roll+1","Caltrops","PiercingWail","Catalyst+1","Accuracy+1"],"special_seed":0,"relics":["Ring of the Snake","Letter Opener","Regal Pillow","Bag of Marbles","Kunai","Pandora\u0027s Box","Bottled Flame","MawBank","Juzu Bracelet","Ornamental Fan","Coffee Dripper","Tingsha","Sling","Ancient Tea Set","Question Card"],"potions_floor_usage":[28,38,38,41,42,42],"damage_taken":[{"damage":2.0,"enemies":"Small Slimes","floor":1.0,"turns":4.0},{"damage":0.0,"enemies":"Cultist","floor":3.0,"turns":4.0},{"damage":4.0,"enemies":"2 Louse","floor":5.0,"turns":3.0},{"damage":43.0,"enemies":"Gremlin Nob","floor":6.0,"turns":6.0},{"damage":35.0,"enemies":"Lagavulin","floor":8.0,"turns":10.0},{"damage":18.0,"enemies":"Exordium Thugs","floor":12.0,"turns":6.0},{"damage":8.0,"enemies":"Gremlin Gang","floor":14.0,"turns":6.0},{"damage":20.0,"enemies":"Slime Boss","floor":16.0,"turns":16.0},{"damage":7.0,"enemies":"Chosen","floor":18.0,"turns":8.0},{"damage":4.0,"enemies":"Shell Parasite","floor":20.0,"turns":8.0},{"damage":61.0,"enemies":"Slavers","floor":24.0,"turns":6.0},{"damage":23,"enemies":"Gremlin Leader","floor":27,"turns":8},{"damage":18,"enemies":"Shelled Parasite and Fungi","floor":28,"turns":8},{"damage":4,"enemies":"Sentry and Sphere","floor":30,"turns":5},{"damage":20,"enemies":"Snake Plant","floor":31,"turns":6},{"damage":46,"enemies":"Champ","floor":33,"turns":22},{"damage":4,"enemies":"3 Shapes","floor":35,"turns":6},{"damage":37,"enemies":"2 Orb Walkers","floor":38,"turns":7},{"damage":13,"enemies":"3 Darklings","floor":39,"turns":5},{"damage":22,"enemies":"Transient","floor":40,"turns":5},{"damage":26,"enemies":"Jaw Worm Horde","floor":42,"turns":6},{"damage":9,"enemies":"3 Darklings","floor":45,"turns":5},{"damage":4,"enemies":"Transient","floor":46,"turns":5},{"damage":6,"enemies":"Writhing Mass","floor":48,"turns":2}],"seed_played":"7246064010575124346","potions_obtained":[{"floor":3.0,"key":"FairyPotion"},{"floor":6.0,"key":"Weak Potion"},{"floor":12.0,"key":"Fire Potion"},{"floor":16.0,"key":"Regen Potion"},{"floor":27,"key":"PowerPotion"},{"floor":28,"key":"SmokeBomb"},{"floor":30,"key":"GhostInAJar"},{"floor":31,"key":"Regen Potion"},{"floor":38,"key":"Regen Potion"},{"floor":40,"key":"Energy Potion"}],"is_trial":false,"path_per_floor":["M","?","M","?","M","E","R","E","T","$","R","M","R","M","R","B",null,"M","$","M","?","T","R","E","R","T","E","M","R","M","M","R","B",null,"M","?","?","?","M","M","$","M","T","$","M","M","R","M"],"character_chosen":"THE_SILENT","items_purchased":["Kunai","Footwork","Noxious Fumes","Caltrops","Sling","Fruit Juice","EssenceOfSteel","Ancient Tea Set","PiercingWail"],"campfire_rested":5,"item_purchase_floors":[10,10,19,41,41,41,41,41,44],"current_hp_per_floor":[68,68,68,73,69,26,48,13,13,13,50,32,32,24,24,4,75,68,68,64,64,64,64,18,55,55,32,14,51,47,27,64,18,75,71,62,62,40,27,5,10,15,15,15,6,2,2,0],"gold":48,"neow_bonus":"TRANSFORM_CARD","is_prod":false,"is_daily":false,"chose_seed":false,"campfire_upgraded":4,"win_rate":0,"timestamp":1543802294,"path_taken":["M","?","?","?","M","E","R","E","T","?","R","M","R","M","R","BOSS","M","$","?","?","?","R","E","R","T","E","M","R","M","M","R","BOSS","M","?","?","?","M","M","$","M","T","?","M","M","R","M"],"build_version":"2018-11-15","purchased_purges":0,"victory":false,"max_hp_per_floor":[70,70,70,75,75,75,75,75,75,75,75,75,75,75,75,75,75,75,75,75,75,75,75,75,75,75,75,75,75,75,75,75,75,75,75,75,75,75,75,75,80,80,80,80,80,80,80,80],"card_choices":[{"not_picked":["Bane","Dodge and Roll"],"picked":"Poisoned Stab","floor":1.0},{"not_picked":["Reflex","PiercingWail"],"picked":"Cloak And Dagger","floor":3.0},{"not_picked":["Riddle With Holes","Tactician"],"picked":"Dodge and Roll","floor":5.0},{"not_picked":["Tactician","Envenom"],"picked":"Sucker Punch","floor":6.0},{"not_picked":["Dagger Throw","Poisoned Stab"],"picked":"Dash","floor":8.0},{"not_picked":["Grand Finale","Cloak And Dagger"],"picked":"Infinite Blades","floor":12.0},{"not_picked":["Flying Knee","Deflect"],"picked":"Calculated Gamble","floor":14.0},{"not_picked":["Malaise","Bullet Time"],"picked":"Night Terror","floor":16.0},{"not_picked":["Cloak And Dagger","Bane"],"picked":"Deflect+1","floor":18.0},{"not_picked":["Deflect+1","Sucker Punch"],"picked":"Crippling Poison+1","floor":20.0},{"not_picked":["Storm of Steel","Acrobatics"],"picked":"Deadly Poison","floor":24.0},{"not_picked":["Heel Hook","Setup"],"picked":"PiercingWail+1","floor":27},{"not_picked":["Prepared","Bane+1"],"picked":"Cloak And Dagger","floor":28},{"not_picked":["Sucker Punch","Crippling Poison"],"picked":"Terror+1","floor":30},{"not_picked":["Backflip","Calculated Gamble"],"picked":"Deflect","floor":31},{"not_picked":["Night Terror","Unload"],"picked":"Bullet Time","floor":33},{"not_picked":["Flechettes","Dagger Spray","Bane+1"],"picked":"SKIP","floor":35},{"not_picked":["Expertise+1","Poisoned Stab+1"],"picked":"Calculated Gamble+1","floor":38},{"not_picked":["Bane","Acrobatics+1"],"picked":"Dodge and Roll+1","floor":39},{"not_picked":["Calculated Gamble","Deflect","Sucker Punch+1"],"picked":"SKIP","floor":40},{"not_picked":["Deflect","Eviscerate","Cloak And Dagger+1"],"picked":"SKIP","floor":42},{"not_picked":["Deadly Poison+1","Storm of Steel","Dash"],"picked":"Catalyst+1","floor":45},{"not_picked":["Well Laid Plans","Catalyst+1","Underhanded Strike"],"picked":"Accuracy+1","floor":46}],"player_experience":191872,"relics_obtained":[{"floor":6.0,"key":"Letter Opener"},{"floor":8.0,"key":"Regal Pillow"},{"floor":9.0,"key":"Bag of Marbles"},{"floor":22.0,"key":"Bottled Flame"},{"floor":24.0,"key":"MawBank"},{"floor":26,"key":"Juzu Bracelet"},{"floor":27,"key":"Ornamental Fan"},{"floor":38,"key":"Tingsha"},{"floor":43,"key":"Question Card"}],"event_choices":[{"damage_healed":0.0,"max_hp_gain":0.0,"max_hp_loss":0.0,"gold_gain":100.0,"event_name":"Golden Shrine","player_choice":"Pray","floor":2.0,"gold_loss":0.0,"damage_taken":0.0},{"damage_healed":0.0,"max_hp_gain":5.0,"max_hp_loss":0.0,"gold_gain":0.0,"event_name":"Big Fish","player_choice":"Donut","floor":4.0,"gold_loss":0.0,"damage_taken":0.0},{"damage_healed":0.0,"max_hp_gain":0.0,"max_hp_loss":0.0,"gold_gain":0.0,"event_name":"The Library","player_choice":"Read","floor":21.0,"gold_loss":0.0,"damage_taken":0.0,"cards_obtained":["Blade Dance"]},{"damage_healed":0,"gold_gain":0,"player_choice":"Embrace Madness","damage_taken":9,"max_hp_gain":0,"max_hp_loss":0,"event_name":"Winding Halls","floor":36,"gold_loss":0,"cards_obtained":["Madness","Madness"]},{"cards_removed":["Sucker Punch"],"damage_healed":0,"gold_gain":0,"player_choice":"Removed Attack","damage_taken":0,"max_hp_gain":0,"max_hp_loss":0,"event_name":"Falling","floor":37,"gold_loss":0},{"damage_healed":0,"gold_gain":0,"player_choice":"Fight","damage_taken":0,"max_hp_gain":0,"max_hp_loss":0,"event_name":"Mysterious Sphere","floor":38,"gold_loss":0}],"is_beta":false,"boss_relics":[{"not_picked":["Philosopher\u0027s Stone","Runic Dome"],"picked":"Pandora\u0027s Box"},{"not_picked":["Ring of the Serpent","Astrolabe"],"picked":"Coffee Dripper"}],"items_purged_floors":[],"is_endless":false,"potions_floor_spawned":[3,6,12,16,27,28,30,31,38,40],"killed_by":"Writhing Mass","ascension_level":4}