{"gold_per_floor":[114,129,144,159,174,204,12,27,27,42,57,72,24,39,39,139,189,204,219,234,249,264,264,264,324,349,364,379,0,30,45,45,145,145,160,187,214,241,3,33,33,63,63,78,93,108,108,2,2,2],"floor_reached":51,"playtime":4643,"items_purged":[],"score":915,"play_id":"1974ebf9-8ddb-4af3-9533-efffb1ef40d2","local_time":"20190304222050","daily_mods":["Allstar","Vintage","Night Terrors"],"is_ascension_mode":false,"campfire_choices":[{"data":"Jack Of All Trades","floor":15,"key":"SMITH"},{"data":"Juggernaut","floor":23,"key":"SMITH"},{"data":"Anger","floor":32,"key":"SMITH"},{"data":"Bandage Up","floor":41,"key":"SMITH"},{"data":"The Bomb","floor":47,"key":"SMITH"},{"data":"Bash","floor":49,"key":"SMITH"}],"neow_cost":"","seed_source_timestamp":0,"circlet_count":0,"master_deck":["Strike_R","Strike_R","Strike_R+1","Strike_R","Strike_R","Defend_R","Defend_R","Defend_R","Defend_R","Bash+1","The Bomb+1","Bandage Up+1","PanicButton","Thinking Ahead","Jack Of All Trades+1","Rage+1","Metamorphosis+1","Shrug It Off+1","Juggernaut+1","Anger+1","Spot Weakness+1","Finesse+1","Anger+1","Body Slam+1","Reaper+1","Inflame+1","Double Tap+1","Deep Breath+1","Twin Strike+1"],"special_seed":17959,"relics":["Burning Blood","Toxic Egg 2","Orichalcum","Juzu Bracelet","Singing Bowl","Mercury Hourglass","Bag of Marbles","Strawberry","Meat on the Bone","Bag of Preparation","Boot","Anchor","Lantern","Tiny House","Oddly Smooth Stone","Omamori","Potion Belt","Vajra","Happy Flower","Tiny Chest","Dream Catcher","PreservedInsect","Molten Egg 2","Bottled Flame","Dead Branch","Centennial Puzzle","White Beast Statue","MawBank","Turnip","Kunai","Mango","Paper Frog","Matryoshka","Darkstone Periapt","Sundial","Bird Faced Urn","Letter Opener","Question Card","Pear"],"potions_floor_usage":[6,11,12,14,18,21,22,25,28,40,42,42,45,50,50,50,50,50],"damage_taken":[{"damage":8,"enemies":"Small Slimes","floor":1,"turns":4},{"damage":1,"enemies":"Cultist","floor":2,"turns":4},{"damage":3,"enemies":"Jaw Worm","floor":3,"turns":5},{"damage":5,"enemies":"Looter","floor":4,"turns":4},{"damage":11,"enemies":"Large Slime","floor":5,"turns":4},{"damage":10,"enemies":"3 Sentries","floor":6,"turns":5},{"damage":5,"enemies":"Lots of Slimes","floor":8,"turns":3},{"damage":6,"enemies":"3 Louse","floor":10,"turns":3},{"damage":2,"enemies":"Exordium Thugs","floor":11,"turns":3},{"damage":8,"enemies":"Blue Slaver","floor":12,"turns":3},{"damage":2,"enemies":"Gremlin Gang","floor":14,"turns":2},{"damage":19,"enemies":"The Guardian","floor":16,"turns":5},{"damage":3,"enemies":"Shell Parasite","floor":18,"turns":4},{"damage":4,"enemies":"2 Thieves","floor":19,"turns":3},{"damage":0,"enemies":"Centurion and Healer","floor":20,"turns":4},{"damage":12,"enemies":"3 Cultists","floor":21,"turns":4},{"damage":0,"enemies":"Snake Plant","floor":22,"turns":3},{"damage":32,"enemies":"Slavers","floor":25,"turns":4},{"damage":0,"enemies":"Sentry and Sphere","floor":27,"turns":3},{"damage":10,"enemies":"Centurion and Healer","floor":28,"turns":6},{"damage":0,"enemies":"Gremlin Leader","floor":30,"turns":4},{"damage":5,"enemies":"Chosen and Byrds","floor":31,"turns":2},{"damage":61,"enemies":"Automaton","floor":33,"turns":7},{"damage":1,"enemies":"Orb Walker","floor":35,"turns":3},{"damage":43,"enemies":"3 Darklings","floor":36,"turns":4},{"damage":0,"enemies":"Sphere and 2 Shapes","floor":37,"turns":2},{"damage":25,"enemies":"Jaw Worm Horde","floor":38,"turns":4},{"damage":0,"enemies":"Nemesis","floor":40,"turns":4},{"damage":0,"enemies":"Giant Head","floor":42,"turns":5},{"damage":0,"enemies":"Writhing Mass","floor":44,"turns":4},{"damage":2,"enemies":"3 Darklings","floor":45,"turns":4},{"damage":10,"enemies":"4 Shapes","floor":46,"turns":2},{"damage":71,"enemies":"Time Eater","floor":50,"turns":12}],"seed_played":"-7872172445691063903","potions_obtained":[{"floor":3,"key":"Dexterity Potion"},{"floor":4,"key":"Explosive Potion"},{"floor":6,"key":"Fire Potion"},{"floor":10,"key":"SpeedPotion"},{"floor":16,"key":"Block Potion"},{"floor":17,"key":"Weak Potion"},{"floor":19,"key":"Swift Potion"},{"floor":22,"key":"Regen Potion"},{"floor":27,"key":"LiquidBronze"},{"floor":28,"key":"SpeedPotion"},{"floor":33,"key":"Dexterity Potion"},{"floor":35,"key":"SpeedPotion"},{"floor":36,"key":"GamblersBrew"},{"floor":37,"key":"Dexterity Potion"},{"floor":38,"key":"Weak Potion"},{"floor":40,"key":"Regen Potion"},{"floor":42,"key":"Regen Potion"},{"floor":44,"key":"Strength Potion"},{"floor":45,"key":"Block Potion"},{"floor":46,"key":"Block Potion"}],"is_trial":false,"path_per_floor":["M","M","M","M","M","E","$","M","T","M","M","M","$","M","R","B",null,"M","M","M","M","M","R","?","E","T","M","M","$","E","M","R","B",null,"M","M","M","M","$","E","R","E","T","M","M","M","R","$","R","B",null],"character_chosen":"IRONCLAD","items_purchased":["Metamorphosis+1","Shrug It Off+1","Bottled Flame","Finesse+1","Anger+1","Paper Frog","Deep Breath+1","Twin Strike+1"],"campfire_rested":0,"item_purchase_floors":[7,13,29,29,29,39,48,48],"current_hp_per_floor":[78,80,80,80,79,79,79,87,87,87,87,85,85,87,87,74,92,92,92,92,86,92,92,92,75,75,81,81,81,91,92,92,53,92,92,55,71,76,76,86,86,106,106,106,106,116,116,116,116,74],"gold":2,"neow_bonus":"","is_prod":false,"is_daily":true,"chose_seed":false,"campfire_upgraded":6,"win_rate":0,"timestamp":1551738050,"path_taken":["M","M","M","M","M","E","$","M","T","M","M","M","$","M","R","BOSS","M","M","M","M","M","R","?","E","T","M","M","$","E","M","R","BOSS","M","M","M","M","$","E","R","E","T","M","M","M","R","?","R","BOSS"],"build_version":"2019-01-23","purchased_purges":0,"victory":true,"max_hp_per_floor":[80,80,80,80,80,80,80,87,87,87,87,87,87,87,87,87,92,92,92,92,92,92,92,92,92,92,92,92,92,92,92,92,92,92,92,92,92,106,106,106,106,106,106,106,106,116,116,116,116,116],"card_choices":[{"not_picked":["Uppercut","Battle Trance+1"],"picked":"Rage+1","floor":6},{"not_picked":["Bludgeon","Double Tap+1"],"picked":"Juggernaut","floor":16},{"not_picked":["Clothesline","Cleave"],"picked":"Anger","floor":17},{"not_picked":["Bludgeon","Headbutt+1"],"picked":"Spot Weakness+1","floor":25},{"not_picked":["Shrug It Off+1","Havoc+1"],"picked":"Body Slam+1","floor":30},{"not_picked":["Fiend Fire+1","Berserk"],"picked":"Reaper+1","floor":33},{"not_picked":["Reaper+1","Dark Embrace"],"picked":"Inflame+1","floor":40},{"not_picked":["Disarm+1","Shrug It Off+1"],"picked":"Double Tap+1","floor":42}],"player_experience":237870,"relics_obtained":[{"floor":1,"key":"Toxic Egg 2"},{"floor":2,"key":"Orichalcum"},{"floor":3,"key":"Juzu Bracelet"},{"floor":4,"key":"Singing Bowl"},{"floor":5,"key":"Mercury Hourglass"},{"floor":6,"key":"Bag of Marbles"},{"floor":8,"key":"Strawberry"},{"floor":9,"key":"Meat on the Bone"},{"floor":10,"key":"Bag of Preparation"},{"floor":11,"key":"Boot"},{"floor":12,"key":"Anchor"},{"floor":14,"key":"Lantern"},{"floor":18,"key":"Oddly Smooth Stone"},{"floor":19,"key":"Omamori"},{"floor":20,"key":"Potion Belt"},{"floor":21,"key":"Vajra"},{"floor":22,"key":"Happy Flower"},{"floor":25,"key":"Tiny Chest"},{"floor":26,"key":"Dream Catcher"},{"floor":27,"key":"PreservedInsect"},{"floor":28,"key":"Molten Egg 2"},{"floor":30,"key":"Dead Branch"},{"floor":31,"key":"Centennial Puzzle"},{"floor":35,"key":"MawBank"},{"floor":36,"key":"Turnip"},{"floor":37,"key":"Kunai"},{"floor":38,"key":"Mango"},{"floor":40,"key":"Matryoshka"},{"floor":42,"key":"Darkstone Periapt"},{"floor":43,"key":"Sundial"},{"floor":43,"key":"Bird Faced Urn"},{"floor":44,"key":"Letter Opener"},{"floor":45,"key":"Question Card"},{"floor":46,"key":"Pear"}],"event_choices":[{"damage_healed":0,"gold_gain":0,"player_choice":"Cursed","damage_taken":0,"max_hp_gain":0,"max_hp_loss":0,"event_name":"Wheel of Change","floor":24,"gold_loss":0,"cards_obtained":["Decay"]}],"is_beta":false,"boss_relics":[{"not_picked":["Runic Cube","Runic Pyramid"],"picked":"Tiny House"},{"not_picked":["Cursed Key","Velvet Choker"],"picked":"White Beast Statue"}],"items_purged_floors":[],"is_endless":false,"potions_floor_spawned":[3,4,6,10,16,19,22,27,28,33,35,36,37,38,40,42,44,45,46],"ascension_level":0}