{"gold_per_floor":[16,29,29,29,45,45,73,88,156,156,58,69,89,105,105,105],"floor_reached":16,"playtime":843,"items_purged":[],"score":145,"play_id":"1547144e-362c-4c92-8f94-233618bfbdcb","local_time":"20190226091120","is_ascension_mode":true,"campfire_choices":[{"data":"Berserk","floor":6,"key":"SMITH"},{"floor":10,"key":"RECALL"},{"data":"Defend_R","floor":15,"key":"SMITH"}],"neow_cost":"NO_GOLD","seed_source_timestamp":791006340952300,"circlet_count":0,"master_deck":["Strike_R","Strike_R","Strike_R","Strike_R","Strike_R","Defend_R+1","Defend_R","Defend_R","Bash","Thunderclap","Berserk+1","Headbutt","Sever Soul","Headbutt","Forethought","Evolve","Cleave","Dual Wield"],"relics":["Burning Blood","Incense Burner","Bottled Lightning"],"potions_floor_usage":[7,7,16,16],"damage_taken":[{"damage":14,"enemies":"Jaw Worm","floor":1,"turns":5},{"damage":6,"enemies":"2 Louse","floor":2,"turns":3},{"damage":0,"enemies":"Cultist","floor":5,"turns":3},{"damage":63,"enemies":"3 Sentries","floor":7,"turns":10},{"damage":10,"enemies":"Lots of Slimes","floor":8,"turns":4},{"damage":7,"enemies":"Looter","floor":12,"turns":3},{"damage":7,"enemies":"2 Fungi Beasts","floor":13,"turns":3},{"damage":9,"enemies":"Blue Slaver","floor":14,"turns":3},{"damage":34,"enemies":"Hexaghost","floor":16,"turns":4}],"seed_played":"8994514370853599190","potions_obtained":[{"floor":2,"key":"Weak Potion"},{"floor":5,"key":"GamblersBrew"},{"floor":8,"key":"Energy Potion"},{"floor":14,"key":"SteroidPotion"}],"is_trial":false,"path_per_floor":["M","M","?","?","M","R","E","M","T","R","$","M","M","M","R","B"],"character_chosen":"IRONCLAD","items_purchased":["Forethought"],"campfire_rested":0,"item_purchase_floors":[11],"current_hp_per_floor":[88,88,93,93,99,99,42,38,38,38,38,37,36,33,33,0],"gold":105,"neow_bonus":"TWENTY_PERCENT_HP_BONUS","is_prod":false,"is_daily":false,"chose_seed":false,"campfire_upgraded":2,"win_rate":0,"timestamp":1551172280,"path_taken":["M","M","?","?","M","R","E","M","T","R","$","M","?","M","R","BOSS"],"build_version":"2019-01-23","purchased_purges":0,"victory":false,"max_hp_per_floor":[96,96,101,101,101,101,101,101,101,101,101,101,101,101,101,101],"card_choices":[{"not_picked":["True Grit","Burning Pact"],"picked":"Thunderclap","floor":1},{"not_picked":["True Grit","Flex"],"picked":"Berserk","floor":2},{"not_picked":["Warcry","Corruption"],"picked":"Headbutt","floor":5},{"not_picked":["Reckless Charge","Rupture"],"picked":"Sever Soul","floor":7},{"not_picked":["Power Through","Wild Strike"],"picked":"Headbutt","floor":8},{"not_picked":["Burning Pact","True Grit"],"picked":"Evolve","floor":12},{"not_picked":["Feel No Pain","Spot Weakness"],"picked":"Cleave","floor":13},{"not_picked":["Flex","Thunderclap"],"picked":"Dual Wield","floor":14}],"player_experience":226974,"relics_obtained":[{"floor":7,"key":"Incense Burner"},{"floor":9,"key":"Bottled Lightning"}],"event_choices":[{"damage_healed":0,"gold_gain":0,"player_choice":"Donut","damage_taken":0,"max_hp_gain":5,"max_hp_loss":0,"event_name":"Big Fish","floor":3,"gold_loss":0},{"cards_removed":["Defend_R"],"damage_healed":0,"gold_gain":0,"player_choice":"Purged","damage_taken":0,"max_hp_gain":0,"max_hp_loss":0,"event_name":"Purifier","floor":4,"gold_loss":0}],"is_beta":false,"boss_relics":[],"items_purged_floors":[],"is_endless":false,"potions_floor_spawned":[2,5,8,14],"killed_by":"Hexaghost","ascension_level":3}