{"gold_per_floor":[144,189,189,16,85,85,175,220,295,340,415,36,36,81,81,381,381,426,426,426,726,150,150,65,110,185,230,275,320,410,455,455,755,755,800,800,800,926,971,1061,452,497,497,542,175,175,175,220,220,220],"floor_reached":51,"playtime":5407,"items_purged":[],"score":772,"play_id":"4e77d2b9-605b-4269-b410-788bfe4012cd","local_time":"20190217142930","daily_mods":["Chimera","Time Dilation","Midas"],"is_ascension_mode":false,"campfire_choices":[{"floor":6,"key":"REST"},{"floor":13,"key":"REST"},{"floor":15,"key":"REST"},{"floor":23,"key":"REST"},{"floor":32,"key":"REST"},{"floor":49,"key":"REST"}],"neow_cost":"","seed_source_timestamp":22260888091100,"circlet_count":0,"master_deck":["Bash","Survivor","Strike_R","Strike_G","Strike_B","Defend_R","Defend_G","Defend_B","Ball Lightning+1","Redo+1","Cold Snap","Hello World","Ball Lightning","Chaos","Chaos","Discovery","Self Repair","Creative AI","Tempest+1","Loop","Rebound+1","Barrage+1","Chill+1","Storm","Melter+1","Steam+1","Beam Cell+1","Rainbow+1","Core Surge+1","Conserve Battery+1","Apotheosis+1","Flash of Steel+1","Madness+1","Darkness+1","Blizzard+1","Compile Driver+1","Heatsinks","Doom and Gloom+1","Coolheaded+1","Coolheaded+1","Darkness+1","Lockon+1","Doubt","Chill+1"],"special_seed":17944,"relics":["Cracked Core","Vajra","Bag of Preparation","Mercury Hourglass","Cables","Eternal Feather","MutagenicStrength","Emotion Chip","StoneCalendar","Molten Egg 2","Art of War","Lee\u0027s Waffle","Bag of Marbles","Toxic Egg 2","Letter Opener","Singing Bowl","Philosopher\u0027s Stone","Ginger","Mummified Hand","ClockworkSouvenir","PreservedInsect","Pen Nib","Blue Candle","Pear"],"potions_floor_usage":[7,16,16,30,30,30,33,40,40,40,50],"damage_taken":[{"damage":6,"enemies":"Jaw Worm","floor":1,"turns":3},{"damage":0,"enemies":"Small Slimes","floor":2,"turns":3},{"damage":23,"enemies":"3 Sentries","floor":7,"turns":5},{"damage":0,"enemies":"2 Louse","floor":8,"turns":1},{"damage":6,"enemies":"Exordium Wildlife","floor":10,"turns":2},{"damage":0,"enemies":"3 Louse","floor":14,"turns":2},{"damage":46,"enemies":"Hexaghost","floor":16,"turns":6},{"damage":11,"enemies":"3 Byrds","floor":18,"turns":4},{"damage":33,"enemies":"Colosseum Slavers","floor":21,"turns":3},{"damage":32,"enemies":"Colosseum Nobs","floor":21,"turns":3},{"damage":5,"enemies":"2 Thieves","floor":25,"turns":2},{"damage":4,"enemies":"Centurion and Healer","floor":27,"turns":2},{"damage":0,"enemies":"3 Cultists","floor":28,"turns":4},{"damage":10,"enemies":"Snecko","floor":29,"turns":3},{"damage":17,"enemies":"Book of Stabbing","floor":30,"turns":3},{"damage":19,"enemies":"Snake Plant","floor":31,"turns":2},{"damage":65,"enemies":"Automaton","floor":33,"turns":7},{"damage":3,"enemies":"3 Shapes","floor":35,"turns":1},{"damage":22,"enemies":"2 Orb Walkers","floor":38,"turns":4},{"damage":4,"enemies":"3 Darklings","floor":39,"turns":3},{"damage":32,"enemies":"Giant Head","floor":40,"turns":7},{"damage":0,"enemies":"Maw","floor":42,"turns":3},{"damage":0,"enemies":"Jaw Worm Horde","floor":44,"turns":2},{"damage":0,"enemies":"Transient","floor":48,"turns":5},{"damage":52,"enemies":"Awakened One","floor":50,"turns":8}],"seed_played":"3988833726402513641","potions_obtained":[{"floor":2,"key":"LiquidBronze"},{"floor":8,"key":"Fire Potion"},{"floor":10,"key":"PowerPotion"},{"floor":16,"key":"Regen Potion"},{"floor":25,"key":"Explosive Potion"},{"floor":28,"key":"LiquidBronze"},{"floor":30,"key":"LiquidBronze"},{"floor":31,"key":"FearPotion"},{"floor":33,"key":"Block Potion"},{"floor":38,"key":"Poison Potion"},{"floor":40,"key":"Ancient Potion"}],"is_trial":false,"path_per_floor":["M","M","?","$","?","R","E","M","T","M","?","$","R","M","R","B",null,"M","?","T","?","$","R","?","M","T","M","M","M","E","M","R","B",null,"M","?","?","?","M","E","$","M","T","M","$","?","?","M","R","B",null],"character_chosen":"DEFECT","items_purchased":["Vajra","Cold Snap","Chaos","Cables","Discovery","Art of War","Lee\u0027s Waffle","Bag of Marbles","Rebound+1","Barrage+1","ClockworkSouvenir","PreservedInsect","Heatsinks","Pen Nib","Doom and Gloom+1","Pear","Darkness+1","Lockon+1"],"campfire_rested":6,"item_purchase_floors":[4,4,12,12,12,22,22,22,22,22,41,41,41,41,41,45,45,45],"current_hp_per_floor":[69,69,54,54,54,75,52,52,52,46,35,35,57,57,75,36,75,71,71,71,13,82,82,82,77,77,80,82,72,64,45,82,24,82,79,69,69,54,50,25,25,32,32,32,42,42,92,92,92,47],"gold":220,"neow_bonus":"","is_prod":false,"is_daily":true,"chose_seed":false,"campfire_upgraded":0,"win_rate":0,"timestamp":1550413770,"path_taken":["M","M","?","$","?","R","E","M","T","?","?","$","R","M","R","BOSS","M","?","?","?","$","R","?","M","T","M","M","M","E","M","R","BOSS","M","?","?","?","?","E","$","M","T","M","$","?","?","M","R","BOSS"],"build_version":"2019-01-23","purchased_purges":0,"victory":true,"max_hp_per_floor":[75,75,75,75,75,75,75,75,75,75,75,75,75,75,75,75,75,75,75,75,75,82,82,82,82,82,82,82,82,82,82,82,82,82,82,82,82,82,82,82,82,82,82,82,92,92,92,92,92,92],"card_choices":[{"not_picked":["Rebound","Hologram"],"picked":"Ball Lightning","floor":1},{"not_picked":["Chill","Lockon"],"picked":"Redo","floor":2},{"not_picked":["Chill","Gash"],"picked":"Hello World","floor":7},{"not_picked":["Streamline","Recycle"],"picked":"Ball Lightning","floor":8},{"not_picked":["Glacier","Gash"],"picked":"Chaos","floor":10},{"not_picked":["Tempest","Skim"],"picked":"Self Repair","floor":14},{"not_picked":["Multi-Cast","Amplify"],"picked":"Creative AI","floor":16},{"not_picked":["Redo","Rebound"],"picked":"Tempest+1","floor":18},{"not_picked":["Leap","Compile Driver"],"picked":"Loop","floor":21},{"not_picked":["Ball Lightning+1","Consume+1"],"picked":"Chill+1","floor":25},{"not_picked":["Fusion+1","Steam+1"],"picked":"Storm","floor":27},{"not_picked":["Streamline+1","Redo+1"],"picked":"Melter+1","floor":28},{"not_picked":["Fusion+1","Streamline+1"],"picked":"Steam+1","floor":29},{"not_picked":["BootSequence+1","Tempest+1"],"picked":"Beam Cell+1","floor":30},{"not_picked":["Redo+1","Ball Lightning+1"],"picked":"Rainbow+1","floor":31},{"not_picked":["Hyperbeam+1","Rainbow+1"],"picked":"Core Surge+1","floor":33},{"not_picked":["Aggregate+1","Beam Cell+1"],"picked":"Conserve Battery+1","floor":35},{"not_picked":["Good Instincts+1","Secret Weapon+1"],"picked":"Apotheosis+1","floor":36},{"not_picked":["Dark Shackles+1","Blind+1"],"picked":"Flash of Steel+1","floor":36},{"not_picked":["Good Instincts+1","Dark Shackles+1"],"picked":"Madness+1","floor":36},{"not_picked":["Storm+1","Coolheaded+1"],"picked":"Darkness+1","floor":38},{"not_picked":["Turbo+1","Streamline+1"],"picked":"Blizzard+1","floor":39},{"not_picked":["Steam+1","Creative AI"],"picked":"Compile Driver+1","floor":40},{"not_picked":["Hello World+1","Rebound+1"],"picked":"Coolheaded+1","floor":42},{"not_picked":["Double Energy+1","Compile Driver+1"],"picked":"Coolheaded+1","floor":44},{"not_picked":["Stack+1","Tempest+1"],"picked":"Chill+1","floor":48}],"player_experience":112511,"relics_obtained":[{"floor":7,"key":"Bag of Preparation"},{"floor":9,"key":"Mercury Hourglass"},{"floor":20,"key":"Emotion Chip"},{"floor":21,"key":"StoneCalendar"},{"floor":21,"key":"Molten Egg 2"},{"floor":26,"key":"Letter Opener"},{"floor":30,"key":"Singing Bowl"},{"floor":38,"key":"Ginger"},{"floor":40,"key":"Mummified Hand"},{"floor":43,"key":"Blue Candle"}],"event_choices":[{"damage_healed":0,"gold_gain":0,"player_choice":"Entered Light","damage_taken":15,"max_hp_gain":0,"max_hp_loss":0,"event_name":"Shining Light","floor":3,"gold_loss":0,"cards_upgraded":["Redo","Ball Lightning"]},{"damage_healed":0,"gold_gain":69,"player_choice":"Gained Gold","damage_taken":0,"max_hp_gain":0,"max_hp_loss":0,"event_name":"Golden Wing","floor":5,"gold_loss":0},{"damage_healed":0,"gold_gain":75,"player_choice":"Gather Gold","damage_taken":11,"max_hp_gain":0,"max_hp_loss":0,"event_name":"World of Goop","floor":11,"gold_loss":0},{"damage_healed":0,"gold_gain":0,"player_choice":"Inject Mutagens","damage_taken":0,"relics_obtained":["MutagenicStrength"],"max_hp_gain":0,"max_hp_loss":0,"event_name":"Drug Dealer","floor":19,"gold_loss":0},{"damage_healed":0,"gold_gain":0,"player_choice":"Fight","damage_taken":0,"max_hp_gain":0,"max_hp_loss":0,"event_name":"Colosseum","floor":21,"gold_loss":0},{"damage_healed":0,"gold_gain":0,"player_choice":"Fought Nobs","damage_taken":0,"max_hp_gain":0,"max_hp_loss":0,"event_name":"Colosseum","floor":21,"gold_loss":0},{"damage_healed":0,"gold_gain":0,"player_choice":"Obtained Relic","damage_taken":0,"relics_obtained":["Toxic Egg 2"],"max_hp_gain":0,"max_hp_loss":0,"event_name":"Addict","floor":24,"gold_loss":85},{"damage_healed":0,"gold_gain":0,"player_choice":"Memory 3","damage_taken":10,"max_hp_gain":0,"max_hp_loss":0,"event_name":"SensoryStone","floor":36,"gold_loss":0},{"damage_healed":0,"gold_gain":0,"player_choice":"Ignored","damage_taken":0,"max_hp_gain":0,"max_hp_loss":0,"event_name":"Tomb of Lord Red Mask","floor":37,"gold_loss":0},{"damage_healed":0,"gold_gain":0,"player_choice":"Fight","damage_taken":0,"max_hp_gain":0,"max_hp_loss":0,"event_name":"Mysterious Sphere","floor":38,"gold_loss":0},{"cards_removed":["Zap"],"damage_healed":0,"gold_gain":0,"player_choice":"Removed Skill","damage_taken":0,"max_hp_gain":0,"max_hp_loss":0,"event_name":"Falling","floor":46,"gold_loss":0},{"damage_healed":50,"gold_gain":0,"player_choice":"Heal","damage_taken":0,"max_hp_gain":0,"max_hp_loss":0,"event_name":"MindBloom","floor":47,"gold_loss":0,"cards_obtained":["Doubt"]}],"is_beta":false,"boss_relics":[{"not_picked":["Lizard Tail","Runic Dome"],"picked":"Eternal Feather"},{"not_picked":["FrozenCore","Empty Cage"],"picked":"Philosopher\u0027s Stone"}],"items_purged_floors":[],"is_endless":false,"potions_floor_spawned":[2,8,10,16,21,25,28,30,31,33,38,40],"ascension_level":0}