{"gold_per_floor":[114,133,55,55,55,83,83,30,53,53,84,84,104,123,123,228,228,244,264,264,276,286,286,315,350,350,350,385,385,404,437,437,437],"floor_reached":33,"playtime":958,"items_purged":[],"score":406,"play_id":"7b3eb457-ca63-4458-a2a8-36c71f123500","local_time":"20181221131530","is_ascension_mode":true,"campfire_choices":[{"data":"Whirlwind","floor":7,"key":"SMITH"},{"data":"Double Tap","floor":12,"key":"SMITH"},{"data":"Spot Weakness","floor":15,"key":"SMITH"},{"data":"Bludgeon","floor":23,"key":"SMITH"},{"data":"Anger","floor":27,"key":"SMITH"},{"data":"Bite","floor":29,"key":"SMITH"},{"data":"Spot Weakness","floor":32,"key":"SMITH"}],"neow_cost":"NONE","seed_source_timestamp":92738604719277,"circlet_count":0,"master_deck":["Defend_R","Defend_R","Defend_R","Defend_R","Bash","Warcry","Pommel Strike","Feel No Pain","Whirlwind+1","Anger+1","Spot Weakness+1","Double Tap+1","Dropkick","Pummel","Bludgeon+1","Bite+1","Bite","Bite","Bite","Bite","Spot Weakness+1"],"relics":["Burning Blood","NeowsBlessing","Centennial Puzzle","Sundial","Bag of Marbles","Paper Frog","Busted Crown","Red Mask","WingedGreaves","Matryoshka","Blue Candle","Letter Opener"],"potions_floor_usage":[16,33,33,33],"damage_taken":[{"damage":0,"enemies":"Cultist","floor":1,"turns":1},{"damage":0,"enemies":"2 Louse","floor":2,"turns":1},{"damage":0,"enemies":"3 Sentries","floor":6,"turns":1},{"damage":31,"enemies":"Lagavulin","floor":11,"turns":7},{"damage":0,"enemies":"Small Slimes","floor":13,"turns":1},{"damage":7,"enemies":"Blue Slaver","floor":14,"turns":2},{"damage":35,"enemies":"The Guardian","floor":16,"turns":7},{"damage":25,"enemies":"Spheric Guardian","floor":18,"turns":4},{"damage":7,"enemies":"Shell Parasite","floor":19,"turns":3},{"damage":7,"enemies":"Centurion and Healer","floor":21,"turns":4},{"damage":0,"enemies":"3 Cultists","floor":22,"turns":1},{"damage":10,"enemies":"Masked Bandits","floor":24,"turns":2},{"damage":33,"enemies":"Slavers","floor":25,"turns":5},{"damage":12,"enemies":"Gremlin Leader","floor":28,"turns":2},{"damage":16,"enemies":"Chosen and Byrds","floor":30,"turns":4},{"damage":0,"enemies":"Slavers","floor":31,"turns":1},{"damage":77,"enemies":"Automaton","floor":33,"turns":6}],"seed_played":"-8301554796690193385","potions_obtained":[{"floor":1,"key":"EssenceOfSteel"},{"floor":11,"key":"PowerPotion"},{"floor":16,"key":"EssenceOfSteel"},{"floor":22,"key":"SkillPotion"}],"is_trial":false,"path_per_floor":["M","M","$","?","?","E","R","$","T","?","E","R","M","M","R","B",null,"M","M","?","M","M","R","?","E","T","R","E","R","M","E","R","B"],"character_chosen":"IRONCLAD","items_purchased":["Feel No Pain","Anger"],"campfire_rested":0,"item_purchase_floors":[3,8],"current_hp_per_floor":[80,80,80,80,73,79,79,79,79,79,54,54,60,59,59,30,80,61,60,56,56,56,56,54,41,41,41,39,39,44,50,50,0],"gold":437,"neow_bonus":"THREE_ENEMY_KILL","is_prod":false,"is_daily":false,"chose_seed":false,"campfire_upgraded":7,"win_rate":0,"timestamp":1545416130,"path_taken":["M","?","$","?","?","E","R","?","T","?","E","R","?","M","R","BOSS","M","M","?","M","M","R","?","E","T","R","E","R","M","E","R","BOSS"],"build_version":"2018-12-20","purchased_purges":0,"victory":false,"max_hp_per_floor":[80,80,80,80,80,80,80,80,80,80,80,80,80,80,80,80,80,80,80,56,56,56,56,56,56,56,56,56,56,56,56,56,56],"card_choices":[{"not_picked":["Rampage","Rage"],"picked":"Warcry","floor":1},{"not_picked":["Warcry","Rupture"],"picked":"Pommel Strike","floor":2},{"not_picked":["Pommel Strike","Havoc"],"picked":"Whirlwind","floor":6},{"not_picked":["Evolve","Intimidate"],"picked":"Double Tap","floor":11},{"not_picked":["Perfected Strike","Blood for Blood"],"picked":"Dropkick","floor":13},{"not_picked":["Ghostly Armor","Anger"],"picked":"Pummel","floor":14},{"not_picked":["Berserk","Exhume"],"picked":"Bludgeon","floor":16},{"not_picked":["Clothesline"],"picked":"SKIP","floor":18},{"not_picked":["Flex"],"picked":"SKIP","floor":19},{"not_picked":["Pommel Strike"],"picked":"SKIP","floor":21},{"not_picked":["Twin Strike"],"picked":"SKIP","floor":22},{"not_picked":["Warcry"],"picked":"SKIP","floor":25},{"not_picked":["Sentinel"],"picked":"SKIP","floor":28},{"not_picked":["Body Slam"],"picked":"SKIP","floor":30},{"not_picked":[],"picked":"Spot Weakness","floor":31}],"player_experience":199202,"relics_obtained":[{"floor":6,"key":"Sundial"},{"floor":9,"key":"Bag of Marbles"},{"floor":11,"key":"Paper Frog"},{"floor":24,"key":"Red Mask"},{"floor":25,"key":"WingedGreaves"},{"floor":26,"key":"Matryoshka"},{"floor":28,"key":"Blue Candle"},{"floor":31,"key":"Letter Opener"}],"event_choices":[{"damage_healed":0,"gold_gain":0,"player_choice":"Ignored","damage_taken":0,"max_hp_gain":0,"max_hp_loss":0,"event_name":"Liars Game","floor":4,"gold_loss":0},{"damage_healed":0,"gold_gain":0,"player_choice":"Success","damage_taken":7,"relics_obtained":["Centennial Puzzle"],"max_hp_gain":0,"max_hp_loss":0,"event_name":"Scrap Ooze","floor":5,"gold_loss":0},{"damage_healed":0,"gold_gain":0,"cards_transformed":["Strike_R"],"player_choice":"Transformed","damage_taken":0,"max_hp_gain":0,"max_hp_loss":0,"event_name":"Transmorgrifier","floor":10,"gold_loss":0,"cards_obtained":["Spot Weakness"]},{"damage_healed":0,"gold_gain":0,"player_choice":"Became a vampire","damage_taken":0,"max_hp_gain":0,"max_hp_loss":24,"event_name":"Vampires","floor":20,"gold_loss":0,"cards_obtained":["Bite","Bite","Bite","Bite","Bite"]},{"damage_healed":0,"gold_gain":0,"player_choice":"Fought Bandits","damage_taken":0,"max_hp_gain":0,"max_hp_loss":0,"event_name":"Masked Bandits","floor":24,"gold_loss":0}],"is_beta":false,"boss_relics":[{"not_picked":["Ectoplasm","Black Star"],"picked":"Busted Crown"}],"items_purged_floors":[],"is_endless":false,"potions_floor_spawned":[1,11,16,22,25,28,31],"killed_by":"Automaton","ascension_level":1}