{"gold_per_floor":[111,129,147,22,22,22,42,67,102,114,126,151,192,223,235,347,359,383,395,407,419,448,460,491,503,515,527,285,13,13,26,26,131,131,143,0,15,25,40,72,85,85,85,104,116,116,116,116,116,116],"floor_reached":50,"playtime":2571,"items_purged":["Strike_R","Strike_R","Strike_R"],"score":484,"play_id":"3c010e91-55fa-496f-a096-0a7789cabfde","local_time":"20181027175621","is_ascension_mode":false,"campfire_choices":[{"data":"Spot Weakness","floor":6,"key":"SMITH"},{"data":"Iron Wave","floor":10,"key":"SMITH"},{"data":"Heavy Blade","floor":15,"key":"SMITH"},{"data":"Barricade","floor":23,"key":"SMITH"},{"data":"Heavy Blade","floor":25,"key":"SMITH"},{"data":"Flex","floor":27,"key":"SMITH"},{"data":"Reaper","floor":30,"key":"SMITH"},{"data":"Whirlwind","floor":32,"key":"SMITH"},{"data":"Flame Barrier","floor":49,"key":"SMITH"}],"neow_cost":"NONE","seed_source_timestamp":1492709330703581,"circlet_count":0,"master_deck":["Strike_R","Strike_R","Defend_R","Defend_R","Defend_R","Bash","Iron Wave+1","Spot Weakness+1","Twin Strike","Shrug It Off","Anger","Thunderclap","Heavy Blade+1","Flex+1","Barricade+1","Inflame+1","Inflame+1","Heavy Blade+1","Reaper+1","Whirlwind+1","Offering","Flame Barrier+1","Rupture+1","Flex+1"],"relics":["Burning Blood","FaceOfCleric","MawBank","Dream Catcher","Sozu","Boot","Nloth\u0027s Gift","Kunai","Bronze Scales","Coffee Dripper","Red Mask","Bottled Flame","Pantograph"],"potions_floor_usage":[16,16],"damage_taken":[{"damage":5,"enemies":"Cultist","floor":1,"turns":4},{"damage":8,"enemies":"2 Louse","floor":2,"turns":3},{"damage":6,"enemies":"Jaw Worm","floor":3,"turns":3},{"damage":0,"enemies":"Exordium Wildlife","floor":7,"turns":4},{"damage":21,"enemies":"Lagavulin","floor":8,"turns":6},{"damage":10,"enemies":"Lots of Slimes","floor":12,"turns":3},{"damage":15,"enemies":"Gremlin Nob","floor":13,"turns":4},{"damage":4,"enemies":"Exordium Thugs","floor":14,"turns":4},{"damage":16,"enemies":"Slime Boss","floor":16,"turns":8},{"damage":10,"enemies":"Chosen","floor":18,"turns":4},{"damage":14,"enemies":"Spheric Guardian","floor":22,"turns":4},{"damage":35,"enemies":"3 Cultists","floor":24,"turns":5},{"damage":10,"enemies":"Chosen and Byrds","floor":31,"turns":4},{"damage":34,"enemies":"Champ","floor":33,"turns":7},{"damage":18,"enemies":"3 Shapes","floor":35,"turns":3},{"damage":0,"enemies":"Orb Walker","floor":37,"turns":3},{"damage":0,"enemies":"Sphere and 2 Shapes","floor":38,"turns":1},{"damage":0,"enemies":"3 Darklings","floor":39,"turns":1},{"damage":58,"enemies":"Nemesis","floor":40,"turns":7},{"damage":20,"enemies":"4 Shapes","floor":41,"turns":3},{"damage":18,"enemies":"Jaw Worm Horde","floor":44,"turns":3},{"damage":32,"enemies":"Spire Growth","floor":45,"turns":3},{"damage":83,"enemies":"Awakened One","floor":50,"turns":5}],"seed_played":"7356351201514988760","potions_obtained":[{"floor":2,"key":"Explosive Potion"},{"floor":12,"key":"SpeedPotion"},{"floor":14,"key":"Fire Potion"}],"is_trial":false,"path_per_floor":["M","M","M","$","?","R","M","E","T","R","?","M","E","M","R","B",null,"M","?","?","?","M","R","M","R","T","R","$","$","R","M","R","B",null,"M","?","M","M","M","E","M","?","T","M","M","$","?","$","R"],"character_chosen":"IRONCLAD","items_purchased":["Shrug It Off","Bronze Scales","Reaper"],"campfire_rested":0,"item_purchase_floors":[4,28,29],"current_hp_per_floor":[80,78,78,78,78,78,81,67,67,67,67,64,56,59,59,50,86,83,83,83,83,76,76,48,48,48,48,48,48,48,45,45,27,91,83,83,93,94,95,44,46,46,46,54,29,29,29,29,29,0],"gold":116,"neow_bonus":"REMOVE_CARD","is_prod":false,"is_daily":false,"chose_seed":false,"campfire_upgraded":9,"win_rate":0,"timestamp":1540677381,"path_taken":["M","M","M","$","?","R","M","E","T","R","?","M","E","M","R","BOSS","M","?","?","?","M","R","M","R","T","R","?","$","R","M","R","BOSS","M","?","?","M","M","E","M","?","T","M","?","$","?","$","R","BOSS"],"build_version":"2018-10-25v2","purchased_purges":3,"victory":false,"max_hp_per_floor":[80,80,80,80,80,80,81,82,82,82,82,83,84,85,85,86,86,87,87,87,87,88,88,89,89,89,89,89,89,89,90,90,91,91,92,92,93,94,95,96,97,92,92,93,94,94,94,94,94,94],"card_choices":[{"not_picked":["Pommel Strike","Disarm"],"picked":"Iron Wave","floor":1},{"not_picked":["Armaments","Twin Strike"],"picked":"Spot Weakness","floor":2},{"not_picked":["Rage","Evolve"],"picked":"Twin Strike","floor":3},{"not_picked":["Infernal Blade","Shrug It Off"],"picked":"Anger","floor":7},{"not_picked":["Seeing Red","Sword Boomerang"],"picked":"Thunderclap","floor":8},{"not_picked":["Shrug It Off","Fire Breathing"],"picked":"Heavy Blade","floor":12},{"not_picked":["Sword Boomerang","Clash","Rage"],"picked":"SKIP","floor":13},{"not_picked":["Infernal Blade","Havoc"],"picked":"Flex","floor":14},{"not_picked":["Impervious","Juggernaut"],"picked":"Barricade","floor":16},{"not_picked":["Clothesline","Headbutt"],"picked":"Inflame+1","floor":18},{"not_picked":["Twin Strike","Perfected Strike","Exhume"],"picked":"SKIP","floor":22},{"not_picked":["Clash","Iron Wave+1"],"picked":"Heavy Blade","floor":24},{"not_picked":["Iron Wave","Cleave"],"picked":"Whirlwind","floor":31},{"not_picked":["Fiend Fire","Juggernaut"],"picked":"Offering","floor":33},{"not_picked":["Rampage","Fire Breathing+1"],"picked":"Flame Barrier","floor":35},{"not_picked":["Spot Weakness+1","Combust","Clash"],"picked":"SKIP","floor":37},{"not_picked":["Rampage+1","Clothesline","Warcry+1"],"picked":"SKIP","floor":38},{"not_picked":["Wild Strike+1","Twin Strike+1","Headbutt+1"],"picked":"SKIP","floor":39},{"not_picked":["Havoc+1","Sever Soul","Impervious"],"picked":"SKIP","floor":40},{"not_picked":["Headbutt","Rampage+1","Wild Strike+1"],"picked":"SKIP","floor":41},{"not_picked":["Clothesline+1","Heavy Blade"],"picked":"Rupture+1","floor":44},{"not_picked":["Whirlwind+1","Dropkick+1"],"picked":"Flex+1","floor":45}],"player_experience":104062,"relics_obtained":[{"floor":8,"key":"MawBank"},{"floor":9,"key":"Lantern"},{"floor":13,"key":"Dream Catcher"},{"floor":26,"key":"Kunai"},{"floor":40,"key":"Bottled Flame"},{"floor":43,"key":"Pantograph"}],"event_choices":[{"damage_healed":0,"gold_gain":0,"player_choice":"Trade","damage_taken":0,"relics_obtained":["FaceOfCleric"],"max_hp_gain":0,"max_hp_loss":0,"event_name":"FaceTrader","floor":5,"gold_loss":0},{"damage_healed":0,"gold_gain":0,"player_choice":"Ignored","damage_taken":0,"max_hp_gain":0,"max_hp_loss":0,"event_name":"Liars Game","floor":11,"gold_loss":0},{"damage_healed":0,"gold_gain":0,"player_choice":"Copied","damage_taken":0,"max_hp_gain":0,"max_hp_loss":0,"event_name":"Duplicator","floor":19,"gold_loss":0,"cards_obtained":["Inflame"]},{"damage_healed":0,"gold_gain":0,"player_choice":"Opened","damage_taken":0,"relics_obtained":["Boot"],"max_hp_gain":0,"max_hp_loss":0,"event_name":"The Mausoleum","floor":20,"gold_loss":0},{"damage_healed":0,"gold_gain":0,"player_choice":"Traded Relic","damage_taken":0,"relics_obtained":["Nloth\u0027s Gift"],"max_hp_gain":0,"max_hp_loss":0,"event_name":"N\u0027loth","floor":21,"relics_lost":["Lantern"],"gold_loss":0},{"damage_healed":0,"gold_gain":0,"player_choice":"Paid","damage_taken":0,"relics_obtained":["Red Mask"],"max_hp_gain":0,"max_hp_loss":0,"event_name":"Tomb of Lord Red Mask","floor":36,"gold_loss":143},{"damage_healed":0,"gold_gain":0,"player_choice":"Max HP","damage_taken":0,"max_hp_gain":0,"max_hp_loss":5,"event_name":"Winding Halls","floor":42,"gold_loss":0},{"damage_healed":0,"gold_gain":0,"player_choice":"Ignored","damage_taken":0,"max_hp_gain":0,"max_hp_loss":0,"event_name":"Mysterious Sphere","floor":47,"gold_loss":0}],"is_beta":false,"boss_relics":[{"not_picked":["Runic Dome","Black Blood"],"picked":"Sozu"},{"not_picked":["Eternal Feather","Calling Bell"],"picked":"Coffee Dripper"}],"items_purged_floors":[4,28,29],"is_endless":false,"potions_floor_spawned":[2,12,14,31,33,41,44],"killed_by":"Awakened One","ascension_level":0}