{"gold_per_floor":[109,120,120,120,139,139,139,139,139,157,172,172,75,25,25,25],"floor_reached":16,"playtime":1006,"items_purged":["Strike_G"],"score":135,"play_id":"5f845cee-12c8-4cef-9fd3-bd5c5defcf48","local_time":"20190627193130","is_ascension_mode":true,"campfire_choices":[{"data":"Poisoned Stab","floor":6,"key":"SMITH"},{"data":"Backflip","floor":8,"key":"SMITH"},{"data":"Backflip","floor":12,"key":"SMITH"},{"data":"Survivor","floor":15,"key":"SMITH"}],"neow_cost":"NONE","seed_source_timestamp":200293605154100,"circlet_count":0,"master_deck":["AscendersBane","Defend_G","Defend_G","Defend_G","Defend_G","Defend_G","Strike_G","Strike_G","Strike_G","Survivor+1","Neutralize+1","Poisoned Stab+1","Backflip+1","Backflip+1","PiercingWail"],"relics":["Ring of the Snake","Strawberry","Dream Catcher","Bottled Lightning"],"potions_floor_usage":[16],"damage_taken":[{"damage":3,"enemies":"2 Louse","floor":1,"turns":4},{"damage":0,"enemies":"Cultist","floor":2,"turns":4},{"damage":1,"enemies":"Jaw Worm","floor":5,"turns":3},{"damage":2,"enemies":"Large Slime","floor":10,"turns":7},{"damage":4,"enemies":"2 Fungi Beasts","floor":11,"turns":4},{"damage":61,"enemies":"Hexaghost","floor":16,"turns":14}],"seed_played":"6229803569474783587","potions_obtained":[{"floor":2,"key":"SneckoOil"}],"is_trial":false,"path_per_floor":["M","M","?","?","M","R","?","R","T","M","M","R","$","?","R","B"],"character_chosen":"THE_SILENT","items_purchased":["PiercingWail"],"campfire_rested":0,"item_purchase_floors":[13],"current_hp_per_floor":[67,67,67,67,66,66,66,66,66,64,60,60,60,60,60,0],"gold":25,"neow_bonus":"RANDOM_COMMON_RELIC","is_prod":false,"is_daily":false,"chose_seed":false,"campfire_upgraded":4,"win_rate":0,"timestamp":1561678290,"path_taken":["M","M","?","?","?","R","?","R","T","M","M","R","$","?","R","BOSS"],"build_version":"2019-01-23","purchased_purges":1,"victory":false,"max_hp_per_floor":[77,77,77,77,77,77,77,77,77,77,77,77,77,77,77,77],"card_choices":[{"not_picked":["Dagger Spray","Blade Dance"],"picked":"Poisoned Stab","floor":1},{"not_picked":["Poisoned Stab","Heel Hook"],"picked":"Backflip","floor":2},{"not_picked":["Slice","Endless Agony"],"picked":"Backflip","floor":5},{"not_picked":["Expertise","Crippling Poison","Bane"],"picked":"SKIP","floor":10},{"not_picked":["Outmaneuver","Accuracy","Dagger Spray"],"picked":"SKIP","floor":11}],"player_experience":113275,"relics_obtained":[{"floor":9,"key":"Bottled Lightning"}],"event_choices":[{"damage_healed":0,"gold_gain":0,"player_choice":"Ignored","damage_taken":0,"max_hp_gain":0,"max_hp_loss":0,"event_name":"Liars Game","floor":3,"gold_loss":0},{"damage_healed":0,"gold_gain":0,"player_choice":"Upgraded","damage_taken":0,"max_hp_gain":0,"max_hp_loss":0,"event_name":"Upgrade Shrine","floor":4,"gold_loss":0,"cards_upgraded":["Neutralize"]},{"damage_healed":0,"gold_gain":0,"player_choice":"Searched \u00271\u0027 times","damage_taken":0,"relics_obtained":["Dream Catcher"],"max_hp_gain":0,"max_hp_loss":0,"event_name":"Dead Adventurer","floor":7,"gold_loss":0},{"cards_removed":["Strike_G"],"damage_healed":0,"gold_gain":0,"player_choice":"Card Removal","damage_taken":0,"max_hp_gain":0,"max_hp_loss":0,"event_name":"The Cleric","floor":14,"gold_loss":50}],"is_beta":false,"boss_relics":[],"items_purged_floors":[13],"is_endless":false,"potions_floor_spawned":[2],"killed_by":"Hexaghost","ascension_level":10}