{"gold_per_floor":[110,125,141,141,141,141,174,139,189,219,179,34,34],"floor_reached":13,"playtime":534,"items_purged":[],"score":105,"play_id":"ff658f69-0db4-4eed-bb41-29048cb3760c","local_time":"20190314213512","is_ascension_mode":true,"campfire_choices":[{"floor":6,"key":"RECALL"}],"neow_cost":"NONE","seed_source_timestamp":1141295574566500,"circlet_count":0,"master_deck":["Strike_B+1","Strike_B","Strike_B","Strike_B","Defend_B+1","Defend_B","Defend_B+1","Defend_B","Zap","Dualcast+1","Gash","Melter","Rebound","Regret","Beam Cell","Gash"],"relics":["Cracked Core","Lantern","Ginger","Art of War","Ancient Tea Set","War Paint"],"potions_floor_usage":[7,7,7,7,7,13,13,13,13],"damage_taken":[{"damage":3,"enemies":"Small Slimes","floor":1,"turns":3},{"damage":2,"enemies":"Jaw Worm","floor":2,"turns":3},{"damage":1,"enemies":"2 Louse","floor":3,"turns":2},{"damage":35,"enemies":"Lagavulin","floor":7,"turns":4},{"damage":44,"enemies":"3 Sentries","floor":10,"turns":7},{"damage":1,"enemies":"Lots of Slimes","floor":13,"turns":1}],"seed_played":"-1534104840763579143","potions_obtained":[{"floor":1,"key":"Strength Potion"},{"floor":3,"key":"EntropicBrew"},{"floor":11,"key":"SpeedPotion"},{"floor":11,"key":"EntropicBrew"},{"floor":11,"key":"SkillPotion"}],"is_trial":false,"path_per_floor":["M","M","M","?","?","R","E","?","T","E","?","$","M"],"character_chosen":"DEFECT","items_purchased":["War Paint"],"campfire_rested":0,"item_purchase_floors":[12],"current_hp_per_floor":[79,77,76,60,60,60,25,45,45,1,1,1,0],"gold":34,"neow_bonus":"TEN_PERCENT_HP_BONUS","is_prod":false,"is_daily":false,"chose_seed":false,"campfire_upgraded":0,"win_rate":0,"timestamp":1552599312,"path_taken":["M","M","M","?","?","R","E","?","T","E","?","$","?"],"build_version":"2019-01-23","purchased_purges":0,"victory":false,"max_hp_per_floor":[82,82,82,82,82,82,82,82,82,82,82,82,82],"card_choices":[{"not_picked":["Fusion","Hologram"],"picked":"Gash","floor":1},{"not_picked":["Stack","Rip and Tear"],"picked":"Melter","floor":2},{"not_picked":["Darkness","Tempest"],"picked":"Rebound","floor":3},{"not_picked":["Scrape","Melter"],"picked":"Beam Cell","floor":7},{"not_picked":["Hello World","Force Field"],"picked":"Gash","floor":10}],"player_experience":315886,"relics_obtained":[{"floor":7,"key":"Ginger"},{"floor":9,"key":"Art of War"},{"floor":10,"key":"Ancient Tea Set"}],"event_choices":[{"damage_healed":0,"gold_gain":0,"player_choice":"Entered Light","damage_taken":16,"max_hp_gain":0,"max_hp_loss":0,"event_name":"Shining Light","floor":4,"gold_loss":0,"cards_upgraded":["Strike_B","Dualcast"]},{"damage_healed":0,"gold_gain":0,"player_choice":"Box","damage_taken":0,"relics_obtained":["Lantern"],"max_hp_gain":0,"max_hp_loss":0,"event_name":"Big Fish","floor":5,"gold_loss":0,"cards_obtained":["Regret"]},{"damage_healed":20,"gold_gain":0,"player_choice":"Healed","damage_taken":0,"max_hp_gain":0,"max_hp_loss":0,"event_name":"The Cleric","floor":8,"gold_loss":35},{"damage_healed":0,"gold_gain":0,"player_choice":"Bought 3 Potions","damage_taken":0,"max_hp_gain":0,"max_hp_loss":0,"event_name":"The Woman in Blue","floor":11,"gold_loss":0}],"is_beta":false,"boss_relics":[],"items_purged_floors":[],"is_endless":false,"potions_floor_spawned":[1,3],"killed_by":"Lots of Slimes","ascension_level":3}