{"gold_per_floor":[119,139,152,152,169,169,169,169,169,169,179,194,214,226,226,226],"floor_reached":16,"playtime":947,"items_purged":[],"score":192,"play_id":"1ee87957-112e-4d2e-8e2c-3c56abfe457f","local_time":"20190629125214","is_ascension_mode":true,"campfire_choices":[{"data":"Cloak And Dagger","floor":6.0,"key":"SMITH"},{"data":"Footwork","floor":8.0,"key":"SMITH"},{"data":"Sucker Punch","floor":10.0,"key":"SMITH"},{"data":"Dodge and Roll","floor":15.0,"key":"SMITH"}],"neow_cost":"NONE","seed_source_timestamp":833677237825400,"circlet_count":0,"master_deck":["AscendersBane","Defend_G","Defend_G","Defend_G","Defend_G","Defend_G","Strike_G","Strike_G","Strike_G","Strike_G","Strike_G","Survivor","Neutralize","Cloak And Dagger+1","Sucker Punch+1","Dagger Throw","Footwork+1","Poisoned Stab","Leg Sweep","Escape Plan","Dodge and Roll+1"],"special_seed":0,"relics":["Ring of the Snake","Ninja Scroll"],"potions_floor_usage":[16],"damage_taken":[{"damage":4.0,"enemies":"Small Slimes","floor":1.0,"turns":4.0},{"damage":8.0,"enemies":"Jaw Worm","floor":2.0,"turns":8.0},{"damage":3.0,"enemies":"Cultist","floor":3.0,"turns":6.0},{"damage":4.0,"enemies":"Looter","floor":5.0,"turns":4.0},{"damage":0.0,"enemies":"2 Fungi Beasts","floor":11.0,"turns":1.0},{"damage":0.0,"enemies":"3 Louse","floor":12.0,"turns":3.0},{"damage":0.0,"enemies":"Gremlin Gang","floor":13.0,"turns":5.0},{"damage":0.0,"enemies":"2 Fungi Beasts","floor":14.0,"turns":2.0},{"damage":57,"enemies":"Hexaghost","floor":16,"turns":14}],"seed_played":"-197629334687339902","potions_obtained":[{"floor":2.0,"key":"SteroidPotion"},{"floor":5.0,"key":"EssenceOfSteel"},{"floor":12.0,"key":"AttackPotion"},{"floor":13.0,"key":"Fire Potion"}],"is_trial":false,"path_per_floor":["M","M","M","?","M","R","?","R","T","R","M","M","M","M","R","B"],"character_chosen":"THE_SILENT","items_purchased":[],"campfire_rested":0,"item_purchase_floors":[],"current_hp_per_floor":[61,53,50,55,51,51,51,51,51,51,51,51,51,51,51,0],"gold":226,"neow_bonus":"TEN_PERCENT_HP_BONUS","is_prod":false,"is_daily":false,"chose_seed":false,"campfire_upgraded":4,"win_rate":0,"timestamp":1561780334,"path_taken":["M","M","M","?","M","R","?","R","T","R","?","M","M","M","R","BOSS"],"build_version":"2019-01-23","purchased_purges":0,"victory":false,"max_hp_per_floor":[72,72,72,77,77,77,77,77,77,77,77,77,77,77,77,77],"card_choices":[{"not_picked":["Backflip","Flying Knee"],"picked":"Cloak And Dagger","floor":1.0},{"not_picked":["Reflex","Caltrops"],"picked":"Sucker Punch","floor":2.0},{"not_picked":["Outmaneuver","Underhanded Strike"],"picked":"Dagger Throw","floor":3.0},{"not_picked":["Infinite Blades","Envenom"],"picked":"Footwork","floor":5.0},{"not_picked":["Dodge and Roll","Infinite Blades"],"picked":"Poisoned Stab","floor":11.0},{"not_picked":["Choke","Deflect"],"picked":"Leg Sweep","floor":12.0},{"not_picked":["Poisoned Stab","Skewer"],"picked":"Escape Plan","floor":13.0},{"not_picked":["Dagger Throw","Skewer"],"picked":"Dodge and Roll","floor":14.0}],"player_experience":1050228,"relics_obtained":[{"floor":9.0,"key":"Ninja Scroll"}],"event_choices":[{"damage_healed":0.0,"max_hp_gain":5.0,"max_hp_loss":0.0,"gold_gain":0.0,"event_name":"Big Fish","player_choice":"Donut","floor":4.0,"gold_loss":0.0,"damage_taken":0.0},{"damage_healed":0.0,"max_hp_gain":0.0,"max_hp_loss":0.0,"gold_gain":0.0,"event_name":"Golden Idol","player_choice":"Ignored","floor":7.0,"gold_loss":0.0,"damage_taken":0.0}],"is_beta":false,"boss_relics":[],"items_purged_floors":[],"is_endless":false,"potions_floor_spawned":[2,5,12,13],"killed_by":"Hexaghost","ascension_level":20}