{"gold_per_floor":[114,114,127,127,56,56,7,7,7,25,36,46,46,59,59,159,159,173,173,173,193,193],"floor_reached":22,"playtime":1730,"items_purged":[],"score":176,"play_id":"c5ef609f-c745-469a-8dbc-572d0c25a25f","local_time":"20180629114438","is_ascension_mode":false,"campfire_choices":[{"data":"Armaments","floor":6,"key":"SMITH"},{"data":"Inflame","floor":8,"key":"SMITH"},{"data":"Shrug It Off","floor":13,"key":"SMITH"},{"data":"Carnage","floor":15,"key":"SMITH"}],"neow_cost":"","seed_source_timestamp":1088890905943890,"circlet_count":0,"master_deck":["Strike_R","Strike_R","Strike_R","Strike_R","Defend_R","Defend_R","Defend_R","Defend_R","Bash+1","Sever Soul","Injury","Inflame+1","Armaments+1","Sword Boomerang","Perfected Strike","Disarm","Carnage+1","Shrug It Off+1","Pommel Strike","Bludgeon","Headbutt","Whirlwind","Reaper"],"relics":["Burning Blood","Bottled Lightning","Nloth\u0027s Gift"],"potions_floor_usage":[16,16,22,22],"damage_taken":[{"damage":0,"enemies":"Small Slimes","floor":1,"turns":4},{"damage":0,"enemies":"Cultist","floor":3,"turns":2},{"damage":0,"enemies":"2 Louse","floor":10,"turns":2},{"damage":23,"enemies":"Lots of Slimes","floor":11,"turns":7},{"damage":8,"enemies":"Looter","floor":12,"turns":4},{"damage":4,"enemies":"Blue Slaver","floor":14,"turns":5},{"damage":44,"enemies":"The Guardian","floor":16,"turns":11},{"damage":29,"enemies":"Spheric Guardian","floor":18,"turns":5},{"damage":24,"enemies":"Shell Parasite","floor":21,"turns":7},{"damage":70,"enemies":"3 Cultists","floor":22,"turns":5}],"seed_played":"4705432407173938968","potions_obtained":[{"floor":1,"key":"Strength Potion"},{"floor":12,"key":"FairyPotion"},{"floor":14,"key":"EssenceOfSteel"},{"floor":16,"key":"PowerPotion"},{"floor":18,"key":"AttackPotion"}],"is_trial":false,"path_per_floor":["M","?","M","?","$","R","$","R","T","M","M","M","R","M","R","B",null,"M","?","?","M"],"character_chosen":"IRONCLAD","items_purchased":["Armaments","Sword Boomerang","Perfected Strike"],"campfire_rested":0,"item_purchase_floors":[5,5,7],"current_hp_per_floor":[80,80,80,73,73,73,73,73,73,79,62,60,60,62,62,24,80,57,57,57,39,0],"gold":193,"neow_bonus":"","is_prod":false,"is_daily":false,"chose_seed":false,"campfire_upgraded":4,"win_rate":0.0,"timestamp":1530287078,"path_taken":["M","?","?","?","$","R","$","R","T","?","M","?","R","M","R","BOSS","M","?","?","?","M"],"build_version":"2018-06-28","purchased_purges":0,"victory":false,"max_hp_per_floor":[80,80,80,80,80,80,80,80,80,80,80,80,80,80,80,80,80,80,80,80,80,80],"card_choices":[{"not_picked":["Entrench","Shockwave"],"picked":"Sever Soul","floor":1},{"not_picked":["Cleave","Combust"],"picked":"Inflame","floor":3},{"not_picked":["Warcry","Burning Pact"],"picked":"Disarm","floor":10},{"not_picked":["Ghostly Armor","Hemokinesis"],"picked":"Carnage","floor":11},{"not_picked":["Pommel Strike","Whirlwind"],"picked":"Shrug It Off","floor":12},{"not_picked":["Twin Strike","Seeing Red"],"picked":"Pommel Strike","floor":14},{"not_picked":["Berserk","Impervious"],"picked":"Bludgeon","floor":16},{"not_picked":["Thunderclap","Sword Boomerang"],"picked":"Headbutt","floor":18},{"not_picked":["True Grit","Cleave+1"],"picked":"Reaper","floor":21}],"player_experience":15345,"relics_obtained":[{"floor":9,"key":"Bottled Lightning"}],"event_choices":[{"event_name":"Accursed Blacksmith","player_choice":"Forge","floor":2,"damage_taken":0},{"event_name":"Golden Wing","player_choice":"Card Removal","floor":4,"damage_taken":0},{"event_name":"N\u0027loth","player_choice":"Traded a Eternal Feather","floor":19,"damage_taken":0},{"event_name":"The Library","player_choice":"Read","floor":20,"damage_taken":0}],"boss_relics":[{"not_picked":["White Beast Statue","Fusion Hammer"],"picked":"Eternal Feather"}],"items_purged_floors":[],"is_endless":false,"potions_floor_spawned":[1,12,14,16,18],"killed_by":"3 Cultists","ascension_level":0}