{"gold_per_floor":[115,125,5,20,38,63,63,74,99,112,130,130,145,160,160,235,235,245,245,160,172,47,47,59,59,139,167,184,184,200,220,220,297,297,314,90,70,80,90,90,108,108,108,108,122,137,137,156,156,156,156],"floor_reached":52,"playtime":3267,"items_purged":["Strike_G","Defend_G"],"score":1743,"play_id":"a689c0a9-f773-4507-a9dd-a3dab8fa02c6","local_time":"20190629142057","is_ascension_mode":true,"campfire_choices":[{"floor":7.0,"key":"REST"},{"data":"Deadly Poison","floor":12.0,"key":"SMITH"},{"floor":15.0,"key":"REST"},{"data":"Blade Dance","floor":23.0,"key":"SMITH"},{"floor":25.0,"key":"REST"},{"data":"Venomology","floor":29.0,"key":"SMITH"},{"floor":32.0,"key":"REST"},{"data":"A Thousand Cuts","floor":40.0,"key":"SMITH"},{"data":"Blur","floor":42.0,"key":"SMITH"},{"data":"Leg Sweep","floor":44.0,"key":"SMITH"},{"data":"Well Laid Plans","floor":49.0,"key":"SMITH"}],"neow_cost":"NONE","seed_source_timestamp":836717414200900,"circlet_count":0,"master_deck":["AscendersBane","Defend_G","Defend_G","Defend_G","Survivor","Neutralize","Backstab","Dagger Spray","Infinite Blades","Leg Sweep+1","Quick Slash","Deadly Poison+1","Die Die Die","Backflip","After Image","After Image","Distraction+1","Malaise+1","Adrenaline+1","Well Laid Plans+1","Blade Dance+1","Outmaneuver","Bane+1","Poisoned Stab","Blur+1","Venomology+1","Flying Knee+1","A Thousand Cuts+1","PiercingWail+1","Terror+1","Bouncing Flask+1"],"special_seed":0,"relics":["Ring of the Snake","The Specimen","Boot","Astrolabe","Vajra","Singing Bowl","Orichalcum","Coffee Dripper","Chemical X","Mummified Hand"],"potions_floor_usage":[51],"damage_taken":[{"damage":0.0,"enemies":"2 Louse","floor":1.0,"turns":5.0},{"damage":6.0,"enemies":"Jaw Worm","floor":2.0,"turns":4.0},{"damage":1.0,"enemies":"Cultist","floor":4.0,"turns":3.0},{"damage":1.0,"enemies":"2 Fungi Beasts","floor":5.0,"turns":4.0},{"damage":53.0,"enemies":"Gremlin Nob","floor":6.0,"turns":6.0},{"damage":4.0,"enemies":"Red Slaver","floor":8.0,"turns":4.0},{"damage":2.0,"enemies":"Large Slime","floor":10.0,"turns":4.0},{"damage":2.0,"enemies":"2 Fungi Beasts","floor":11.0,"turns":2.0},{"damage":3.0,"enemies":"Blue Slaver","floor":13.0,"turns":3.0},{"damage":13.0,"enemies":"Exordium Wildlife","floor":14.0,"turns":3.0},{"damage":24.0,"enemies":"Hexaghost","floor":16.0,"turns":9.0},{"damage":20.0,"enemies":"Chosen","floor":18.0,"turns":7.0},{"damage":0.0,"enemies":"3 Byrds","floor":21.0,"turns":5.0},{"damage":12.0,"enemies":"Snake Plant","floor":24.0,"turns":4.0},{"damage":0.0,"enemies":"Book of Stabbing","floor":27.0,"turns":7.0},{"damage":14.0,"enemies":"Cultist and Chosen","floor":28.0,"turns":7.0},{"damage":1.0,"enemies":"Snecko","floor":30.0,"turns":4.0},{"damage":1.0,"enemies":"Sentry and Sphere","floor":31.0,"turns":3.0},{"damage":67.0,"enemies":"Champ","floor":33.0,"turns":19.0},{"damage":14.0,"enemies":"3 Darklings","floor":35.0,"turns":6.0},{"damage":12.0,"enemies":"3 Shapes","floor":38.0,"turns":6.0},{"damage":21.0,"enemies":"3 Darklings","floor":39.0,"turns":8.0},{"damage":11.0,"enemies":"4 Shapes","floor":41.0,"turns":3.0},{"damage":1.0,"enemies":"Maw","floor":45.0,"turns":7.0},{"damage":0.0,"enemies":"Transient","floor":46.0,"turns":6.0},{"damage":0.0,"enemies":"4 Shapes","floor":48.0,"turns":6.0},{"damage":38.0,"enemies":"Awakened One","floor":50.0,"turns":14.0},{"damage":50,"enemies":"Donu and Deca","floor":51,"turns":13}],"seed_played":"-8827352865944788253","potions_obtained":[{"floor":1.0,"key":"LiquidBronze"},{"floor":2.0,"key":"Fruit Juice"},{"floor":11.0,"key":"Fruit Juice"},{"floor":13.0,"key":"PowerPotion"},{"floor":14.0,"key":"GhostInAJar"},{"floor":21.0,"key":"FairyPotion"},{"floor":24.0,"key":"PowerPotion"},{"floor":27.0,"key":"Poison Potion"},{"floor":31.0,"key":"Energy Potion"},{"floor":35.0,"key":"AttackPotion"},{"floor":37.0,"key":"Poison Potion"},{"floor":38.0,"key":"Fruit Juice"},{"floor":39.0,"key":"SmokeBomb"}],"is_trial":false,"path_per_floor":["M","M","$","M","M","E","R","M","T","M","M","R","M","M","R","B",null,"M","?","?","M","$","R","M","R","T","E","M","R","M","M","R","B",null,"M","$","?","M","M","R","M","R","T","R","M","M","?","M","R","B","B",null],"character_chosen":"THE_SILENT","items_purchased":["Infinite Blades","Poisoned Stab","Chemical X"],"campfire_rested":4,"item_purchase_floors":[3,22,36],"current_hp_per_floor":[65,59,59,63,62,9,32,28,28,26,24,24,26,13,37,13,65,45,45,45,45,45,45,33,57,57,57,45,45,46,45,70,3,65,51,51,51,41,41,41,32,32,32,32,33,33,81,81,81,43,8],"gold":156,"neow_bonus":"TEN_PERCENT_HP_BONUS","is_prod":false,"is_daily":false,"chose_seed":false,"campfire_upgraded":7,"win_rate":0,"timestamp":1561785657,"path_taken":["M","M","$","M","M","E","R","M","T","M","M","R","M","M","R","BOSS","M","?","?","M","?","R","M","R","T","E","?","R","M","M","R","BOSS","M","$","?","M","M","R","M","R","T","R","?","M","?","M","R","BOSS","BOSS"],"build_version":"2019-01-23","purchased_purges":2,"victory":true,"max_hp_per_floor":[72,72,72,77,77,77,77,77,77,77,77,77,82,82,82,82,82,82,82,82,82,82,82,82,82,82,82,84,84,86,86,86,86,86,86,86,86,88,95,95,97,97,97,97,99,99,81,81,81,81,81],"card_choices":[{"not_picked":["Quick Slash","Acrobatics"],"picked":"Backstab","floor":1.0},{"not_picked":["Underhanded Strike","Prepared"],"picked":"Dagger Spray","floor":2.0},{"not_picked":["Slice","Outmaneuver"],"picked":"Leg Sweep","floor":4.0},{"not_picked":["Predator","Prepared"],"picked":"Quick Slash","floor":5.0},{"not_picked":["Slice","Tactician"],"picked":"Deadly Poison","floor":6.0},{"not_picked":["Outmaneuver","Calculated Gamble"],"picked":"Die Die Die","floor":8.0},{"not_picked":["Dodge and Roll","Flying Knee"],"picked":"Backflip","floor":10.0},{"not_picked":["Blade Dance","Dodge and Roll","Quick Slash"],"picked":"SKIP","floor":11.0},{"not_picked":["Backflip","Flying Knee"],"picked":"After Image","floor":13.0},{"not_picked":["Finisher","Setup","Outmaneuver"],"picked":"SKIP","floor":14.0},{"not_picked":["Phantasmal Killer","Unload"],"picked":"After Image","floor":16.0},{"not_picked":["Catalyst","Outmaneuver+1"],"picked":"Well Laid Plans","floor":18.0},{"not_picked":["Underhanded Strike","Dodge and Roll"],"picked":"Bane+1","floor":21.0},{"not_picked":["Bane","PiercingWail"],"picked":"Blur","floor":24.0},{"not_picked":["Dagger Throw","Backstab"],"picked":"Venomology","floor":27.0},{"not_picked":["Flying Knee","Infinite Blades","Prepared"],"picked":"Singing Bowl","floor":28.0},{"not_picked":["Quick Slash","Flying Knee","Acrobatics"],"picked":"Singing Bowl","floor":30.0},{"not_picked":["Backflip+1","Underhanded Strike+1"],"picked":"Flying Knee+1","floor":31.0},{"not_picked":["Grand Finale","Unload"],"picked":"A Thousand Cuts","floor":33.0},{"not_picked":["Dodge and Roll+1","Outmaneuver"],"picked":"PiercingWail+1","floor":35.0},{"not_picked":["Tactician","Outmaneuver","Slice"],"picked":"Singing Bowl","floor":38.0},{"not_picked":["Riddle With Holes","Distraction","Leg Sweep+1"],"picked":"Singing Bowl","floor":39.0},{"not_picked":["Bane","Backflip+1","Reflex"],"picked":"Singing Bowl","floor":41.0},{"not_picked":["Dagger Throw","Storm of Steel","Prepared"],"picked":"Singing Bowl","floor":45.0},{"not_picked":["Deadly Poison+1","Dagger Throw"],"picked":"Terror+1","floor":46.0},{"not_picked":["Sucker Punch","Dagger Spray+1"],"picked":"Bouncing Flask+1","floor":48.0}],"player_experience":1051473,"relics_obtained":[{"floor":6.0,"key":"The Specimen"},{"floor":9.0,"key":"Boot"},{"floor":26.0,"key":"Singing Bowl"},{"floor":27.0,"key":"Orichalcum"},{"floor":43.0,"key":"Mummified Hand"}],"event_choices":[{"damage_healed":0.0,"max_hp_gain":0.0,"max_hp_loss":0.0,"gold_gain":0.0,"cards_transformed":["Strike_G","Strike_G"],"event_name":"Drug Dealer","player_choice":"Became Test Subject","floor":19.0,"gold_loss":0.0,"damage_taken":0.0,"cards_obtained":["Blade Dance","Outmaneuver"]},{"damage_healed":0.0,"max_hp_gain":0.0,"max_hp_loss":0.0,"gold_gain":0.0,"event_name":"Addict","player_choice":"Obtained Relic","floor":20.0,"gold_loss":85.0,"damage_taken":0.0,"relics_obtained":["Vajra"]},{"damage_healed":0.0,"max_hp_gain":0.0,"max_hp_loss":0.0,"gold_gain":0.0,"event_name":"The Woman in Blue","player_choice":"Bought 1 Potion","floor":37.0,"gold_loss":0.0,"damage_taken":0.0},{"damage_healed":81.0,"max_hp_gain":0.0,"max_hp_loss":18.0,"gold_gain":0.0,"event_name":"The Moai Head","player_choice":"Heal","floor":47.0,"gold_loss":0.0,"damage_taken":0.0}],"is_beta":false,"boss_relics":[{"not_picked":["HoveringKite","Runic Dome"],"picked":"Astrolabe"},{"not_picked":["Fusion Hammer","Sozu"],"picked":"Coffee Dripper"}],"items_purged_floors":[3,22],"is_endless":false,"potions_floor_spawned":[1,2,11,13,14,21,24,27,31,35,38,39,48],"ascension_level":20}