{"gold_per_floor":[113,113,128,55,55,86,105,119,119,119,149,161,175,185,185,283,283,301,301,313,313,287,287,305,305,305,123,123],"floor_reached":28,"playtime":1352,"items_purged":[],"score":255,"play_id":"393a93b3-5062-411f-9b42-380028487a22","local_time":"20190629161948","is_ascension_mode":false,"campfire_choices":[{"data":"Bouncing Flask","floor":10,"key":"SMITH"},{"floor":15,"key":"REST"},{"floor":23,"key":"REST"}],"neow_cost":"NONE","seed_source_timestamp":1085779184727200,"circlet_count":0,"master_deck":["Defend_G","Defend_G","Defend_G","Defend_G","Defend_G","Strike_G","Strike_G","Strike_G","Strike_G","Strike_G","Survivor","Neutralize","Poisoned Stab","Outmaneuver","Caltrops+1","Bouncing Flask+1","Sucker Punch","Calculated Gamble","Dagger Spray","Deadly Poison","Envenom","Infinite Blades+1","Night Terror","Dagger Throw","Acrobatics","Crippling Poison","Footwork"],"relics":["Ring of the Snake","NeowsBlessing","Omamori","Singing Bowl","Boot","Gremlin Horn","Cursed Key","Orichalcum","Bag of Marbles"],"potions_floor_usage":[14,16,16,20,21],"damage_taken":[{"damage":0,"enemies":"Cultist","floor":1,"turns":1},{"damage":0,"enemies":"2 Louse","floor":3,"turns":1},{"damage":0,"enemies":"3 Sentries","floor":6,"turns":1},{"damage":3,"enemies":"Jaw Worm","floor":7,"turns":3},{"damage":1,"enemies":"Red Slaver","floor":8,"turns":4},{"damage":21,"enemies":"Gremlin Nob","floor":11,"turns":4},{"damage":15,"enemies":"Blue Slaver","floor":12,"turns":3},{"damage":15,"enemies":"2 Fungi Beasts","floor":13,"turns":3},{"damage":5,"enemies":"3 Louse","floor":14,"turns":3},{"damage":24,"enemies":"Hexaghost","floor":16,"turns":8},{"damage":25,"enemies":"Spheric Guardian","floor":18,"turns":4},{"damage":22,"enemies":"2 Thieves","floor":20,"turns":3},{"damage":0,"enemies":"Colosseum Slavers","floor":21,"turns":1},{"damage":47,"enemies":"Snecko","floor":24,"turns":5},{"damage":7,"enemies":"Snake Plant","floor":28,"turns":2}],"seed_played":"8270328365528754801","potions_obtained":[{"floor":7,"key":"SteroidPotion"},{"floor":11,"key":"Dexterity Potion"},{"floor":12,"key":"EssenceOfSteel"},{"floor":16,"key":"SmokeBomb"},{"floor":18,"key":"PowerPotion"}],"is_trial":false,"path_per_floor":["M","?","M","$","?","E","M","M","T","R","E","M","M","M","R","B",null,"M","?","M","?","$","R","M","?","T","$","M"],"character_chosen":"THE_SILENT","items_purchased":["Caltrops","Acrobatics","Bag of Marbles","Footwork"],"campfire_rested":2,"item_purchase_floors":[4,22,27,27],"current_hp_per_floor":[70,63,63,63,63,63,60,59,59,59,38,23,10,7,29,5,74,49,49,29,29,29,51,4,4,4,4,0],"gold":123,"neow_bonus":"THREE_ENEMY_KILL","is_prod":false,"is_daily":false,"chose_seed":false,"campfire_upgraded":1,"win_rate":0.0,"timestamp":1561846788,"path_taken":["M","?","M","$","?","E","M","M","T","R","E","M","M","M","R","BOSS","M","?","?","?","$","R","M","?","T","?","M"],"build_version":"2019-01-23","purchased_purges":0,"victory":false,"max_hp_per_floor":[70,70,70,70,70,70,70,70,70,70,70,70,72,74,74,74,74,74,74,76,76,76,76,76,76,76,76,76],"card_choices":[{"not_picked":["Flying Knee","Well Laid Plans"],"picked":"Poisoned Stab","floor":1},{"not_picked":["Blade Dance","Leg Sweep"],"picked":"Outmaneuver","floor":3},{"not_picked":["Backflip","Slice"],"picked":"Bouncing Flask","floor":6},{"not_picked":["Flechettes","Footwork"],"picked":"Sucker Punch","floor":7},{"not_picked":["Dash","Backflip"],"picked":"Calculated Gamble","floor":8},{"not_picked":["Quick Slash","Flechettes"],"picked":"Dagger Spray","floor":11},{"not_picked":["Tactician","Glass Knife"],"picked":"Deadly Poison","floor":12},{"not_picked":["Caltrops","Deflect","Distraction"],"picked":"Singing Bowl","floor":13},{"not_picked":["Underhanded Strike","Sucker Punch","Choke"],"picked":"Singing Bowl","floor":14},{"not_picked":["Night Terror","Bullet Time"],"picked":"Envenom","floor":16},{"not_picked":["Heel Hook","Acrobatics"],"picked":"Infinite Blades+1","floor":18},{"not_picked":["Outmaneuver+1","Quick Slash+1","Dodge and Roll"],"picked":"Singing Bowl","floor":20},{"not_picked":["Reflex","Prepared"],"picked":"Crippling Poison","floor":24}],"player_experience":28831,"relics_obtained":[{"floor":6,"key":"Singing Bowl"},{"floor":9,"key":"Boot"},{"floor":11,"key":"Gremlin Horn"},{"floor":26,"key":"Orichalcum"}],"event_choices":[{"damage_healed":0,"gold_gain":0,"player_choice":"Success","damage_taken":7,"relics_obtained":["Omamori"],"max_hp_gain":0,"max_hp_loss":0,"event_name":"Scrap Ooze","floor":2,"gold_loss":0},{"damage_healed":0,"gold_gain":0,"player_choice":"Grow","damage_taken":0,"max_hp_gain":0,"max_hp_loss":0,"event_name":"Living Wall","floor":5,"gold_loss":0,"cards_upgraded":["Caltrops"]},{"damage_healed":0,"gold_gain":0,"player_choice":"2 cards matched","damage_taken":0,"max_hp_gain":0,"max_hp_loss":0,"event_name":"Match and Keep!","floor":19,"gold_loss":0,"cards_obtained":["Night Terror","Dagger Throw"]},{"damage_healed":0,"gold_gain":0,"player_choice":"Fight","damage_taken":0,"max_hp_gain":0,"max_hp_loss":0,"event_name":"Colosseum","floor":21,"gold_loss":0},{"damage_healed":0,"gold_gain":0,"player_choice":"Fled From Nobs","damage_taken":0,"max_hp_gain":0,"max_hp_loss":0,"event_name":"Colosseum","floor":21,"gold_loss":0},{"damage_healed":0,"gold_gain":0,"player_choice":"Ignored","damage_taken":0,"max_hp_gain":0,"max_hp_loss":0,"event_name":"Vampires","floor":25,"gold_loss":0}],"is_beta":false,"boss_relics":[{"not_picked":["Runic Dome","Coffee Dripper"],"picked":"Cursed Key"}],"items_purged_floors":[],"is_endless":false,"potions_floor_spawned":[7,11,12,13,16,18],"killed_by":"Snake Plant","ascension_level":0}