{"gold_per_floor":[114,129,129,31,31,31,61,61,61,91,156,171,201,216,216,316,316,331,331,346,361,361,391,391,38,63,78,78,108,108,138,138,238,238,253,268,283,283,42,72,72,102,102,102,132,6,21,71,71,71],"floor_reached":51,"playtime":2640,"items_purged":[],"score":1009,"play_id":"006c6fb1-b8da-4013-a011-a3f64f4a8f5d","local_time":"20190329115013","daily_mods":["SealedDeck","Uncertain Future","Elite Swarm"],"is_ascension_mode":false,"campfire_choices":[{"data":"Backstab","floor":6,"key":"SMITH"},{"floor":8,"key":"REST"},{"data":"1","floor":15,"key":"LIFT"},{"data":"2","floor":24,"key":"LIFT"},{"data":"3","floor":28,"key":"LIFT"},{"floor":32,"key":"REST"},{"data":"Dramatic Entrance","floor":41,"key":"SMITH"},{"floor":44,"key":"REST"},{"floor":49,"key":"REST"}],"neow_cost":"","seed_source_timestamp":0,"circlet_count":0,"master_deck":["All Out Attack+1","Quick Slash","Quick Slash","Quick Slash+1","Slice","Quick Slash+1","Dagger Spray","Backstab+1","Dagger Spray+1","Prepared","PiercingWail","Dramatic Entrance+1","Unload","Unload+1","Outmaneuver","Bullet Time","Well Laid Plans","Die Die Die+1","Tactician","Deadly Poison","Dagger Throw+1","Grand Finale+1","Swift Strike+1","Finisher+1","Reflex","Footwork+1","Grand Finale+1","Bite+1","Bite+1","Bite+1","Bite+1","Bite+1","Wraith Form v2+1","Burst","Caltrops+1","Deadly Poison+1","Parasite","Acrobatics+1","Mind Blast+1","Storm of Steel","After Image+1","Bane+1","Prepared+1"],"special_seed":17984,"relics":["Ring of the Snake","Meat on the Bone","Molten Egg 2","Girya","Busted Crown","Frozen Egg 2","Vajra","Regal Pillow","Ginger","Letter Opener","Runic Dome","SsserpentHead","Strawberry","Unceasing Top","Boot","Kunai","StoneCalendar","Whetstone"],"potions_floor_usage":[7,16,21,21,23,27,29,33,42,42,50,50,50],"damage_taken":[{"damage":0,"enemies":"2 Louse","floor":1,"turns":1},{"damage":0,"enemies":"Small Slimes","floor":2,"turns":1},{"damage":0,"enemies":"3 Sentries","floor":7,"turns":2},{"damage":12,"enemies":"Lagavulin","floor":10,"turns":3},{"damage":0,"enemies":"Cultist","floor":12,"turns":2},{"damage":0,"enemies":"3 Sentries","floor":13,"turns":2},{"damage":0,"enemies":"Blue Slaver","floor":14,"turns":1},{"damage":0,"enemies":"Slime Boss","floor":16,"turns":3},{"damage":0,"enemies":"Spheric Guardian","floor":18,"turns":2},{"damage":0,"enemies":"2 Thieves","floor":20,"turns":1},{"damage":0,"enemies":"3 Cultists","floor":21,"turns":1},{"damage":7,"enemies":"Slavers","floor":23,"turns":2},{"damage":0,"enemies":"Cultist and Chosen","floor":27,"turns":3},{"damage":20,"enemies":"Book of Stabbing","floor":29,"turns":3},{"damage":19,"enemies":"Slavers","floor":31,"turns":2},{"damage":2,"enemies":"Automaton","floor":33,"turns":4},{"damage":15,"enemies":"Orb Walker","floor":35,"turns":2},{"damage":3,"enemies":"3 Shapes","floor":36,"turns":2},{"damage":18,"enemies":"Writhing Mass","floor":37,"turns":4},{"damage":0,"enemies":"Reptomancer","floor":40,"turns":2},{"damage":37,"enemies":"Giant Head","floor":42,"turns":6},{"damage":30,"enemies":"Reptomancer","floor":45,"turns":3},{"damage":0,"enemies":"3 Darklings","floor":47,"turns":2},{"damage":33,"enemies":"Awakened One","floor":50,"turns":8}],"seed_played":"5108199104389933622","potions_obtained":[{"floor":1,"key":"GhostInAJar"},{"floor":2,"key":"Ancient Potion"},{"floor":12,"key":"SpeedPotion"},{"floor":14,"key":"SkillPotion"},{"floor":18,"key":"PowerPotion"},{"floor":21,"key":"Explosive Potion"},{"floor":23,"key":"SkillPotion"},{"floor":31,"key":"Swift Potion"},{"floor":36,"key":"GhostInAJar"},{"floor":37,"key":"Energy Potion"},{"floor":40,"key":"Ancient Potion"},{"floor":42,"key":"PowerPotion"},{"floor":47,"key":"AttackPotion"}],"is_trial":false,"path_per_floor":["M","M","?","$","?","R","E","R","T","E","?","M","E","M","R","B",null,"M","?","M","M","?","E","R","$","T","M","R","E","?","E","R","B",null,"M","M","M","?","$","E","R","E","T","R","E","$","M","?","R","B",null],"character_chosen":"THE_SILENT","items_purchased":["Dramatic Entrance","Vajra","Swift Strike+1","Finisher+1","Reflex","Mind Blast+1","Strawberry","Whetstone","Bane+1"],"campfire_rested":4,"item_purchase_floors":[4,25,25,25,25,39,39,46,46],"current_hp_per_floor":[70,70,56,56,56,56,56,70,70,58,58,60,62,64,64,66,70,70,70,70,70,57,52,52,52,52,54,54,48,48,44,75,75,75,63,69,57,57,64,70,70,48,48,82,55,55,64,64,82,58],"gold":71,"neow_bonus":"","is_prod":false,"is_daily":true,"chose_seed":false,"campfire_upgraded":2,"win_rate":0,"timestamp":1553860213,"path_taken":["M","M","?","$","?","R","E","R","T","E","?","M","E","M","R","BOSS","M","?","M","M","?","E","R","$","T","M","R","E","?","E","R","BOSS","M","M","M","?","$","E","R","E","T","R","E","?","M","?","R","BOSS"],"build_version":"2019-01-23","purchased_purges":0,"victory":true,"max_hp_per_floor":[70,70,70,70,70,70,70,70,70,70,70,70,70,70,70,70,70,70,70,70,70,75,75,75,75,75,75,75,75,75,75,75,75,75,75,75,75,75,82,82,82,82,82,82,82,82,82,82,82,82],"card_choices":[{"not_picked":["Bane","Footwork"],"picked":"Prepared","floor":1},{"not_picked":["Blade Dance","Expertise"],"picked":"PiercingWail","floor":2},{"not_picked":["A Thousand Cuts","Envenom"],"picked":"Unload","floor":7},{"not_picked":["Tools of the Trade","Wraith Form v2"],"picked":"Unload+1","floor":10},{"not_picked":["Heel Hook+1","Leg Sweep"],"picked":"Outmaneuver","floor":12},{"not_picked":["Corpse Explosion","Doppelganger"],"picked":"Bullet Time","floor":13},{"not_picked":["Terror","Deflect"],"picked":"Well Laid Plans","floor":14},{"not_picked":["Burst","Doppelganger"],"picked":"Die Die Die+1","floor":16},{"not_picked":[],"picked":"Tactician","floor":18},{"not_picked":[],"picked":"Deadly Poison","floor":20},{"not_picked":[],"picked":"Dagger Throw+1","floor":21},{"not_picked":[],"picked":"Grand Finale+1","floor":23},{"not_picked":[],"picked":"Footwork+1","floor":27},{"not_picked":[],"picked":"Grand Finale+1","floor":29},{"not_picked":[],"picked":"Wraith Form v2+1","floor":31},{"not_picked":[],"picked":"Burst","floor":33},{"not_picked":[],"picked":"Caltrops+1","floor":35},{"not_picked":[],"picked":"Deadly Poison+1","floor":36},{"not_picked":[],"picked":"Acrobatics+1","floor":37},{"not_picked":[],"picked":"Burst","floor":40},{"not_picked":[],"picked":"Storm of Steel","floor":42},{"not_picked":[],"picked":"After Image+1","floor":45},{"not_picked":[],"picked":"Prepared+1","floor":47}],"player_experience":405296,"relics_obtained":[{"floor":7,"key":"Meat on the Bone"},{"floor":9,"key":"Molten Egg 2"},{"floor":10,"key":"Blood Vial"},{"floor":13,"key":"Girya"},{"floor":23,"key":"Frozen Egg 2"},{"floor":26,"key":"Regal Pillow"},{"floor":29,"key":"Ginger"},{"floor":31,"key":"Letter Opener"},{"floor":40,"key":"Unceasing Top"},{"floor":42,"key":"Boot"},{"floor":43,"key":"Kunai"},{"floor":45,"key":"StoneCalendar"}],"event_choices":[{"damage_healed":0,"gold_gain":0,"player_choice":"Entered Light","damage_taken":14,"max_hp_gain":0,"max_hp_loss":0,"event_name":"Shining Light","floor":3,"gold_loss":0,"cards_upgraded":["All Out Attack","Dagger Spray"]},{"damage_healed":0,"gold_gain":0,"player_choice":"Leave","damage_taken":0,"max_hp_gain":0,"max_hp_loss":0,"event_name":"The Cleric","floor":5,"gold_loss":0},{"damage_healed":0,"gold_gain":65,"player_choice":"Gained Gold","damage_taken":0,"max_hp_gain":0,"max_hp_loss":0,"event_name":"Golden Wing","floor":11,"gold_loss":0},{"cards_removed":["PiercingWail"],"damage_healed":0,"gold_gain":0,"player_choice":"Elegance","damage_taken":0,"max_hp_gain":0,"max_hp_loss":0,"event_name":"Back to Basics","floor":19,"gold_loss":0},{"damage_healed":0,"gold_gain":0,"player_choice":"Shed Blood","damage_taken":18,"max_hp_gain":5,"max_hp_loss":0,"event_name":"Forgotten Altar","floor":22,"gold_loss":0},{"damage_healed":0,"gold_gain":0,"player_choice":"Became a vampire (Vial)","damage_taken":0,"max_hp_gain":0,"max_hp_loss":0,"event_name":"Vampires","floor":30,"relics_lost":["Blood Vial"],"gold_loss":0,"cards_obtained":["Bite","Bite","Bite","Bite","Bite"]},{"damage_healed":0,"gold_gain":0,"player_choice":"Trade","damage_taken":0,"relics_obtained":["SsserpentHead"],"max_hp_gain":0,"max_hp_loss":0,"event_name":"FaceTrader","floor":38,"gold_loss":0},{"cards_removed":["Burst"],"damage_healed":0,"gold_gain":0,"player_choice":"Removed Skill","damage_taken":0,"max_hp_gain":0,"max_hp_loss":0,"event_name":"Falling","floor":48,"gold_loss":0}],"is_beta":false,"boss_relics":[{"not_picked":["Snecko Eye","Empty Cage"],"picked":"Busted Crown"},{"not_picked":["Lizard Tail","White Beast Statue"],"picked":"Runic Dome"}],"items_purged_floors":[],"is_endless":false,"potions_floor_spawned":[1,2,12,14,18,21,23,31,36,37,40,42,47],"ascension_level":0}