{"gold_per_floor":[115,115,128,228,100,133,133,158,158,158,186,197,213,243,243,338,338,357,373,13,13,24,52,52,64,64,64,64,80,106,123,123,123],"floor_reached":33,"playtime":1580,"items_purged":["Strike_R","Strike_R"],"score":399,"play_id":"b8c3258b-3051-446a-a970-a39ac4e1fdeb","local_time":"20181109120525","is_ascension_mode":true,"campfire_choices":[{"data":"True Grit","floor":7,"key":"SMITH"},{"data":"Spot Weakness","floor":10,"key":"SMITH"},{"data":"Armaments","floor":15,"key":"SMITH"},{"data":"Clothesline","floor":24,"key":"SMITH"},{"data":"Heavy Blade","floor":28,"key":"SMITH"},{"floor":32,"key":"REST"}],"neow_cost":"NONE","seed_source_timestamp":2599477092786903,"circlet_count":0,"master_deck":["Strike_R","Strike_R","Defend_R","Defend_R","Defend_R","Defend_R","Bash","Armaments+1","Corruption","Clothesline+1","True Grit+1","Spot Weakness+1","Havoc","Sword Boomerang","Headbutt","Limit Break+1","Heavy Blade+1","Seeing Red","Sentinel+1"],"relics":["Burning Blood","NeowsBlessing","Unceasing Top","Gambling Chip","Singing Bowl","Pen Nib","Bronze Scales","Velvet Choker","Bottled Lightning","Centennial Puzzle","Matryoshka","Lantern"],"potions_floor_usage":[14,31,33,33],"damage_taken":[{"damage":0,"enemies":"2 Louse","floor":1,"turns":1},{"damage":0,"enemies":"Cultist","floor":3,"turns":1},{"damage":0,"enemies":"Lagavulin","floor":6,"turns":2},{"damage":23,"enemies":"3 Sentries","floor":8,"turns":12},{"damage":26,"enemies":"Lagavulin","floor":11,"turns":9},{"damage":4,"enemies":"Small Slimes","floor":12,"turns":3},{"damage":15,"enemies":"Gremlin Gang","floor":13,"turns":5},{"damage":20,"enemies":"3 Sentries","floor":14,"turns":7},{"damage":13,"enemies":"Hexaghost","floor":16,"turns":6},{"damage":12,"enemies":"2 Thieves","floor":18,"turns":3},{"damage":5,"enemies":"Shell Parasite","floor":19,"turns":4},{"damage":16,"enemies":"Snake Plant","floor":22,"turns":3},{"damage":23,"enemies":"Gremlin Leader","floor":23,"turns":4},{"damage":7,"enemies":"Cultist and Chosen","floor":25,"turns":3},{"damage":7,"enemies":"Snecko","floor":29,"turns":5},{"damage":17,"enemies":"Book of Stabbing","floor":30,"turns":4},{"damage":50,"enemies":"3 Cultists","floor":31,"turns":5},{"damage":46,"enemies":"Collector","floor":33,"turns":5}],"seed_played":"-8471895154349633374","potions_obtained":[{"floor":3,"key":"Ancient Potion"},{"floor":13,"key":"Swift Potion"},{"floor":14,"key":"Fruit Juice"},{"floor":16,"key":"Explosive Potion"},{"floor":19,"key":"EssenceOfSteel"},{"floor":31,"key":"Energy Potion"}],"is_trial":false,"path_per_floor":["M","?","M","?","$","E","R","E","T","R","E","M","M","E","R","B",null,"M","M","$","?","M","E","R","M","T","$","R","M","E","M","R","B"],"character_chosen":"IRONCLAD","items_purchased":["True Grit","Bottled Lightning"],"campfire_rested":1,"item_purchase_floors":[5,20],"current_hp_per_floor":[80,80,80,80,80,80,80,63,63,63,43,47,40,31,31,24,89,85,88,88,88,80,65,65,64,64,64,64,65,54,10,39,0],"gold":123,"neow_bonus":"THREE_ENEMY_KILL","is_prod":false,"is_daily":false,"chose_seed":false,"campfire_upgraded":5,"win_rate":0,"timestamp":1541783125,"path_taken":["M","?","?","?","$","E","R","E","T","R","E","?","M","E","R","BOSS","M","M","$","?","?","E","R","M","T","?","R","M","E","M","R","BOSS"],"build_version":"2018-11-08","purchased_purges":2,"victory":false,"max_hp_per_floor":[80,80,80,80,80,80,80,80,80,80,80,82,84,89,89,89,89,91,93,93,93,95,97,97,97,97,97,97,99,99,99,99,99],"card_choices":[{"not_picked":["Havoc","Anger"],"picked":"Armaments","floor":1},{"not_picked":["Flex","Twin Strike"],"picked":"Clothesline","floor":3},{"not_picked":["Battle Trance","Sever Soul"],"picked":"Spot Weakness","floor":6},{"not_picked":["Clash","Shrug It Off"],"picked":"Havoc","floor":8},{"not_picked":["Pummel","True Grit"],"picked":"Sword Boomerang","floor":11},{"not_picked":["Perfected Strike","Fire Breathing","Sentinel"],"picked":"Singing Bowl","floor":12},{"not_picked":["Shrug It Off","Pommel Strike","Twin Strike"],"picked":"Singing Bowl","floor":13},{"not_picked":["Blood for Blood","Entrench"],"picked":"Headbutt","floor":14},{"not_picked":["Double Tap","Exhume"],"picked":"Limit Break","floor":16},{"not_picked":["Rage+1","Shockwave","Twin Strike"],"picked":"Singing Bowl","floor":18},{"not_picked":["Carnage","Pummel","Sentinel"],"picked":"Singing Bowl","floor":19},{"not_picked":["Headbutt+1","Perfected Strike+1","Havoc"],"picked":"Singing Bowl","floor":22},{"not_picked":["Wild Strike","Pommel Strike","Infernal Blade"],"picked":"Singing Bowl","floor":23},{"not_picked":["Reckless Charge+1","Clash"],"picked":"Heavy Blade","floor":25},{"not_picked":["Flex","Combust+1","Armaments"],"picked":"Singing Bowl","floor":29},{"not_picked":["Reckless Charge+1","Clothesline+1"],"picked":"Seeing Red","floor":30},{"not_picked":["Sword Boomerang","Havoc"],"picked":"Sentinel+1","floor":31}],"player_experience":135969,"relics_obtained":[{"floor":6,"key":"Unceasing Top"},{"floor":8,"key":"Gambling Chip"},{"floor":9,"key":"Singing Bowl"},{"floor":11,"key":"Pen Nib"},{"floor":14,"key":"Bronze Scales"},{"floor":23,"key":"Centennial Puzzle"},{"floor":26,"key":"Matryoshka"},{"floor":30,"key":"Lantern"}],"event_choices":[{"damage_healed":0,"gold_gain":0,"cards_transformed":["Strike_R"],"player_choice":"Transformed","damage_taken":0,"max_hp_gain":0,"max_hp_loss":0,"event_name":"Transmorgrifier","floor":2,"gold_loss":0,"cards_obtained":["Corruption"]},{"damage_healed":0,"gold_gain":100,"player_choice":"Pray","damage_taken":0,"max_hp_gain":0,"max_hp_loss":0,"event_name":"Golden Shrine","floor":4,"gold_loss":0},{"damage_healed":0,"gold_gain":0,"player_choice":"Forge","damage_taken":0,"max_hp_gain":0,"max_hp_loss":0,"event_name":"Accursed Blacksmith","floor":21,"gold_loss":0,"cards_upgraded":["Limit Break"]}],"is_beta":false,"boss_relics":[{"not_picked":["Sozu","Snecko Eye"],"picked":"Velvet Choker"}],"items_purged_floors":[5,20],"is_endless":false,"potions_floor_spawned":[3,13,14,16,19,23,25,30,31],"killed_by":"Collector","ascension_level":2}