{"gold_per_floor":[115,115,130,142,216,249,262,291,369,369,97,114,142,162,162,263,263,276,276,295,26,26,26,61,76,76,90,90,118,131,156,156,255,255,274,294,307,146,146,171,171,199,199,299,299,95,126,126,126,126,126,126,79,109,109],"floor_reached":56,"playtime":7743,"items_purged":[],"score":1616,"play_id":"96054088-d775-4b5c-acdf-92b4d42e7d9a","local_time":"20190629110427","is_ascension_mode":true,"campfire_choices":[{"data":"Bludgeon","floor":10,"key":"SMITH"},{"data":"Metallicize","floor":15,"key":"SMITH"},{"data":"RitualDagger","floor":23,"key":"SMITH"},{"floor":32,"key":"REST"},{"data":"Demon Form","floor":41,"key":"SMITH"},{"data":"Inflame","floor":45,"key":"SMITH"},{"floor":49,"key":"RECALL"},{"data":"Metallicize","floor":52,"key":"SMITH"}],"neow_cost":"NONE","seed_source_timestamp":49900805387600,"circlet_count":0,"master_deck":["Strike_R","Strike_R+1","Strike_R","Strike_R","Strike_R+1","Defend_R","Defend_R","Defend_R","Defend_R","Bash","Bludgeon","Clothesline","Anger","Metallicize+1","Bludgeon+1","Anger","Power Through+1","Rage+1","Battle Trance+1","Flash of Steel","Inflame+1","Seeing Red+1","Rage+1","Reaper","Reaper","Havoc+1","RitualDagger+1","Havoc+1","Enlightenment+1","Shrug It Off+1","Metallicize+1","Battle Trance+1","Warcry+1","Armaments+1","True Grit+1","Havoc+1","Shrug It Off+1","Demon Form+1","Havoc+1","Thunderclap+1","Ghostly Armor+1","Carnage","Discovery+1","Trip+1","The Bomb+1","Master of Strategy+1","Headbutt+1","Armaments+1","Ghostly Armor+1","Feel No Pain","Seeing Red+1","Blind+1","Pummel+1","Warcry+1","Clothesline+1"],"relics":["Black Blood","Toxic Egg 2","Mango","Pear","Bottled Flame","Incense Burner","MutagenicStrength","Shuriken","Red Skull","Ice Cream","Orichalcum","Sozu","Anchor","Mummified Hand","Pocketwatch","Meat on the Bone","Ornamental Fan"],"potions_floor_usage":[7,8,13,16,29,31],"damage_taken":[{"damage":6,"enemies":"2 Louse","floor":1,"turns":2},{"damage":0,"enemies":"Jaw Worm","floor":3,"turns":3},{"damage":0,"enemies":"Cultist","floor":4,"turns":2},{"damage":24,"enemies":"3 Sentries","floor":6,"turns":8},{"damage":8,"enemies":"Blue Slaver","floor":7,"turns":2},{"damage":15,"enemies":"Gremlin Nob","floor":8,"turns":3},{"damage":0,"enemies":"Looter","floor":12,"turns":1},{"damage":1,"enemies":"3 Sentries","floor":13,"turns":5},{"damage":0,"enemies":"2 Fungi Beasts","floor":14,"turns":2},{"damage":40,"enemies":"Hexaghost","floor":16,"turns":8},{"damage":2,"enemies":"Chosen","floor":18,"turns":4},{"damage":9,"enemies":"Shell Parasite","floor":20,"turns":5},{"damage":21,"enemies":"Book of Stabbing","floor":24,"turns":5},{"damage":24,"enemies":"Snake Plant","floor":25,"turns":3},{"damage":29,"enemies":"Snecko","floor":27,"turns":6},{"damage":48,"enemies":"Slavers","floor":29,"turns":7},{"damage":16,"enemies":"Sentry and Sphere","floor":30,"turns":6},{"damage":70,"enemies":"Gremlin Leader","floor":31,"turns":5},{"damage":49,"enemies":"Champ","floor":33,"turns":11},{"damage":35,"enemies":"3 Darklings","floor":35,"turns":5},{"damage":0,"enemies":"3 Shapes","floor":36,"turns":3},{"damage":22,"enemies":"Maw","floor":37,"turns":9},{"damage":39,"enemies":"Giant Head","floor":40,"turns":8},{"damage":10,"enemies":"Nemesis","floor":42,"turns":9},{"damage":0,"enemies":"Mind Bloom Boss Battle","floor":44,"turns":4},{"damage":0,"enemies":"Reptomancer","floor":47,"turns":4},{"damage":60,"enemies":"Donu and Deca","floor":50,"turns":9},{"damage":51,"enemies":"Shield and Spear","floor":54,"turns":6},{"damage":99,"enemies":"The Heart","floor":55,"turns":7}],"seed_played":"8578612725925238386","potions_obtained":[{"floor":3,"key":"FearPotion"},{"floor":6,"key":"FearPotion"},{"floor":7,"key":"Poison Potion"},{"floor":12,"key":"EssenceOfSteel"},{"floor":18,"key":"FairyPotion"},{"floor":27,"key":"FearPotion"},{"floor":30,"key":"BloodPotion"}],"is_trial":false,"path_per_floor":["M","?","M","M","T","E","M","E","T","R","$","M","E","M","R","B",null,"M","?","M","$","?","R","E","M","T","M","?","E","M","E","R","B",null,"M","M","M","$","?","E","R","E","T","?","R","$","E","?","R","B",null,"R","$","E","B",null],"character_chosen":"IRONCLAD","items_purchased":["Rage+1","Battle Trance+1","Flash of Steel","Inflame","Enlightenment+1","Iron Wave","Shrug It Off+1","Metallicize","Carnage","Discovery+1","Feel No Pain","Seeing Red+1","Blind+1","Warcry+1"],"campfire_rested":1,"item_purchase_floors":[11,11,11,11,21,21,21,21,38,38,46,46,46,53],"current_hp_per_floor":[80,64,70,76,76,72,70,71,71,71,71,77,82,88,88,54,92,100,94,95,95,95,95,91,80,80,68,102,76,70,32,63,38,88,100,104,92,92,82,61,61,86,86,96,96,96,104,104,104,66,95,95,95,66,30],"gold":109,"neow_bonus":"ONE_RANDOM_RARE_CARD","is_prod":false,"is_daily":false,"chose_seed":false,"campfire_upgraded":6,"win_rate":0,"timestamp":1561802667,"path_taken":["M","?","M","M","?","E","M","E","T","R","$","M","E","M","R","BOSS","M","?","M","$","?","R","E","M","T","M","?","E","M","E","R","BOSS","M","M","M","$","?","E","R","E","T","?","R","$","E","?","R","BOSS","R","$","E","BOSS"],"build_version":"2019-01-23","purchased_purges":0,"victory":true,"max_hp_per_floor":[80,80,80,80,80,94,94,104,104,104,104,104,104,104,104,104,104,104,104,104,104,104,104,104,104,104,104,104,104,104,104,104,104,104,104,104,104,104,104,104,104,104,104,104,104,104,104,104,104,104,104,104,104,104,104],"card_choices":[{"not_picked":["Sever Soul","Bloodletting"],"picked":"Clothesline","floor":1},{"not_picked":["Dual Wield","Warcry"],"picked":"Anger","floor":3},{"not_picked":["Thunderclap","Disarm"],"picked":"Metallicize","floor":4},{"not_picked":["Twin Strike","Flex+1"],"picked":"Bludgeon","floor":6},{"not_picked":["Evolve","Pommel Strike"],"picked":"Anger","floor":7},{"not_picked":["Evolve","Clothesline"],"picked":"Power Through+1","floor":8},{"not_picked":["Armaments+1","Disarm+1"],"picked":"Seeing Red+1","floor":12},{"not_picked":["Intimidate+1","Blood for Blood"],"picked":"Rage+1","floor":13},{"not_picked":["Body Slam","Uppercut"],"picked":"Reaper","floor":14},{"not_picked":["Immolate","Barricade"],"picked":"Reaper","floor":16},{"not_picked":["Cleave","Perfected Strike"],"picked":"Havoc+1","floor":18},{"not_picked":["Body Slam","Carnage"],"picked":"Havoc+1","floor":20},{"not_picked":["Pommel Strike","Entrench+1"],"picked":"Battle Trance+1","floor":24},{"not_picked":["Combust+1","Clash"],"picked":"Warcry+1","floor":25},{"not_picked":["Rage+1","Twin Strike+1"],"picked":"Armaments+1","floor":27},{"not_picked":["Body Slam","Sword Boomerang"],"picked":"True Grit+1","floor":29},{"not_picked":["Headbutt","Corruption+1"],"picked":"Havoc+1","floor":30},{"not_picked":["Bludgeon","Warcry+1"],"picked":"Shrug It Off+1","floor":31},{"not_picked":["Feed","Juggernaut"],"picked":"Demon Form","floor":33},{"not_picked":["Disarm+1","Clothesline"],"picked":"Havoc+1","floor":35},{"not_picked":["Disarm+1","Body Slam+1"],"picked":"Thunderclap+1","floor":36},{"not_picked":["Infernal Blade+1","Wild Strike+1"],"picked":"Ghostly Armor+1","floor":37},{"not_picked":["Dark Shackles+1","Flash of Steel"],"picked":"Trip+1","floor":39},{"not_picked":["Sadistic Nature","Thinking Ahead+1"],"picked":"The Bomb+1","floor":39},{"not_picked":["Finesse+1","Blind+1"],"picked":"Master of Strategy+1","floor":39},{"not_picked":["Flex+1","Evolve+1"],"picked":"Headbutt+1","floor":40},{"not_picked":["Pommel Strike","Rupture+1"],"picked":"Armaments+1","floor":42},{"not_picked":["Reckless Charge","Pommel Strike"],"picked":"Ghostly Armor+1","floor":44},{"not_picked":["Feed","Body Slam"],"picked":"Pummel+1","floor":47},{"not_picked":["Headbutt","Bloodletting+1"],"picked":"Clothesline+1","floor":54}],"player_experience":851365,"relics_obtained":[{"floor":5,"key":"Toxic Egg 2"},{"floor":6,"key":"Mango"},{"floor":8,"key":"Pear"},{"floor":9,"key":"Bottled Flame"},{"floor":13,"key":"Incense Burner"},{"floor":24,"key":"Shuriken"},{"floor":26,"key":"Red Skull"},{"floor":29,"key":"Ice Cream"},{"floor":31,"key":"Orichalcum"},{"floor":40,"key":"Anchor"},{"floor":42,"key":"Mummified Hand"},{"floor":44,"key":"Pocketwatch"},{"floor":47,"key":"Meat on the Bone"},{"floor":54,"key":"Ornamental Fan"}],"event_choices":[{"damage_healed":0,"gold_gain":0,"player_choice":"Entered Light","damage_taken":16,"max_hp_gain":0,"max_hp_loss":0,"event_name":"Shining Light","floor":2,"gold_loss":0,"cards_upgraded":["Strike_R","Strike_R"]},{"damage_healed":0,"gold_gain":0,"player_choice":"Joined the Cult","damage_taken":6,"max_hp_gain":0,"max_hp_loss":0,"event_name":"Nest","floor":19,"gold_loss":0,"cards_obtained":["RitualDagger"]},{"damage_healed":0,"gold_gain":0,"player_choice":"Inject Mutagens","damage_taken":0,"relics_obtained":["MutagenicStrength"],"max_hp_gain":0,"max_hp_loss":0,"event_name":"Drug Dealer","floor":22,"gold_loss":0},{"damage_healed":34,"gold_gain":0,"player_choice":"Heal","damage_taken":0,"max_hp_gain":0,"max_hp_loss":0,"event_name":"The Library","floor":28,"gold_loss":0},{"damage_healed":0,"gold_gain":0,"player_choice":"Memory 3","damage_taken":10,"max_hp_gain":0,"max_hp_loss":0,"event_name":"SensoryStone","floor":39,"gold_loss":0},{"damage_healed":0,"gold_gain":0,"player_choice":"Fight","damage_taken":0,"max_hp_gain":0,"max_hp_loss":0,"event_name":"MindBloom","floor":44,"gold_loss":0},{"cards_removed":["Iron Wave"],"damage_healed":0,"gold_gain":0,"player_choice":"Removed Attack","damage_taken":0,"max_hp_gain":0,"max_hp_loss":0,"event_name":"Falling","floor":48,"gold_loss":0}],"is_beta":false,"boss_relics":[{"not_picked":["Calling Bell","White Beast Statue"],"picked":"Black Blood"},{"not_picked":["Black Star","Orrery"],"picked":"Sozu"}],"items_purged_floors":[],"is_endless":false,"potions_floor_spawned":[3,6,7,12,18,27,30,36,37,40],"ascension_level":5}