{"gold_per_floor":[116,129,13,30,47,74,74,106,106,122,153,153,328,340,340,340],"floor_reached":16,"playtime":722,"items_purged":[],"score":159,"play_id":"b5f536a4-9947-40d1-90c3-65207d94db4a","local_time":"20181122181852","is_ascension_mode":true,"campfire_choices":[{"data":"Genetic Algorithm","floor":7,"key":"SMITH"},{"floor":15,"key":"REST"}],"neow_cost":"NONE","seed_source_timestamp":599553204093884,"circlet_count":0,"master_deck":["Strike_B","Strike_B","Strike_B","Strike_B","Defend_B","Defend_B","Defend_B","Defend_B","Zap+1","Dualcast","Streamline","Sunder","Genetic Algorithm+1","Loop","Compile Driver","Skim","Buffer","Steam","Darkness","Doubt","Capacitor"],"relics":["Cracked Core","Regal Pillow","Mango","Lantern","Darkstone Periapt","Dead Branch"],"potions_floor_usage":[16,16,16],"damage_taken":[{"damage":9,"enemies":"Jaw Worm","floor":1,"turns":4},{"damage":0,"enemies":"Small Slimes","floor":2,"turns":2},{"damage":1,"enemies":"2 Louse","floor":4,"turns":2},{"damage":10,"enemies":"Large Slime","floor":5,"turns":4},{"damage":23,"enemies":"Gremlin Nob","floor":6,"turns":5},{"damage":19,"enemies":"Lagavulin","floor":8,"turns":7},{"damage":9,"enemies":"Exordium Thugs","floor":10,"turns":4},{"damage":17,"enemies":"3 Sentries","floor":11,"turns":8},{"damage":0,"enemies":"Red Slaver","floor":14,"turns":4},{"damage":53,"enemies":"Hexaghost","floor":16,"turns":9}],"seed_played":"-7957969178152559242","potions_obtained":[{"floor":6,"key":"Dexterity Potion"},{"floor":10,"key":"EssenceOfSteel"},{"floor":11,"key":"Energy Potion"}],"is_trial":false,"path_per_floor":["M","M","$","M","M","E","R","E","T","M","E","?","?","M","R","B"],"character_chosen":"DEFECT","items_purchased":["Genetic Algorithm","Loop"],"campfire_rested":1,"item_purchase_floors":[3,3],"current_hp_per_floor":[66,66,66,65,55,46,46,27,27,18,1,1,7,7,50,0],"gold":340,"neow_bonus":"RANDOM_COMMON_RELIC","is_prod":false,"is_daily":false,"chose_seed":false,"campfire_upgraded":1,"win_rate":0,"timestamp":1542928732,"path_taken":["M","M","$","M","M","E","R","E","T","M","E","?","?","M","R","BOSS"],"build_version":"2018-11-15","purchased_purges":0,"victory":false,"max_hp_per_floor":[75,75,75,75,75,89,89,89,89,89,89,89,95,95,95,95],"card_choices":[{"not_picked":["Sweeping Beam","Double Energy"],"picked":"Streamline","floor":1},{"not_picked":["Streamline","Aggregate"],"picked":"Sunder","floor":2},{"not_picked":["BootSequence","Redo"],"picked":"Compile Driver","floor":4},{"not_picked":["Turbo","Storm"],"picked":"Skim","floor":5},{"not_picked":["Rebound","Redo","Force Field"],"picked":"SKIP","floor":6},{"not_picked":["Stack","Cold Snap"],"picked":"Buffer","floor":8},{"not_picked":["Stack","Streamline"],"picked":"Steam","floor":10},{"not_picked":["Redo","Lockon"],"picked":"Darkness","floor":11},{"not_picked":["Compile Driver","Skim"],"picked":"Capacitor","floor":14}],"player_experience":148084,"relics_obtained":[{"floor":6,"key":"Mango"},{"floor":8,"key":"Lantern"},{"floor":9,"key":"Darkstone Periapt"},{"floor":11,"key":"Dead Branch"}],"event_choices":[{"damage_healed":0,"gold_gain":0,"player_choice":"Grow","damage_taken":0,"max_hp_gain":0,"max_hp_loss":0,"event_name":"Living Wall","floor":12,"gold_loss":0,"cards_upgraded":["Zap"]},{"damage_healed":0,"gold_gain":175,"player_choice":"AGREE","damage_taken":0,"max_hp_gain":0,"max_hp_loss":0,"event_name":"Liars Game","floor":13,"gold_loss":0,"cards_obtained":["Doubt"]}],"is_beta":false,"boss_relics":[],"items_purged_floors":[],"is_endless":false,"potions_floor_spawned":[6,10,11],"killed_by":"Hexaghost","ascension_level":2}