{"gold_per_floor":[119,134,134,148,68,102,102,27,27,43,43,70,87,114,114,216,216,228,248,348,130,130,130,158,173,173,192,224,224,253,265,265,370,370,390,490,500,500,513,513,513,529,529,529,629,142,142,160,160,160],"floor_reached":51,"playtime":2920,"items_purged":["Strike_R","Strike_R","Strike_R"],"score":768,"play_id":"b21bf6d5-06ad-4be7-a4a9-2396d73d6b49","local_time":"20181121164639","is_ascension_mode":true,"campfire_choices":[{"data":"Armaments","floor":7.0,"key":"SMITH"},{"data":"Inflame","floor":15.0,"key":"SMITH"},{"data":"Metallicize","floor":23,"key":"SMITH"},{"data":"Juggernaut","floor":29,"key":"SMITH"},{"data":"Sadistic Nature","floor":32,"key":"SMITH"},{"data":"Demon Form","floor":41,"key":"SMITH"},{"data":"Fire Breathing","floor":44,"key":"SMITH"},{"data":"1","floor":47,"key":"LIFT"},{"data":"2","floor":49,"key":"LIFT"}],"neow_cost":"NONE","seed_source_timestamp":0,"circlet_count":0,"master_deck":["Strike_R","Defend_R","Defend_R","Defend_R","Defend_R+1","Bash","Pommel Strike+1","Headbutt+1","Whirlwind+1","Inflame+1","Armaments+1","Body Slam+1","Metallicize+1","Clothesline","Juggernaut+1","Warcry+1","Sword Boomerang","Sadistic Nature+1","Flame Barrier","Shrug It Off","Flex+1","Uppercut","Fire Breathing+1","Demon Form+1","Inflame+1","Corruption","Warcry"],"special_seed":0,"relics":["Burning Blood","Matryoshka","Smiling Mask","Omamori","Bird Faced Urn","Blood Vial","Velvet Choker","Gambling Chip","Bottled Flame","Pen Nib","Centennial Puzzle","Champion Belt","Mercury Hourglass","War Paint","Busted Crown","Paper Frog","Girya","Magic Flower","Whetstone"],"potions_floor_usage":[20,25,30,31,50,50],"damage_taken":[{"damage":5.0,"enemies":"2 Louse","floor":1.0,"turns":3.0},{"damage":1.0,"enemies":"Cultist","floor":2.0,"turns":4.0},{"damage":4.0,"enemies":"Jaw Worm","floor":4.0,"turns":3.0},{"damage":37.0,"enemies":"3 Sentries","floor":6.0,"turns":7.0},{"damage":13.0,"enemies":"Blue Slaver","floor":10.0,"turns":3.0},{"damage":27.0,"enemies":"Gremlin Nob","floor":12.0,"turns":4.0},{"damage":13.0,"enemies":"3 Louse","floor":13.0,"turns":7.0},{"damage":15.0,"enemies":"Lagavulin","floor":14.0,"turns":7.0},{"damage":9.0,"enemies":"The Guardian","floor":16.0,"turns":13.0},{"damage":12,"enemies":"Shell Parasite","floor":18,"turns":5},{"damage":19,"enemies":"Spheric Guardian","floor":19,"turns":4},{"damage":32,"enemies":"Colosseum Slavers","floor":20,"turns":5},{"damage":39,"enemies":"Colosseum Nobs","floor":20,"turns":5},{"damage":36,"enemies":"Gremlin Leader","floor":24,"turns":7},{"damage":21,"enemies":"Snecko","floor":25,"turns":5},{"damage":0,"enemies":"Cultist and Chosen","floor":27,"turns":4},{"damage":24,"enemies":"Book of Stabbing","floor":28,"turns":6},{"damage":36,"enemies":"Slavers","floor":30,"turns":4},{"damage":9,"enemies":"Centurion and Healer","floor":31,"turns":4},{"damage":44,"enemies":"Automaton","floor":33,"turns":9},{"damage":4,"enemies":"3 Shapes","floor":35,"turns":6},{"damage":29,"enemies":"3 Darklings","floor":37,"turns":4},{"damage":24,"enemies":"Writhing Mass","floor":39,"turns":4},{"damage":5,"enemies":"Sphere and 2 Shapes","floor":42,"turns":4},{"damage":6,"enemies":"Mind Bloom Boss Battle","floor":45,"turns":5},{"damage":29,"enemies":"3 Darklings","floor":48,"turns":4},{"damage":36,"enemies":"Time Eater","floor":50,"turns":8}],"seed_played":"3397233327181468268","potions_obtained":[{"floor":2.0,"key":"Regen Potion"},{"floor":10.0,"key":"Regen Potion"},{"floor":12.0,"key":"BloodPotion"},{"floor":14.0,"key":"Weak Potion"},{"floor":18,"key":"Strength Potion"},{"floor":19,"key":"Regen Potion"},{"floor":27,"key":"Regen Potion"},{"floor":28,"key":"PowerPotion"},{"floor":30,"key":"Poison Potion"},{"floor":39,"key":"FearPotion"}],"is_trial":false,"path_per_floor":["M","M","?","M","$","E","R","$","T","M","?","E","M","E","R","B",null,"M","M","?","$","?","R","E","M","T","M","E","R","E","M","R","B",null,"M","?","M","?","M","?","R","M","T","R","?","$","R","M","R","B",null],"character_chosen":"IRONCLAD","items_purchased":["Inflame","Sadistic Nature","Magic Flower","Whetstone"],"campfire_rested":0,"item_purchase_floors":[5,21,46,46],"current_hp_per_floor":[88,88,88,88,88,57,57,57,57,50,43,22,42,37,37,40,88,86,77,46,46,46,46,26,31,31,47,39,39,21,40,40,14,88,88,88,67,67,65,65,65,78,78,78,88,88,88,77,77,67],"gold":160,"neow_bonus":"TEN_PERCENT_HP_BONUS","is_prod":false,"is_daily":false,"chose_seed":false,"campfire_upgraded":7,"win_rate":0,"timestamp":1542836799,"path_taken":["M","M","?","?","$","E","R","$","T","M","?","E","M","E","R","BOSS","M","M","?","$","?","R","E","?","T","M","E","R","E","M","R","BOSS","M","?","?","?","M","?","R","?","T","R","?","$","R","M","R","BOSS"],"build_version":"2018-11-15","purchased_purges":3,"victory":true,"max_hp_per_floor":[88,88,88,88,88,88,88,88,88,88,88,88,88,88,88,88,88,88,88,88,88,88,88,88,88,88,88,88,88,88,88,88,88,88,88,88,88,88,88,88,88,88,88,88,88,88,88,88,88,88],"card_choices":[{"not_picked":["Heavy Blade","Havoc"],"picked":"Pommel Strike","floor":1.0},{"not_picked":["Pummel","Heavy Blade"],"picked":"Headbutt","floor":2.0},{"not_picked":["Havoc","Perfected Strike"],"picked":"Whirlwind","floor":4.0},{"not_picked":["Combust","Wild Strike"],"picked":"Armaments","floor":6.0},{"not_picked":["Exhume","Cleave"],"picked":"Body Slam","floor":10.0},{"not_picked":["Havoc","Flame Barrier"],"picked":"Metallicize","floor":12.0},{"not_picked":["Second Wind","Body Slam","Flex"],"picked":"SKIP","floor":13.0},{"not_picked":["Twin Strike","Armaments"],"picked":"Clothesline","floor":14.0},{"not_picked":["Berserk","Exhume"],"picked":"Juggernaut","floor":16.0},{"not_picked":["Headbutt+1","Iron Wave","Armaments+1"],"picked":"SKIP","floor":18},{"not_picked":["Rupture+1","Heavy Blade"],"picked":"Warcry+1","floor":19},{"not_picked":["Iron Wave","Heavy Blade"],"picked":"Sword Boomerang","floor":20},{"not_picked":["Heavy Blade","Clothesline"],"picked":"Flame Barrier","floor":24},{"not_picked":["Pommel Strike","Feed"],"picked":"Shrug It Off","floor":25},{"not_picked":["Evolve","Havoc"],"picked":"Flex","floor":27},{"not_picked":["Bloodletting+1","Flex+1","Rampage"],"picked":"SKIP","floor":28},{"not_picked":["Cleave","True Grit"],"picked":"Uppercut","floor":30},{"not_picked":["Body Slam","Sentinel"],"picked":"Fire Breathing","floor":31},{"not_picked":["Brutality","Barricade"],"picked":"Demon Form","floor":33},{"not_picked":["Wild Strike+1"],"picked":"SKIP","floor":35},{"not_picked":[],"picked":"Inflame+1","floor":37},{"not_picked":[],"picked":"Corruption","floor":39},{"not_picked":["Havoc"],"picked":"SKIP","floor":42},{"not_picked":["Cleave+1"],"picked":"SKIP","floor":48}],"player_experience":144503,"relics_obtained":[{"floor":6.0,"key":"Matryoshka"},{"floor":9.0,"key":"Smiling Mask"},{"floor":9.0,"key":"Omamori"},{"floor":12.0,"key":"Bird Faced Urn"},{"floor":14.0,"key":"Blood Vial"},{"floor":20,"key":"Gambling Chip"},{"floor":20,"key":"Bottled Flame"},{"floor":24,"key":"Pen Nib"},{"floor":26,"key":"Centennial Puzzle"},{"floor":26,"key":"Champion Belt"},{"floor":28,"key":"Mercury Hourglass"},{"floor":30,"key":"War Paint"},{"floor":43,"key":"Paper Frog"},{"floor":45,"key":"Girya"}],"event_choices":[{"damage_healed":0.0,"max_hp_gain":0.0,"max_hp_loss":0.0,"gold_gain":0.0,"event_name":"Upgrade Shrine","player_choice":"Upgraded","floor":3.0,"gold_loss":0.0,"damage_taken":0.0,"cards_upgraded":["Headbutt"]},{"cards_removed":["Strike_R"],"damage_healed":0.0,"max_hp_gain":0.0,"max_hp_loss":0.0,"gold_gain":0.0,"event_name":"Golden Wing","player_choice":"Card Removal","floor":11.0,"gold_loss":0.0,"damage_taken":7.0},{"damage_healed":0,"gold_gain":0,"player_choice":"Fight","damage_taken":0,"max_hp_gain":0,"max_hp_loss":0,"event_name":"Colosseum","floor":20,"gold_loss":0},{"damage_healed":0,"gold_gain":0,"player_choice":"Fought Nobs","damage_taken":0,"max_hp_gain":0,"max_hp_loss":0,"event_name":"Colosseum","floor":20,"gold_loss":0},{"damage_healed":0,"gold_gain":0,"player_choice":"Forge","damage_taken":0,"max_hp_gain":0,"max_hp_loss":0,"event_name":"Accursed Blacksmith","floor":22,"gold_loss":0,"cards_upgraded":["Body Slam"]},{"damage_healed":0,"gold_gain":100,"player_choice":"Pray","damage_taken":0,"max_hp_gain":0,"max_hp_loss":0,"event_name":"Golden Shrine","floor":36,"gold_loss":0},{"damage_healed":0,"gold_gain":0,"player_choice":"Ignored","damage_taken":0,"max_hp_gain":0,"max_hp_loss":0,"event_name":"Tomb of Lord Red Mask","floor":38,"gold_loss":0},{"damage_healed":0,"gold_gain":0,"player_choice":"1 cards matched","damage_taken":0,"max_hp_gain":0,"max_hp_loss":0,"event_name":"Match and Keep!","floor":40,"gold_loss":0,"cards_obtained":["Warcry"]},{"damage_healed":0,"gold_gain":0,"player_choice":"Fight","damage_taken":0,"max_hp_gain":0,"max_hp_loss":0,"event_name":"MindBloom","floor":45,"gold_loss":0}],"is_beta":false,"boss_relics":[{"not_picked":["Pandora\u0027s Box","Tiny House"],"picked":"Velvet Choker"},{"not_picked":["Eternal Feather","Black Blood"],"picked":"Busted Crown"}],"items_purged_floors":[8,21,46],"is_endless":false,"potions_floor_spawned":[2,10,12,14,18,19,27,28,30,39],"ascension_level":2}