{"gold_per_floor":[114,114,128,147,72,72,105,105,160,195,223,242,36,36,36,141,141,151,66,66,80,98,129,22,22,22,47,63,97,117,42,42,139,139,156,69,115,115,135,163,178,178,178,210,222,71,100,116,116,116,116,116,46,72,72],"floor_reached":56,"playtime":3503,"items_purged":["Strike_G"],"score":2067,"play_id":"5375ef10-cc54-4506-87e3-333b808fd05d","local_time":"20190629151021","is_ascension_mode":true,"campfire_choices":[{"data":"Deadly Poison","floor":6,"key":"SMITH"},{"floor":8,"key":"REST"},{"data":"Footwork","floor":15,"key":"SMITH"},{"data":"Wraith Form v2","floor":25,"key":"SMITH"},{"data":"Footwork","floor":32,"key":"SMITH"},{"floor":49,"key":"RECALL"},{"floor":52,"key":"REST"}],"neow_cost":"NONE","seed_source_timestamp":1305959012309900,"circlet_count":0,"master_deck":["AscendersBane","Defend_G","Defend_G","Defend_G","Defend_G","Survivor","Neutralize","Infinite Blades","Poisoned Stab+1","Deadly Poison+1","Riddle With Holes+1","After Image","Deflect","Footwork+1","Envenom","Venomology+1","Backflip+1","Distraction+1","Blade Dance+1","Wraith Form v2+1","Crippling Poison","Footwork+1","Backstab","Leg Sweep","Crippling Poison","Footwork","Die Die Die+1","Dodge and Roll","Dark Shackles","Purity","Dark Shackles","Secret Technique","Cloak And Dagger","Catalyst","Backstab+1","Crippling Poison","Well Laid Plans","Endless Agony+1","Well Laid Plans"],"relics":["Ring of the Snake","Anchor","Boot","Lantern","Bag of Marbles","Odd Mushroom","TwistedFunnel","Astrolabe","Bird Faced Urn","Thread and Needle","Dead Branch","Bronze Scales","Molten Egg 2","Fusion Hammer","FossilizedHelix","Dodecahedron","Centennial Puzzle","Whetstone","Ornamental Fan","Ice Cream"],"potions_floor_usage":[18,22,23,23,27,27,27,30,33,33,35,37,39,40,40,45,47,48,54,54,54,55,55],"damage_taken":[{"damage":2,"enemies":"Jaw Worm","floor":1,"turns":5},{"damage":0,"enemies":"Cultist","floor":3,"turns":5},{"damage":0,"enemies":"2 Louse","floor":4,"turns":3},{"damage":32,"enemies":"Lagavulin","floor":7,"turns":7},{"damage":17,"enemies":"Gremlin Nob","floor":10,"turns":4},{"damage":5,"enemies":"The Mushroom Lair","floor":11,"turns":4},{"damage":0,"enemies":"Exordium Thugs","floor":12,"turns":3},{"damage":17,"enemies":"The Guardian","floor":16,"turns":9},{"damage":3,"enemies":"Shell Parasite","floor":18,"turns":4},{"damage":0,"enemies":"Chosen","floor":21,"turns":5},{"damage":0,"enemies":"Snecko","floor":22,"turns":6},{"damage":3,"enemies":"Gremlin Leader","floor":23,"turns":6},{"damage":0,"enemies":"Book of Stabbing","floor":27,"turns":7},{"damage":0,"enemies":"Centurion and Healer","floor":28,"turns":5},{"damage":10,"enemies":"Gremlin Leader","floor":29,"turns":6},{"damage":0,"enemies":"Shelled Parasite and Fungi","floor":30,"turns":2},{"damage":24,"enemies":"Collector","floor":33,"turns":9},{"damage":0,"enemies":"Orb Walker","floor":35,"turns":4},{"damage":6,"enemies":"2 Orb Walkers","floor":37,"turns":5},{"damage":0,"enemies":"3 Shapes","floor":39,"turns":2},{"damage":0,"enemies":"Nemesis","floor":40,"turns":9},{"damage":0,"enemies":"3 Darklings","floor":41,"turns":2},{"damage":0,"enemies":"Reptomancer","floor":44,"turns":5},{"damage":0,"enemies":"Spire Growth","floor":45,"turns":5},{"damage":0,"enemies":"Nemesis","floor":47,"turns":7},{"damage":0,"enemies":"Writhing Mass","floor":48,"turns":4},{"damage":0,"enemies":"Donu and Deca","floor":50,"turns":3},{"damage":0,"enemies":"Shield and Spear","floor":54,"turns":5},{"damage":59,"enemies":"The Heart","floor":55,"turns":11}],"seed_played":"-5955380865422638198","potions_obtained":[{"floor":1,"key":"Energy Potion"},{"floor":3,"key":"GamblersBrew"},{"floor":7,"key":"Dexterity Potion"},{"floor":10,"key":"Fire Potion"},{"floor":23,"key":"GamblersBrew"},{"floor":33,"key":"Block Potion"},{"floor":37,"key":"SkillPotion"},{"floor":44,"key":"Swift Potion"},{"floor":45,"key":"Fruit Juice"},{"floor":47,"key":"PowerPotion"}],"is_trial":false,"path_per_floor":["M","?","M","M","$","R","E","R","T","E","?","M","$","?","R","B",null,"M","?","$","M","M","E","$","R","T","E","M","E","M","$","R","B",null,"M","$","?","?","M","E","M","?","T","E","M","$","E","M","R","B",null,"R","$","E","B",null],"character_chosen":"THE_SILENT","items_purchased":["TwistedFunnel","Crippling Poison","Footwork","Footwork","Dark Shackles","Whetstone","Well Laid Plans"],"campfire_rested":2,"item_purchase_floors":[13,24,24,31,36,46,53],"current_hp_per_floor":[61,61,61,61,61,61,29,50,50,33,28,28,28,28,28,11,55,52,52,52,60,64,67,67,67,67,70,70,66,70,70,70,56,67,70,70,70,60,68,70,70,70,70,70,70,70,75,75,75,75,75,75,75,75,41],"gold":72,"neow_bonus":"RANDOM_COMMON_RELIC","is_prod":false,"is_daily":false,"chose_seed":false,"campfire_upgraded":4,"win_rate":0,"timestamp":1561835421,"path_taken":["M","?","?","M","$","R","E","R","T","E","?","M","?","?","R","BOSS","M","?","$","M","M","E","$","R","T","E","M","E","M","$","R","BOSS","M","$","?","?","M","E","M","?","T","E","?","$","E","M","R","BOSS","R","$","E","BOSS"],"build_version":"2019-01-23","purchased_purges":1,"victory":true,"max_hp_per_floor":[70,70,70,70,70,70,70,70,70,70,70,70,70,70,70,70,70,70,70,70,70,70,70,70,70,70,70,70,70,70,70,70,70,70,70,70,70,70,70,70,70,70,70,70,70,70,75,75,75,75,75,75,75,75,75],"card_choices":[{"not_picked":["Slice","Quick Slash"],"picked":"Infinite Blades","floor":1},{"not_picked":["Expertise","Bane"],"picked":"Poisoned Stab","floor":3},{"not_picked":["Dagger Spray","Skewer"],"picked":"Deadly Poison","floor":4},{"not_picked":["Unload","Backflip"],"picked":"Riddle With Holes","floor":7},{"not_picked":["Escape Plan","Blade Dance"],"picked":"After Image","floor":10},{"not_picked":["Dodge and Roll","Choke"],"picked":"Deflect","floor":11},{"not_picked":["Outmaneuver","Backflip"],"picked":"Footwork","floor":12},{"not_picked":["Unload","Doppelganger"],"picked":"Envenom","floor":16},{"not_picked":["Quick Slash+1","Acrobatics","Masterful Stab"],"picked":"SKIP","floor":18},{"not_picked":["Finisher","Bane"],"picked":"Blade Dance+1","floor":21},{"not_picked":["Caltrops+1","Dagger Throw","Dagger Spray"],"picked":"SKIP","floor":22},{"not_picked":["Well Laid Plans","Accuracy"],"picked":"Wraith Form v2","floor":23},{"not_picked":["Backflip","Heel Hook"],"picked":"Backstab","floor":27},{"not_picked":["Dagger Spray","Setup+1"],"picked":"Leg Sweep","floor":28},{"not_picked":["Acrobatics","Calculated Gamble","Flying Knee+1"],"picked":"SKIP","floor":29},{"not_picked":["Bane+1","Dodge and Roll"],"picked":"Crippling Poison","floor":30},{"not_picked":["Tools of the Trade","Glass Knife+1"],"picked":"Die Die Die+1","floor":33},{"not_picked":["Flying Knee+1","Outmaneuver"],"picked":"Dodge and Roll","floor":35},{"not_picked":["Discovery","Blind"],"picked":"Purity","floor":38},{"not_picked":["The Bomb","Blind"],"picked":"Dark Shackles","floor":38},{"not_picked":["Sadistic Nature","Bandage Up"],"picked":"Secret Technique","floor":38},{"not_picked":["Expertise","Infinite Blades"],"picked":"Cloak And Dagger","floor":39},{"not_picked":["Deflect","Envenom"],"picked":"Catalyst","floor":40},{"not_picked":["Flying Knee+1","Bane+1"],"picked":"Backstab+1","floor":41},{"not_picked":["Blur","Concentrate+1"],"picked":"Crippling Poison","floor":44},{"not_picked":["Outmaneuver","Tactician+1"],"picked":"Well Laid Plans","floor":45},{"not_picked":["Sucker Punch+1","Dagger Spray+1","Flying Knee+1"],"picked":"SKIP","floor":47},{"not_picked":["Underhanded Strike+1","Finisher+1"],"picked":"Endless Agony+1","floor":48},{"not_picked":["Finisher+1","Flechettes+1","Accuracy+1"],"picked":"SKIP","floor":54}],"player_experience":307502,"relics_obtained":[{"floor":7,"key":"Boot"},{"floor":9,"key":"Lantern"},{"floor":10,"key":"Bag of Marbles"},{"floor":11,"key":"Odd Mushroom"},{"floor":23,"key":"Thread and Needle"},{"floor":26,"key":"Dead Branch"},{"floor":27,"key":"Bronze Scales"},{"floor":29,"key":"Molten Egg 2"},{"floor":37,"key":"FossilizedHelix"},{"floor":40,"key":"Dodecahedron"},{"floor":44,"key":"Centennial Puzzle"},{"floor":47,"key":"Ornamental Fan"},{"floor":54,"key":"Ice Cream"}],"event_choices":[{"cards_removed":["Strike_G"],"damage_healed":0,"gold_gain":0,"player_choice":"Offered Basic","damage_taken":0,"max_hp_gain":0,"max_hp_loss":0,"event_name":"Bonfire Elementals","floor":2,"gold_loss":0},{"damage_healed":0,"gold_gain":0,"player_choice":"Fought Mushrooms","damage_taken":0,"max_hp_gain":0,"max_hp_loss":0,"event_name":"Mushrooms","floor":11,"gold_loss":0},{"cards_removed":["Strike_G"],"damage_healed":0,"gold_gain":0,"player_choice":"Purged","damage_taken":0,"max_hp_gain":0,"max_hp_loss":0,"event_name":"Purifier","floor":14,"gold_loss":0},{"damage_healed":0,"gold_gain":0,"player_choice":"Obtained Relic","damage_taken":0,"relics_obtained":["Bird Faced Urn"],"max_hp_gain":0,"max_hp_loss":0,"event_name":"Addict","floor":19,"gold_loss":85},{"damage_healed":0,"gold_gain":0,"player_choice":"Fight","damage_taken":0,"max_hp_gain":0,"max_hp_loss":0,"event_name":"Mysterious Sphere","floor":37,"gold_loss":0},{"damage_healed":0,"gold_gain":0,"player_choice":"Memory 3","damage_taken":10,"max_hp_gain":0,"max_hp_loss":0,"event_name":"SensoryStone","floor":38,"gold_loss":0},{"damage_healed":0,"gold_gain":0,"player_choice":"0 cards matched","damage_taken":0,"max_hp_gain":0,"max_hp_loss":0,"event_name":"Match and Keep!","floor":42,"gold_loss":0,"cards_obtained":[]}],"is_beta":false,"boss_relics":[{"not_picked":["White Beast Statue","Runic Dome"],"picked":"Astrolabe"},{"not_picked":["Empty Cage","WristBlade"],"picked":"Fusion Hammer"}],"items_purged_floors":[5],"is_endless":false,"potions_floor_spawned":[1,3,7,10,21,22,23,33,35,37,44,45,47,54],"ascension_level":10}