{"gold_per_floor":[113,113,130,176,190,190,225,240,316,329,359,378,378,378,378,474,474,489,489,13,29,29,29,62,62,89,114,114,128,141,160,160,265,265,275,287,287,303,4,4,16,16,16,51,0,17,29,29,29,29],"floor_reached":51,"playtime":4816,"items_purged":[],"score":779,"play_id":"a4e9c587-9e1c-4c3a-933b-a7cac0c7b577","local_time":"20180702184912","is_ascension_mode":false,"campfire_choices":[{"data":"Noxious Fumes","floor":6.0,"key":"SMITH"},{"floor":13.0,"key":"REST"},{"data":"Noxious Fumes","floor":15.0,"key":"SMITH"},{"data":"Noxious Fumes","floor":23.0,"key":"SMITH"},{"data":"Wraith Form v2","floor":25.0,"key":"SMITH"},{"floor":28.0,"key":"REST"},{"floor":32.0,"key":"REST"},{"data":"Noxious Fumes","floor":40,"key":"SMITH"},{"data":"PiercingWail","floor":42,"key":"SMITH"},{"data":"Distraction","floor":49,"key":"SMITH"}],"neow_cost":"","seed_source_timestamp":0,"circlet_count":0,"master_deck":["Defend_G+1","Defend_G","Defend_G","Defend_G","Strike_G+1","Strike_G+1","Strike_G+1","Survivor","Neutralize","Dodge and Roll","Noxious Fumes+1","Distraction+1","Infinite Blades","Noxious Fumes+1","Noxious Fumes+1","Footwork","Well Laid Plans","PiercingWail","Parasite","Wraith Form v2+1","Well Laid Plans+1","Unload+1","Noxious Fumes+1","Backstab+1","PiercingWail+1","Noxious Fumes+1","Tactician","Well Laid Plans","Outmaneuver","PiercingWail","Deflect+1","Flechettes","Backflip+1","Dodge and Roll","Sucker Punch","After Image","Underhanded Strike+1","Dash","Trip","Prepared","Prepared","Sucker Punch+1","After Image","Finisher+1","Noxious Fumes+1"],"special_seed":0,"relics":["Ring of the Snake","NeowsBlessing","Whetstone","Dream Catcher","Pear","The Specimen","Astrolabe","Bottled Tornado","Incense Burner","Pen Nib","Gambling Chip","Sozu","Pantograph","Sundial","Snake Skull","Red Mask"],"potions_floor_usage":[46],"damage_taken":[{"damage":0.0,"enemies":"Jaw Worm","floor":1.0,"turns":1.0},{"damage":0.0,"enemies":"Cultist","floor":3.0,"turns":1.0},{"damage":0.0,"enemies":"Small Slimes","floor":5.0,"turns":1.0},{"damage":17.0,"enemies":"Lagavulin","floor":7.0,"turns":8.0},{"damage":2.0,"enemies":"2 Fungi Beasts","floor":8.0,"turns":4.0},{"damage":4.0,"enemies":"Large Slime","floor":10.0,"turns":6.0},{"damage":28.0,"enemies":"Gremlin Nob","floor":11.0,"turns":6.0},{"damage":5.0,"enemies":"Looter","floor":12.0,"turns":4.0},{"damage":27.0,"enemies":"Slime Boss","floor":16.0,"turns":8.0},{"damage":0.0,"enemies":"Chosen","floor":18.0,"turns":5.0},{"damage":23.0,"enemies":"2 Thieves","floor":21.0,"turns":4.0},{"damage":0.0,"enemies":"Gremlin Leader","floor":24.0,"turns":6.0},{"damage":38.0,"enemies":"Slavers","floor":27.0,"turns":5.0},{"damage":0.0,"enemies":"3 Cultists","floor":29.0,"turns":4.0},{"damage":21.0,"enemies":"Snake Plant","floor":30.0,"turns":5.0},{"damage":3.0,"enemies":"Centurion and Healer","floor":31.0,"turns":5.0},{"damage":33.0,"enemies":"Collector","floor":33.0,"turns":8.0},{"damage":13.0,"enemies":"Orb Walker","floor":35.0,"turns":5.0},{"damage":14,"enemies":"3 Darklings","floor":36,"turns":5},{"damage":8,"enemies":"Sphere and 2 Shapes","floor":38,"turns":5},{"damage":8,"enemies":"Maw","floor":41,"turns":9},{"damage":9,"enemies":"Nemesis","floor":44,"turns":7},{"damage":0,"enemies":"4 Shapes","floor":46,"turns":4},{"damage":2,"enemies":"3 Darklings","floor":47,"turns":5},{"damage":22,"enemies":"Awakened One","floor":50,"turns":10}],"seed_played":"-6918493268112175644","potions_obtained":[{"floor":3.0,"key":"Regen Potion"},{"floor":5.0,"key":"EssenceOfSteel"},{"floor":8.0,"key":"Block Potion"},{"floor":12.0,"key":"Fire Potion"},{"floor":29.0,"key":"Fire Potion"}],"is_trial":false,"path_per_floor":["M","?","M","T","M","R","E","M","T","M","E","M","R","?","R","B",null,"M","?","$","M","$","R","E","R","T","E","R","M","M","M","R","B",null,"M","M","?","M","$","R","M","R","T","E","?","M","M","?","R","B"],"character_chosen":"THE_SILENT","items_purchased":["PiercingWail","Noxious Fumes","Bottled Tornado","Tactician","Pantograph","Prepared"],"campfire_rested":3,"item_purchase_floors":[],"current_hp_per_floor":[70,56,56,56,56,56,39,37,47,43,15,10,34,54,54,27,80,80,80,80,57,57,57,57,57,57,19,43,43,22,19,43,10,80,67,53,53,45,45,45,37,37,37,28,28,42,40,70,70,48],"gold":29,"neow_bonus":"","is_prod":false,"is_daily":false,"chose_seed":false,"campfire_upgraded":7,"win_rate":0.0,"timestamp":1530571752,"path_taken":["M","?","M","?","?","R","E","M","T","M","E","M","R","?","R","BOSS","M","?","$","?","?","R","E","R","T","E","R","M","M","M","R","BOSS","M","M","?","M","$","R","M","R","T","E","?","M","M","?","R","BOSS"],"build_version":"2018-06-28","purchased_purges":0,"victory":true,"max_hp_per_floor":[70,70,70,70,70,70,70,70,80,80,80,80,80,80,80,80,80,80,80,80,80,80,80,80,80,80,80,80,80,80,80,80,80,80,80,80,80,80,80,80,80,80,80,80,80,80,80,70,70,70],"card_choices":[{"not_picked":["Slice","Prepared"],"picked":"Dodge and Roll","floor":1.0},{"not_picked":["Outmaneuver","Dagger Spray"],"picked":"Noxious Fumes","floor":3.0},{"not_picked":["Expertise","Predator"],"picked":"Distraction","floor":5.0},{"not_picked":["Dagger Throw","Slice"],"picked":"Infinite Blades","floor":7.0},{"not_picked":["Prepared","Slice"],"picked":"Noxious Fumes","floor":8.0},{"not_picked":["Dagger Throw","Acrobatics"],"picked":"Noxious Fumes","floor":10.0},{"not_picked":["Outmaneuver","Dagger Spray"],"picked":"Footwork","floor":11.0},{"not_picked":["Choke","Quick Slash"],"picked":"Well Laid Plans","floor":12.0},{"not_picked":["Quick Slash","Dodge and Roll"],"picked":"PiercingWail","floor":13.0},{"not_picked":["Tactician","Doppelganger"],"picked":"Wraith Form v2","floor":16.0},{"not_picked":["Dagger Throw+1","Skewer"],"picked":"Backstab+1","floor":18.0},{"not_picked":["Riddle With Holes","Quick Slash"],"picked":"Well Laid Plans","floor":21.0},{"not_picked":["Reflex","Quick Slash+1"],"picked":"Outmaneuver","floor":24.0},{"not_picked":["Escape Plan+1","Quick Slash"],"picked":"PiercingWail","floor":27.0},{"not_picked":["Slice","Backflip"],"picked":"Deflect+1","floor":28.0},{"not_picked":["Dagger Throw","Prepared+1"],"picked":"Flechettes","floor":29.0},{"not_picked":["Quick Slash","Night Terror"],"picked":"Backflip+1","floor":30.0},{"not_picked":["Prepared","Escape Plan"],"picked":"Dodge and Roll","floor":31.0},{"not_picked":["Deflect","Prepared"],"picked":"Sucker Punch","floor":32.0},{"not_picked":["Envenom","Unload"],"picked":"After Image","floor":33.0},{"not_picked":["Blade Dance+1","Poisoned Stab"],"picked":"Underhanded Strike+1","floor":35},{"not_picked":["Backflip","Sucker Punch+1"],"picked":"Dash","floor":36},{"not_picked":["Deep Breath","Swift Strike"],"picked":"Trip","floor":37},{"not_picked":["Reflex","Sucker Punch+1"],"picked":"Prepared","floor":38},{"not_picked":["Poisoned Stab+1","Prepared"],"picked":"Sucker Punch+1","floor":41},{"not_picked":["Flechettes+1","Reflex+1"],"picked":"After Image","floor":44},{"not_picked":["Acrobatics","Slice"],"picked":"Finisher+1","floor":46},{"not_picked":["Eviscerate","Outmaneuver"],"picked":"Noxious Fumes+1","floor":47}],"player_experience":27156,"relics_obtained":[{"floor":4.0,"key":"Whetstone"},{"floor":7.0,"key":"Dream Catcher"},{"floor":9.0,"key":"Pear"},{"floor":11.0,"key":"The Specimen"},{"floor":24.0,"key":"Incense Burner"},{"floor":26.0,"key":"Pen Nib"},{"floor":27.0,"key":"Gambling Chip"},{"floor":43,"key":"Sundial"},{"floor":44,"key":"Snake Skull"}],"event_choices":[{"event_name":"Shining Light","player_choice":"Entered Light","floor":2.0,"damage_taken":0.0},{"event_name":"Mushrooms","player_choice":"Healed and dodged fight","floor":14.0,"damage_taken":0.0},{"event_name":"Ghosts","player_choice":"Ignored","floor":19.0,"damage_taken":0.0},{"event_name":"SensoryStone","player_choice":"Memory 1","floor":37,"damage_taken":0},{"event_name":"Tomb of Lord Red Mask","player_choice":"Paid","floor":45,"damage_taken":0},{"event_name":"The Moai Head","player_choice":"Heal","floor":48,"damage_taken":0}],"boss_relics":[{"not_picked":["Coffee Dripper","White Beast Statue"],"picked":"Astrolabe"},{"not_picked":["Philosopher\u0027s Stone","Calling Bell"],"picked":"Sozu"}],"items_purged_floors":[],"is_endless":false,"potions_floor_spawned":[3,5,8,12,16,24,27,29,30,44,46,47],"ascension_level":0}