{"gold_per_floor":[111,128,138,152,152,182,193,193,242,269,283,31,31,49,49,146,146,166,166,181,181,35,35,35,35,61,61,90,110,170,190,190,289,289,307,307,307,28,77,107,207,217,217,233,10,43,54,70,70,70],"floor_reached":50,"playtime":4639,"items_purged":[],"score":685,"play_id":"4addff06-a1dc-4684-a604-fa5b3ba8eb67","local_time":"20190406222901","is_ascension_mode":true,"campfire_choices":[{"floor":8,"key":"REST"},{"floor":13,"key":"REST"},{"floor":15,"key":"REST"},{"floor":25,"key":"REST"},{"floor":32,"key":"REST"},{"floor":49,"key":"RECALL"}],"neow_cost":"NONE","seed_source_timestamp":362645886845800,"circlet_count":0,"master_deck":["Defend_G+1","Defend_G+1","Defend_G+1","Defend_G+1","Defend_G+1","Neutralize","Noxious Fumes","Crippling Poison","Deflect","Bouncing Flask","Flechettes","Caltrops","Bane","All Out Attack","Panache","Bane+1","Steam","Wraith Form v2","PiercingWail","Bite","Bite","Bite","Bite","Bite","Trip+1","Armaments","Outmaneuver+1","Anger","Offering","Deflect","Finesse","Secret Weapon","Dramatic Entrance","Metallicize","Iron Wave+1","Anger","Parasite","Madness","Deflect","Blade Dance","Go for the Eyes","Streamline","Coolheaded"],"relics":["Ring of the Snake","FaceOfCleric","Potion Belt","Sundial","PrismaticShard","Runic Pyramid","Anchor","Regal Pillow","Boot","Tiny Chest","Coffee Dripper","Du-Vu Doll","Happy Flower","Ice Cream","Bag of Preparation","PreservedInsect","Singing Bowl"],"potions_floor_usage":[4,6,6,18,29,39,40,40,40,40,40,44,46,46,48,50],"damage_taken":[{"damage":0,"enemies":"Cultist","floor":1,"turns":4},{"damage":2,"enemies":"Small Slimes","floor":2,"turns":4},{"damage":9,"enemies":"Jaw Worm","floor":3,"turns":3},{"damage":0,"enemies":"2 Fungi Beasts","floor":4,"turns":3},{"damage":34,"enemies":"Lagavulin","floor":6,"turns":6},{"damage":18,"enemies":"Large Slime","floor":7,"turns":6},{"damage":19,"enemies":"3 Sentries","floor":10,"turns":6},{"damage":16,"enemies":"3 Louse","floor":11,"turns":4},{"damage":21,"enemies":"Exordium Wildlife","floor":14,"turns":4},{"damage":15,"enemies":"Hexaghost","floor":16,"turns":8},{"damage":24,"enemies":"2 Thieves","floor":18,"turns":3},{"damage":16,"enemies":"Shell Parasite","floor":20,"turns":4},{"damage":41,"enemies":"Slavers","floor":28,"turns":5},{"damage":2,"enemies":"Cultist and Chosen","floor":29,"turns":6},{"damage":18,"enemies":"Book of Stabbing","floor":30,"turns":6},{"damage":7,"enemies":"Sentry and Sphere","floor":31,"turns":7},{"damage":46,"enemies":"Collector","floor":33,"turns":10},{"damage":0,"enemies":"3 Darklings","floor":35,"turns":4},{"damage":34,"enemies":"2 Orb Walkers","floor":39,"turns":4},{"damage":8,"enemies":"Reptomancer","floor":40,"turns":2},{"damage":8,"enemies":"Mind Bloom Boss Battle","floor":41,"turns":7},{"damage":7,"enemies":"Orb Walker","floor":42,"turns":3},{"damage":23,"enemies":"Writhing Mass","floor":44,"turns":5},{"damage":1,"enemies":"Giant Head","floor":46,"turns":8},{"damage":25,"enemies":"Jaw Worm Horde","floor":47,"turns":4},{"damage":0,"enemies":"4 Shapes","floor":48,"turns":3},{"damage":40,"enemies":"Awakened One","floor":50,"turns":8}],"seed_played":"-6735252597111569080","potions_obtained":[{"floor":1,"key":"LiquidBronze"},{"floor":2,"key":"LiquidBronze"},{"floor":4,"key":"Explosive Potion"},{"floor":16,"key":"Poison Potion"},{"floor":28,"key":"PowerPotion"},{"floor":29,"key":"GamblersBrew"},{"floor":33,"key":"Regen Potion"},{"floor":39,"key":"EntropicBrew"},{"floor":42,"key":"Fire Potion"},{"floor":44,"key":"Fire Potion"},{"floor":47,"key":"PowerPotion"},{"floor":48,"key":"Ancient Potion"}],"is_trial":false,"path_per_floor":["M","M","M","M","?","E","M","R","T","E","M","$","R","M","R","B",null,"M","?","M","?","$","?","?","R","T","?","E","M","E","M","R","B",null,"M","?","?","$","?","E","?","M","T","M","$","E","M","M","R","B"],"character_chosen":"THE_SILENT","items_purchased":["PrismaticShard","Bane","Anchor","Finesse","Secret Weapon","PreservedInsect","Deflect","Blade Dance"],"campfire_rested":5,"item_purchase_floors":[12,12,22,38,38,45,45,45],"current_hp_per_floor":[77,75,66,66,66,33,16,39,39,21,6,6,30,10,34,20,83,60,60,45,29,29,29,29,54,54,54,20,29,20,24,57,30,64,65,65,65,65,45,45,50,50,50,36,36,46,24,27,27,0],"gold":70,"neow_bonus":"TEN_PERCENT_HP_BONUS","is_prod":false,"is_daily":false,"chose_seed":false,"campfire_upgraded":0,"win_rate":0,"timestamp":1554586141,"path_taken":["M","M","?","M","?","E","M","R","T","E","M","$","R","?","R","BOSS","M","?","M","?","$","?","?","R","T","?","E","M","E","M","R","BOSS","M","?","?","$","?","E","?","M","T","M","$","E","?","M","R","BOSS"],"build_version":"2019-01-23","purchased_purges":0,"victory":false,"max_hp_per_floor":[77,77,77,77,77,78,79,79,79,80,81,81,81,82,82,83,83,84,84,85,85,85,85,85,85,85,59,60,61,62,63,63,64,64,65,65,65,65,66,67,68,69,69,70,70,71,72,73,73,73],"card_choices":[{"not_picked":["Flechettes","Prepared"],"picked":"Noxious Fumes","floor":1},{"not_picked":["Slice","Flying Knee"],"picked":"Crippling Poison","floor":2},{"not_picked":["Underhanded Strike","Dodge and Roll"],"picked":"Deflect","floor":3},{"not_picked":["After Image","Blade Dance"],"picked":"Bouncing Flask","floor":4},{"not_picked":["Slice","Acrobatics"],"picked":"Flechettes","floor":6},{"not_picked":["Prepared","Caltrops"],"picked":"Concentrate","floor":7},{"not_picked":["Slice","Grand Finale"],"picked":"Caltrops","floor":10},{"not_picked":["PiercingWail","Quick Slash"],"picked":"Deadly Poison","floor":11},{"not_picked":["Storm","Eviscerate"],"picked":"All Out Attack","floor":14},{"not_picked":["Multi-Cast","Secret Weapon"],"picked":"Panache","floor":16},{"not_picked":["Cleave","Leap"],"picked":"Bane+1","floor":18},{"not_picked":["Barrage","Compile Driver"],"picked":"Steam","floor":20},{"not_picked":["Heatsinks+1","Deflect"],"picked":"Trip+1","floor":28},{"not_picked":["Footwork","Bane"],"picked":"Armaments","floor":29},{"not_picked":["Backflip","Defragment+1"],"picked":"Outmaneuver+1","floor":30},{"not_picked":["Doom and Gloom","Chrysalis"],"picked":"Anger","floor":31},{"not_picked":["Juggernaut","Chrysalis"],"picked":"Offering","floor":33},{"not_picked":["Redo","Stack"],"picked":"Deflect","floor":35},{"not_picked":["Sword Boomerang+1","Jack Of All Trades+1"],"picked":"Dramatic Entrance","floor":39},{"not_picked":["Well Laid Plans","Burning Pact+1"],"picked":"Metallicize","floor":40},{"not_picked":["PiercingWail","Outmaneuver+1"],"picked":"Iron Wave+1","floor":41},{"not_picked":["Dash","Thunderclap"],"picked":"Anger","floor":42},{"not_picked":["Underhanded Strike+1","Auto Shields"],"picked":"Madness","floor":44},{"not_picked":["Feed","All Out Attack+1"],"picked":"Go for the Eyes","floor":46},{"not_picked":["Corruption+1","Predator"],"picked":"Streamline","floor":47},{"not_picked":["Deadly Poison+1","Shrug It Off+1"],"picked":"Coolheaded","floor":48}],"player_experience":446032,"relics_obtained":[{"floor":6,"key":"Potion Belt"},{"floor":10,"key":"Sundial"},{"floor":26,"key":"Regal Pillow"},{"floor":28,"key":"Boot"},{"floor":30,"key":"Tiny Chest"},{"floor":39,"key":"Du-Vu Doll"},{"floor":40,"key":"Happy Flower"},{"floor":41,"key":"Ice Cream"},{"floor":43,"key":"Bag of Preparation"},{"floor":46,"key":"Singing Bowl"}],"event_choices":[{"damage_healed":0,"gold_gain":0,"player_choice":"Trade","damage_taken":0,"relics_obtained":["FaceOfCleric"],"max_hp_gain":0,"max_hp_loss":0,"event_name":"FaceTrader","floor":5,"gold_loss":0},{"damage_healed":0,"gold_gain":0,"player_choice":"Simplicity","damage_taken":0,"max_hp_gain":0,"max_hp_loss":0,"event_name":"Back to Basics","floor":19,"gold_loss":0,"cards_upgraded":["Defend_G","Defend_G","Defend_G","Defend_G","Defend_G","Strike_G","Strike_G","Strike_G","Strike_G","Strike_G"]},{"damage_healed":0,"gold_gain":0,"player_choice":"Obtained Book","damage_taken":16,"max_hp_gain":0,"max_hp_loss":0,"event_name":"Cursed Tome","floor":21,"gold_loss":0},{"damage_healed":0,"gold_gain":0,"player_choice":"Ignored","damage_taken":0,"max_hp_gain":0,"max_hp_loss":0,"event_name":"Beggar","floor":23,"gold_loss":0},{"damage_healed":0,"gold_gain":0,"cards_transformed":["Concentrate","Survivor"],"player_choice":"Became Test Subject","damage_taken":0,"max_hp_gain":0,"max_hp_loss":0,"event_name":"Drug Dealer","floor":24,"gold_loss":0,"cards_obtained":["Wraith Form v2","PiercingWail"]},{"damage_healed":0,"gold_gain":0,"player_choice":"Became a vampire","damage_taken":0,"max_hp_gain":0,"max_hp_loss":26,"event_name":"Vampires","floor":27,"gold_loss":0,"cards_obtained":["Bite","Bite","Bite","Bite","Bite"]},{"cards_removed":["Deadly Poison"],"damage_healed":0,"gold_gain":0,"player_choice":"Removed Skill","damage_taken":0,"max_hp_gain":0,"max_hp_loss":0,"event_name":"Falling","floor":36,"gold_loss":0},{"damage_healed":0,"gold_gain":0,"player_choice":"Ignored","damage_taken":0,"max_hp_gain":0,"max_hp_loss":0,"event_name":"Tomb of Lord Red Mask","floor":37,"gold_loss":0},{"damage_healed":0,"gold_gain":0,"player_choice":"Fight","damage_taken":0,"max_hp_gain":0,"max_hp_loss":0,"event_name":"Mysterious Sphere","floor":39,"gold_loss":0},{"damage_healed":0,"gold_gain":0,"player_choice":"Fight","damage_taken":0,"max_hp_gain":0,"max_hp_loss":0,"event_name":"MindBloom","floor":41,"gold_loss":0}],"is_beta":false,"boss_relics":[{"not_picked":["Black Star","Velvet Choker"],"picked":"Runic Pyramid"},{"not_picked":["Lizard Tail","Pandora\u0027s Box"],"picked":"Coffee Dripper"}],"items_purged_floors":[],"is_endless":false,"potions_floor_spawned":[1,2,4,16,28,29,33,39,42,44,47,48],"killed_by":"Awakened One","ascension_level":3}