{"gold_per_floor":[116,132,132,146,165,165,165,193,216,216,216,2,2,36,36,36],"floor_reached":16,"playtime":483,"items_purged":[],"score":151,"play_id":"1f4e2fb9-d2b5-42d2-b37d-75c773b1b4d2","local_time":"20190625130859","is_ascension_mode":true,"campfire_choices":[{"data":"Immolate","floor":6,"key":"SMITH"},{"floor":11,"key":"REST"},{"data":"Inflame","floor":15,"key":"SMITH"}],"neow_cost":"NONE","seed_source_timestamp":956110116098200,"circlet_count":0,"master_deck":["Strike_R","Strike_R","Strike_R","Strike_R","Strike_R+1","Defend_R","Defend_R+1","Defend_R","Defend_R+1","Bash","Dark Embrace+1","Pommel Strike","Ghostly Armor","Clothesline","Immolate+1","Flame Barrier","Inflame+1","True Grit"],"relics":["Burning Blood","Pen Nib","Boot","Bag of Preparation","Membership Card","War Paint"],"potions_floor_usage":[8,14],"damage_taken":[{"damage":2,"enemies":"Small Slimes","floor":1,"turns":4},{"damage":18,"enemies":"Jaw Worm","floor":2,"turns":4},{"damage":1,"enemies":"Cultist","floor":4,"turns":3},{"damage":24,"enemies":"Red Slaver","floor":5,"turns":5},{"damage":25,"enemies":"Lagavulin","floor":8,"turns":5},{"damage":11,"enemies":"Gremlin Nob","floor":14,"turns":4},{"damage":26,"enemies":"Hexaghost","floor":16,"turns":8}],"seed_played":"-3403213459099850806","potions_obtained":[{"floor":1,"key":"Strength Potion"},{"floor":2,"key":"Strength Potion"},{"floor":5,"key":"SpeedPotion"},{"floor":14,"key":"SpeedPotion"}],"is_trial":false,"path_per_floor":["M","M","?","M","M","R","?","E","T","?","R","$","$","E","R","B"],"character_chosen":"IRONCLAD","items_purchased":["Membership Card","Inflame"],"campfire_rested":1,"item_purchase_floors":[12,12],"current_hp_per_floor":[76,64,48,53,35,35,40,21,21,3,28,28,28,23,23,0],"gold":36,"neow_bonus":"ONE_RANDOM_RARE_CARD","is_prod":false,"is_daily":false,"chose_seed":false,"campfire_upgraded":2,"win_rate":0,"timestamp":1561482539,"path_taken":["M","M","?","M","M","R","?","E","T","?","R","?","$","E","R","BOSS"],"build_version":"2019-01-23","purchased_purges":0,"victory":false,"max_hp_per_floor":[80,80,80,80,80,80,85,85,85,85,85,85,85,85,85,85],"card_choices":[{"not_picked":["Ghostly Armor","Iron Wave"],"picked":"Pommel Strike","floor":1},{"not_picked":["Battle Trance","Clash"],"picked":"Ghostly Armor","floor":2},{"not_picked":["Sentinel","Havoc"],"picked":"Clothesline","floor":4},{"not_picked":["Havoc","Dropkick"],"picked":"Immolate","floor":5},{"not_picked":["Havoc","Dropkick"],"picked":"Flame Barrier","floor":8},{"not_picked":["Body Slam","Fire Breathing"],"picked":"True Grit","floor":14}],"player_experience":261998,"relics_obtained":[{"floor":8,"key":"Pen Nib"},{"floor":9,"key":"Boot"},{"floor":14,"key":"War Paint"}],"event_choices":[{"damage_healed":0,"gold_gain":0,"player_choice":"Entered Light","damage_taken":16,"max_hp_gain":0,"max_hp_loss":0,"event_name":"Shining Light","floor":3,"gold_loss":0,"cards_upgraded":["Dark Embrace","Strike_R"]},{"damage_healed":0,"gold_gain":0,"player_choice":"Donut","damage_taken":0,"max_hp_gain":5,"max_hp_loss":0,"event_name":"Big Fish","floor":7,"gold_loss":0},{"damage_healed":0,"gold_gain":0,"player_choice":"Success","damage_taken":18,"relics_obtained":["Bag of Preparation"],"max_hp_gain":0,"max_hp_loss":0,"event_name":"Scrap Ooze","floor":10,"gold_loss":0}],"is_beta":false,"boss_relics":[],"items_purged_floors":[],"is_endless":false,"potions_floor_spawned":[1,2,5,14],"killed_by":"Hexaghost","ascension_level":8}