{"gold_per_floor":[111,122,132,132,112,144,144,154,180,180,199,225,254,270,270,373,423,436,454,454,26,26,357,357],"floor_reached":24,"playtime":1398,"items_purged":[],"score":296,"play_id":"d164be93-68e8-4acc-9d57-e1d60a5e40a5","local_time":"20190320222238","is_ascension_mode":true,"campfire_choices":[{"floor":7,"key":"REST"},{"floor":10,"key":"REST"},{"floor":15,"key":"REST"}],"neow_cost":"NONE","seed_source_timestamp":1661670322968000,"circlet_count":0,"master_deck":["Strike_B","Strike_B","Strike_B","Strike_B","Defend_B","Defend_B","Defend_B+1","Defend_B","Zap","Dualcast","Storm","Ball Lightning","BootSequence","Regret","White Noise","Streamline","Ball Lightning","Tempest","Heatsinks","Cold Snap","Rainbow","Streamline","Turbo+1","Steam","Conserve Battery","Ball Lightning","FTL+1"],"relics":["Cracked Core","Orichalcum","Odd Mushroom","Juzu Bracelet","Tiny House","Toy Ornithopter","Blood Vial","Nloth\u0027s Gift","Old Coin"],"potions_floor_usage":[6,6,14,16,18,18,19,19],"damage_taken":[{"damage":3,"enemies":"Jaw Worm","floor":1,"turns":4},{"damage":0,"enemies":"Small Slimes","floor":2,"turns":3},{"damage":6,"enemies":"Cultist","floor":3,"turns":3},{"damage":34,"enemies":"3 Sentries","floor":6,"turns":8},{"damage":14,"enemies":"3 Louse","floor":8,"turns":3},{"damage":15,"enemies":"Exordium Wildlife","floor":11,"turns":4},{"damage":5,"enemies":"The Mushroom Lair","floor":12,"turns":4},{"damage":21,"enemies":"Gremlin Nob","floor":13,"turns":4},{"damage":8,"enemies":"2 Fungi Beasts","floor":14,"turns":3},{"damage":37,"enemies":"Hexaghost","floor":16,"turns":9},{"damage":12,"enemies":"2 Thieves","floor":18,"turns":3},{"damage":0,"enemies":"Spheric Guardian","floor":19,"turns":3},{"damage":53,"enemies":"Slavers","floor":23,"turns":6}],"seed_played":"-6260159137198923278","potions_obtained":[{"floor":1,"key":"AttackPotion"},{"floor":3,"key":"SteroidPotion"},{"floor":5,"key":"EssenceOfSteel"},{"floor":6,"key":"Ancient Potion"},{"floor":13,"key":"AttackPotion"},{"floor":16,"key":"Energy Potion"},{"floor":17,"key":"Block Potion"},{"floor":18,"key":"Fire Potion"},{"floor":23,"key":"EssenceOfSteel"}],"is_trial":false,"path_per_floor":["M","M","M","?","?","E","R","M","T","R","M","?","E","M","R","B",null,"M","M","?","$","?","E","?"],"character_chosen":"DEFECT","items_purchased":["Toy Ornithopter","Blood Vial","Conserve Battery","Ball Lightning"],"campfire_rested":3,"item_purchase_floors":[21,21,21,21],"current_hp_per_floor":[79,79,73,73,73,39,63,49,49,73,58,53,32,24,48,11,87,75,75,58,58,58,7,0],"gold":357,"neow_bonus":"TEN_PERCENT_HP_BONUS","is_prod":false,"is_daily":false,"chose_seed":false,"campfire_upgraded":0,"win_rate":0,"timestamp":1553120558,"path_taken":["M","M","M","?","?","E","R","?","T","R","M","?","E","M","R","BOSS","M","M","?","$","?","E","?"],"build_version":"2019-01-23","purchased_purges":0,"victory":false,"max_hp_per_floor":[82,82,82,82,82,82,82,82,82,82,82,82,82,82,82,82,87,87,87,92,92,92,92,92],"card_choices":[{"not_picked":["Beam Cell","Steam"],"picked":"Storm","floor":1},{"not_picked":["Skim","Fusion"],"picked":"Ball Lightning","floor":2},{"not_picked":["Streamline","Leap"],"picked":"BootSequence","floor":3},{"not_picked":["Meteor Strike","Force Field"],"picked":"White Noise","floor":6},{"not_picked":["Auto Shields","Redo"],"picked":"Streamline","floor":8},{"not_picked":["Sweeping Beam","Conserve Battery"],"picked":"Ball Lightning","floor":11},{"not_picked":["Beam Cell","Stack"],"picked":"Tempest","floor":12},{"not_picked":["Steam","Redo"],"picked":"Heatsinks","floor":13},{"not_picked":["Compile Driver","Ball Lightning"],"picked":"Cold Snap","floor":14},{"not_picked":["Machine Learning","Multi-Cast"],"picked":"Rainbow","floor":16},{"not_picked":["Redo","Steam Power"],"picked":"Streamline","floor":17},{"not_picked":["Cold Snap","Auto Shields"],"picked":"Turbo+1","floor":18},{"not_picked":["Rebound+1","Compile Driver"],"picked":"Steam","floor":19},{"not_picked":["Tempest","Core Surge"],"picked":"FTL+1","floor":23}],"player_experience":357180,"relics_obtained":[{"floor":6,"key":"Orichalcum"},{"floor":12,"key":"Odd Mushroom"},{"floor":13,"key":"Juzu Bracelet"},{"floor":23,"key":"Old Coin"}],"event_choices":[{"damage_healed":0,"gold_gain":0,"player_choice":"Box","damage_taken":0,"relics_obtained":["Bag of Preparation"],"max_hp_gain":0,"max_hp_loss":0,"event_name":"Big Fish","floor":4,"gold_loss":0,"cards_obtained":["Regret"]},{"damage_healed":0,"gold_gain":0,"player_choice":"Bought 1 Potion","damage_taken":0,"max_hp_gain":0,"max_hp_loss":0,"event_name":"The Woman in Blue","floor":5,"gold_loss":0},{"damage_healed":0,"gold_gain":0,"player_choice":"Fought Mushrooms","damage_taken":0,"max_hp_gain":0,"max_hp_loss":0,"event_name":"Mushrooms","floor":12,"gold_loss":0},{"damage_healed":0,"gold_gain":0,"player_choice":"Shed Blood","damage_taken":22,"max_hp_gain":5,"max_hp_loss":0,"event_name":"Forgotten Altar","floor":20,"gold_loss":0},{"damage_healed":0,"gold_gain":0,"player_choice":"Traded Relic","damage_taken":0,"relics_obtained":["Nloth\u0027s Gift"],"max_hp_gain":0,"max_hp_loss":0,"event_name":"N\u0027loth","floor":22,"relics_lost":["Bag of Preparation"],"gold_loss":0}],"is_beta":false,"boss_relics":[{"not_picked":["Eternal Feather","Busted Crown"],"picked":"Tiny House"}],"items_purged_floors":[],"is_endless":false,"potions_floor_spawned":[1,3,6,13,16,18,23],"ascension_level":4}