{"gold_per_floor":[215,42,42,57,57,90,106,136,159,159],"floor_reached":10,"playtime":452,"items_purged":[],"score":87,"play_id":"e07070d8-5aad-4113-83a2-ab79b92488af","local_time":"20190314193905","is_ascension_mode":true,"campfire_choices":[],"neow_cost":"NONE","seed_source_timestamp":1134410311563700,"circlet_count":0,"master_deck":["Strike_B","Strike_B","Strike_B","Strike_B","Defend_B","Defend_B","Defend_B","Defend_B","Zap","Dualcast","Ball Lightning","Self Repair","Sweeping Beam","Rip and Tear","Ball Lightning","Beam Cell","Compile Driver","Defragment"],"relics":["Cracked Core","GremlinMask","Smiling Mask","Bag of Preparation","Lantern"],"potions_floor_usage":[7],"damage_taken":[{"damage":1,"enemies":"Cultist","floor":1,"turns":3},{"damage":7,"enemies":"Small Slimes","floor":4,"turns":3},{"damage":16,"enemies":"Gremlin Nob","floor":6,"turns":3},{"damage":11,"enemies":"2 Louse","floor":7,"turns":2},{"damage":35,"enemies":"Lagavulin","floor":8,"turns":4},{"damage":35,"enemies":"3 Sentries","floor":10,"turns":4}],"seed_played":"-8002651460229516778","potions_obtained":[{"floor":4,"key":"SkillPotion"}],"is_trial":false,"path_per_floor":["M","$","?","M","?","E","M","E","T","E"],"character_chosen":"DEFECT","items_purchased":["Self Repair","Sweeping Beam","Rip and Tear"],"campfire_rested":0,"item_purchase_floors":[2,2,2],"current_hp_per_floor":[74,74,74,74,74,65,61,33,33,0],"gold":159,"neow_bonus":"HUNDRED_GOLD","is_prod":false,"is_daily":false,"chose_seed":false,"campfire_upgraded":0,"win_rate":0,"timestamp":1552592345,"path_taken":["M","$","?","?","?","E","M","E","T","E"],"build_version":"2019-01-23","purchased_purges":0,"victory":false,"max_hp_per_floor":[75,75,75,75,75,75,75,75,75,75],"card_choices":[{"not_picked":["Beam Cell","Barrage"],"picked":"Ball Lightning","floor":1},{"not_picked":["Leap","Conserve Battery"],"picked":"Ball Lightning","floor":4},{"not_picked":["Stack","Rebound"],"picked":"Beam Cell","floor":6},{"not_picked":["Force Field","Biased Cognition"],"picked":"Compile Driver","floor":7},{"not_picked":["Consume","Steam"],"picked":"Defragment","floor":8}],"player_experience":309059,"relics_obtained":[{"floor":5,"key":"Smiling Mask"},{"floor":6,"key":"Bag of Preparation"},{"floor":8,"key":"Lantern"}],"event_choices":[{"damage_healed":0,"gold_gain":0,"player_choice":"Trade","damage_taken":0,"relics_obtained":["GremlinMask"],"max_hp_gain":0,"max_hp_loss":0,"event_name":"FaceTrader","floor":3,"gold_loss":0},{"damage_healed":0,"gold_gain":0,"player_choice":"Relic","damage_taken":0,"max_hp_gain":0,"max_hp_loss":0,"event_name":"Wheel of Change","floor":5,"gold_loss":0}],"is_beta":false,"boss_relics":[],"items_purged_floors":[],"is_endless":false,"potions_floor_spawned":[4],"killed_by":"3 Sentries","ascension_level":3}