{"gold_per_floor":[16,35,35,0,11,11,21,21,21,21,32,48,60,74,74,74],"floor_reached":16,"playtime":897,"items_purged":[],"score":192,"play_id":"f6d6b79c-0f8d-4b99-9617-6066233b9e43","local_time":"20190629064944","is_ascension_mode":true,"campfire_choices":[{"data":"Neutralize","floor":10.0,"key":"SMITH"},{"floor":15,"key":"REST"}],"neow_cost":"NO_GOLD","seed_source_timestamp":812095679407400,"circlet_count":0,"master_deck":["AscendersBane","Defend_G","Defend_G","Defend_G","Defend_G","Defend_G","Strike_G","Strike_G","Strike_G","Survivor","Neutralize+1","Catalyst","Eviscerate","Acrobatics","Backstab","PiercingWail","Reflex","Grand Finale","Prepared"],"special_seed":0,"relics":["Ring of the Snake","Omamori"],"potions_floor_usage":[14,16],"damage_taken":[{"damage":19.0,"enemies":"Small Slimes","floor":1.0,"turns":8.0},{"damage":0.0,"enemies":"2 Louse","floor":2.0,"turns":5.0},{"damage":8.0,"enemies":"Jaw Worm","floor":5.0,"turns":9.0},{"damage":1.0,"enemies":"3 Louse","floor":7.0,"turns":5.0},{"damage":3.0,"enemies":"Blue Slaver","floor":11.0,"turns":8.0},{"damage":21.0,"enemies":"Exordium Thugs","floor":12.0,"turns":5.0},{"damage":15.0,"enemies":"Lots of Slimes","floor":13.0,"turns":8.0},{"damage":4,"enemies":"Large Slime","floor":14,"turns":5},{"damage":42,"enemies":"Slime Boss","floor":16,"turns":8}],"seed_played":"-4102059983811414862","potions_obtained":[{"floor":1.0,"key":"Energy Potion"},{"floor":5.0,"key":"Strength Potion"},{"floor":13.0,"key":"LiquidBronze"},{"floor":14,"key":"PowerPotion"}],"is_trial":false,"path_per_floor":["M","M","?","?","M","?","M","?","T","R","M","M","M","M","R","B"],"character_chosen":"THE_SILENT","items_purchased":[],"campfire_rested":1,"item_purchase_floors":[],"current_hp_per_floor":[40,40,45,62,54,54,53,53,53,53,50,29,14,10,31,0],"gold":74,"neow_bonus":"TRANSFORM_TWO_CARDS","is_prod":false,"is_daily":false,"chose_seed":false,"campfire_upgraded":1,"win_rate":0,"timestamp":1561758584,"path_taken":["M","M","?","?","M","?","M","?","T","R","M","M","?","M","R","BOSS"],"build_version":"2019-01-23","purchased_purges":0,"victory":false,"max_hp_per_floor":[66,66,71,71,71,71,71,71,71,71,71,71,71,71,71,71],"card_choices":[{"not_picked":["Dagger Spray","Quick Slash"],"picked":"Acrobatics","floor":1.0},{"not_picked":["Blade Dance","Slice","Bane"],"picked":"SKIP","floor":2.0},{"not_picked":["Infinite Blades","Poisoned Stab"],"picked":"Backstab","floor":5.0},{"not_picked":["Flying Knee","Deflect"],"picked":"PiercingWail","floor":7.0},{"not_picked":["Flechettes","Quick Slash","All Out Attack"],"picked":"SKIP","floor":11.0},{"not_picked":["Outmaneuver","Finisher"],"picked":"Reflex","floor":12.0},{"not_picked":["Terror","Deadly Poison"],"picked":"Grand Finale","floor":13.0},{"not_picked":["Quick Slash","Dagger Throw"],"picked":"Prepared","floor":14}],"player_experience":1031794,"relics_obtained":[{"floor":9.0,"key":"Omamori"}],"event_choices":[{"damage_healed":0.0,"max_hp_gain":5.0,"max_hp_loss":0.0,"gold_gain":0.0,"event_name":"Big Fish","player_choice":"Donut","floor":3.0,"gold_loss":0.0,"damage_taken":0.0},{"damage_healed":17.0,"max_hp_gain":0.0,"max_hp_loss":0.0,"gold_gain":0.0,"event_name":"The Cleric","player_choice":"Healed","floor":4.0,"gold_loss":35.0,"damage_taken":0.0},{"damage_healed":0.0,"max_hp_gain":0.0,"max_hp_loss":0.0,"gold_gain":0.0,"event_name":"Golden Idol","player_choice":"Ignored","floor":6.0,"gold_loss":0.0,"damage_taken":0.0},{"damage_healed":0.0,"max_hp_gain":0.0,"max_hp_loss":0.0,"gold_gain":0.0,"event_name":"Liars Game","player_choice":"Ignored","floor":8.0,"gold_loss":0.0,"damage_taken":0.0}],"is_beta":false,"boss_relics":[],"items_purged_floors":[],"is_endless":false,"potions_floor_spawned":[1,5,13,14],"killed_by":"Slime Boss","ascension_level":20}