{"gold_per_floor":[119,44,44,44,44,44,75,75,130,130,130,94,94,107,107,211,211,225,150,2,0,10,10,10,20,45,61,61],"floor_reached":28,"playtime":1367,"items_purged":["Defend_G"],"score":212,"play_id":"4c470637-4bc4-4074-8347-d9bba5794ba9","local_time":"20181027164959","is_ascension_mode":false,"campfire_choices":[{"data":"Blur","floor":6,"key":"SMITH"},{"data":"Sucker Punch","floor":8,"key":"SMITH"},{"floor":11,"key":"REST"},{"data":"Noxious Fumes","floor":13,"key":"SMITH"},{"data":"PiercingWail","floor":15,"key":"SMITH"},{"data":"A Thousand Cuts","floor":23,"key":"SMITH"}],"neow_cost":"NONE","seed_source_timestamp":1489932519097219,"circlet_count":0,"master_deck":["Defend_G","Defend_G","Defend_G","Strike_G","Strike_G","Strike_G+1","Survivor","Neutralize+1","Blur+1","PiercingWail+1","Sucker Punch+1","Noxious Fumes+1","Prepared","A Thousand Cuts+1","Cloak And Dagger","Bouncing Flask","Noxious Fumes","Catalyst","Bane+1","J.A.X.","Backflip+1"],"relics":["Ring of the Snake","Centennial Puzzle","Anchor","Tiny Chest","GremlinMask","Empty Cage","Whetstone"],"potions_floor_usage":[7,16,16,27],"damage_taken":[{"damage":2,"enemies":"2 Louse","floor":1,"turns":4},{"damage":54,"enemies":"Gremlin Nob","floor":7,"turns":7},{"damage":1,"enemies":"Cultist","floor":14,"turns":5},{"damage":24,"enemies":"The Guardian","floor":16,"turns":12},{"damage":10,"enemies":"3 Byrds","floor":18,"turns":4},{"damage":0,"enemies":"2 Thieves","floor":21,"turns":4},{"damage":9,"enemies":"Shelled Parasite and Fungi","floor":22,"turns":7},{"damage":15,"enemies":"Snecko","floor":25,"turns":5},{"damage":6,"enemies":"Cultist and Chosen","floor":27,"turns":6},{"damage":31,"enemies":"Book of Stabbing","floor":28,"turns":7}],"seed_played":"-6563719535787457410","potions_obtained":[{"floor":1,"key":"AttackPotion"},{"floor":3,"key":"GamblersBrew"},{"floor":3,"key":"FearPotion"},{"floor":3,"key":"Block Potion"},{"floor":16,"key":"SteroidPotion"},{"floor":25,"key":"Weak Potion"},{"floor":27,"key":"SteroidPotion"}],"is_trial":false,"path_per_floor":["M","$","?","?","T","R","E","R","T","?","R","$","R","M","R","B",null,"M","?","$","M","M","R","?","M","T","M"],"character_chosen":"THE_SILENT","items_purchased":["Noxious Fumes","Bouncing Flask","Noxious Fumes"],"campfire_rested":1,"item_purchase_floors":[12,20,20],"current_hp_per_floor":[68,68,68,68,68,68,14,14,14,14,35,35,35,34,34,10,70,60,60,60,60,51,51,51,36,36,30,0],"gold":61,"neow_bonus":"THREE_CARDS","is_prod":false,"is_daily":false,"chose_seed":false,"campfire_upgraded":5,"win_rate":0,"timestamp":1540673399,"path_taken":["M","$","?","?","?","R","E","R","T","?","R","$","R","?","R","BOSS","M","?","$","M","?","R","?","?","T","M","E"],"build_version":"2018-10-25v2","purchased_purges":1,"victory":false,"max_hp_per_floor":[70,70,70,70,70,70,70,70,70,70,70,70,70,70,70,70,70,70,70,70,70,70,70,70,70,70,70,70],"card_choices":[{"not_picked":["Cloak And Dagger","Outmaneuver"],"picked":"Blur","floor":0},{"not_picked":["Accuracy","Bane"],"picked":"PiercingWail","floor":1},{"not_picked":["All Out Attack","Eviscerate"],"picked":"Sucker Punch","floor":7},{"not_picked":["Choke","Calculated Gamble"],"picked":"Prepared","floor":14},{"not_picked":["Die Die Die","Burst"],"picked":"A Thousand Cuts","floor":16},{"not_picked":["Riddle With Holes","Underhanded Strike"],"picked":"Cloak And Dagger","floor":18},{"not_picked":["Bane","Acrobatics"],"picked":"Catalyst","floor":21},{"not_picked":["Dodge and Roll","Terror"],"picked":"Bane+1","floor":22},{"not_picked":["Expertise+1","Sucker Punch"],"picked":"Backflip+1","floor":25},{"not_picked":["Finisher","Accuracy","Dagger Throw+1"],"picked":"SKIP","floor":27}],"player_experience":101810,"relics_obtained":[{"floor":5,"key":"Centennial Puzzle"},{"floor":7,"key":"Anchor"},{"floor":9,"key":"Tiny Chest"},{"floor":26,"key":"Whetstone"}],"event_choices":[{"damage_healed":0,"gold_gain":0,"player_choice":"Got Potions","damage_taken":0,"max_hp_gain":0,"max_hp_loss":0,"event_name":"The Lab","floor":3,"gold_loss":0},{"damage_healed":0,"gold_gain":0,"player_choice":"0 cards matched","damage_taken":0,"max_hp_gain":0,"max_hp_loss":0,"event_name":"Match and Keep!","floor":4,"gold_loss":0,"cards_obtained":[]},{"damage_healed":0,"gold_gain":0,"player_choice":"Trade","damage_taken":0,"relics_obtained":["GremlinMask"],"max_hp_gain":0,"max_hp_loss":0,"event_name":"FaceTrader","floor":10,"gold_loss":0},{"cards_removed":["Strike_G"],"damage_healed":0,"gold_gain":0,"player_choice":"Gave Gold","damage_taken":0,"max_hp_gain":0,"max_hp_loss":0,"event_name":"Beggar","floor":19,"gold_loss":75},{"damage_healed":0,"gold_gain":0,"player_choice":"Obtain J.A.X.","damage_taken":0,"max_hp_gain":0,"max_hp_loss":0,"event_name":"Drug Dealer","floor":24,"gold_loss":0,"cards_obtained":["J.A.X."]}],"is_beta":false,"boss_relics":[{"not_picked":["Cursed Key","HoveringKite"],"picked":"Empty Cage"}],"items_purged_floors":[2],"is_endless":false,"potions_floor_spawned":[1,16,25,27],"killed_by":"Book of Stabbing","ascension_level":0}