{"gold_per_floor":[20,20,45,45,45,45,45,45],"floor_reached":8,"playtime":282,"items_purged":[],"score":46,"play_id":"00484a00-130e-483a-a472-3ac17f2ccb3d","local_time":"20181027142340","is_ascension_mode":true,"campfire_choices":[{"data":"Shrug It Off","floor":6,"key":"SMITH"}],"neow_cost":"NO_GOLD","seed_source_timestamp":1482238911964441,"circlet_count":0,"master_deck":["Strike_R","Strike_R","Strike_R","Strike_R","Strike_R","Defend_R","Defend_R","Defend_R","Defend_R","Bash","Shrug It Off+1","Rupture"],"relics":["Burning Blood","Magic Flower","Golden Idol","Molten Egg 2"],"potions_floor_usage":[8,8],"damage_taken":[{"damage":6,"enemies":"Small Slimes","floor":1,"turns":4},{"damage":2,"enemies":"2 Louse","floor":3,"turns":4},{"damage":45,"enemies":"3 Sentries","floor":8,"turns":9}],"seed_played":"3995345431413521803","potions_obtained":[{"floor":3,"key":"Energy Potion"},{"floor":5,"key":"SneckoOil"},{"floor":5,"key":"FearPotion"}],"is_trial":false,"path_per_floor":["M","?","M","?","?","R","?"],"character_chosen":"IRONCLAD","items_purchased":[],"campfire_rested":0,"item_purchase_floors":[],"current_hp_per_floor":[80,60,67,49,49,49,49,4],"gold":45,"neow_bonus":"ONE_RARE_RELIC","is_prod":false,"is_daily":false,"chose_seed":false,"campfire_upgraded":1,"win_rate":0,"timestamp":1540664620,"path_taken":["M","?","M","?","?","R","?","E"],"build_version":"2018-10-25v2","purchased_purges":0,"victory":false,"max_hp_per_floor":[80,80,80,80,80,80,80,80],"card_choices":[{"not_picked":["Cleave","Rampage"],"picked":"Shrug It Off","floor":1},{"not_picked":["Second Wind","Infernal Blade"],"picked":"Rupture","floor":3}],"player_experience":95198,"relics_obtained":[],"event_choices":[{"damage_healed":0,"gold_gain":0,"player_choice":"Take Damage","damage_taken":20,"relics_obtained":["Golden Idol"],"max_hp_gain":0,"max_hp_loss":0,"event_name":"Golden Idol","floor":2,"gold_loss":0},{"damage_healed":0,"gold_gain":0,"player_choice":"Success","damage_taken":18,"relics_obtained":["Molten Egg 2"],"max_hp_gain":0,"max_hp_loss":0,"event_name":"Scrap Ooze","floor":4,"gold_loss":0},{"damage_healed":0,"gold_gain":0,"player_choice":"Got Potions","damage_taken":0,"max_hp_gain":0,"max_hp_loss":0,"event_name":"The Lab","floor":5,"gold_loss":0},{"damage_healed":0,"gold_gain":0,"player_choice":"Ignored","damage_taken":0,"max_hp_gain":0,"max_hp_loss":0,"event_name":"Liars Game","floor":7,"gold_loss":0}],"is_beta":false,"boss_relics":[],"items_purged_floors":[],"is_endless":false,"potions_floor_spawned":[3],"killed_by":"3 Sentries","ascension_level":1}