{"gold_per_floor":[111,74,74,74,92,119,138,138,190,207,237,249,277,290,290,394,394,413,41,41,61,74,74,109,122,148,167,184,197,226,243,243,243],"floor_reached":33,"playtime":2835,"items_purged":[],"score":363,"play_id":"a3755965-941e-4b1f-909b-471087cd76a4","local_time":"20190629145844","is_ascension_mode":false,"campfire_choices":[{"data":"Offering","floor":8,"key":"SMITH"},{"data":"Flame Barrier","floor":15,"key":"SMITH"},{"data":"Flame Barrier","floor":23,"key":"SMITH"},{"data":"Body Slam","floor":32,"key":"SMITH"}],"neow_cost":"NONE","seed_source_timestamp":1510220988772710,"circlet_count":0,"master_deck":["Strike_R","Strike_R","Strike_R","Strike_R","Strike_R","Defend_R","Defend_R","Defend_R","Bash","Perfected Strike","Seeing Red","Pommel Strike","Offering+1","Warcry","Rampage","Flame Barrier+1","Clothesline","Sword Boomerang","Shrug It Off","Reaper","Flame Barrier+1","Body Slam+1","Perfected Strike","Juggernaut+1","Battle Trance","Feel No Pain+1","Armaments","Pummel","Inflame+1"],"relics":["Burning Blood","NeowsBlessing","Bag of Preparation","Gremlin Horn","Boot","Omamori","Red Skull","Coffee Dripper","Ginger","Frozen Egg 2","Bag of Marbles","Matryoshka"],"potions_floor_usage":[14,16,24,24,29,30,30,33,33],"damage_taken":[{"damage":0,"enemies":"Small Slimes","floor":1,"turns":1},{"damage":0,"enemies":"2 Louse","floor":5,"turns":1},{"damage":0,"enemies":"3 Sentries","floor":6,"turns":1},{"damage":6,"enemies":"Cultist","floor":7,"turns":2},{"damage":11,"enemies":"Looter","floor":10,"turns":2},{"damage":6,"enemies":"Gremlin Nob","floor":11,"turns":2},{"damage":6,"enemies":"Lots of Slimes","floor":12,"turns":1},{"damage":19,"enemies":"3 Sentries","floor":13,"turns":6},{"damage":0,"enemies":"Exordium Wildlife","floor":14,"turns":2},{"damage":26,"enemies":"Slime Boss","floor":16,"turns":7},{"damage":8,"enemies":"Shell Parasite","floor":18,"turns":4},{"damage":7,"enemies":"3 Byrds","floor":21,"turns":3},{"damage":6,"enemies":"3 Cultists","floor":22,"turns":5},{"damage":39,"enemies":"Gremlin Leader","floor":24,"turns":7},{"damage":18,"enemies":"Centurion and Healer","floor":25,"turns":4},{"damage":11,"enemies":"Sentry and Sphere","floor":27,"turns":5},{"damage":12,"enemies":"Chosen and Byrds","floor":28,"turns":4},{"damage":8,"enemies":"Snake Plant","floor":29,"turns":4},{"damage":44,"enemies":"Slavers","floor":30,"turns":4},{"damage":7,"enemies":"Shelled Parasite and Fungi","floor":31,"turns":2},{"damage":41,"enemies":"Automaton","floor":33,"turns":6}],"seed_played":"498433225285067734","potions_obtained":[{"floor":10,"key":"FearPotion"},{"floor":11,"key":"Ancient Potion"},{"floor":16,"key":"LiquidBronze"},{"floor":18,"key":"BloodPotion"},{"floor":21,"key":"Dexterity Potion"},{"floor":24,"key":"EntropicBrew"},{"floor":29,"key":"Regen Potion"}],"is_trial":false,"path_per_floor":["M","$","?","?","M","E","M","R","T","M","E","M","E","M","R","B",null,"M","$","?","M","M","R","E","M","T","M","M","M","E","M","R","B"],"character_chosen":"IRONCLAD","items_purchased":["Seeing Red","Flame Barrier","Ginger"],"campfire_rested":0,"item_purchase_floors":[2,19,19],"current_hp_per_floor":[80,80,73,73,79,80,80,80,80,75,75,75,62,68,68,48,80,78,78,70,80,80,80,55,50,50,52,56,59,30,29,29,0],"gold":243,"neow_bonus":"THREE_ENEMY_KILL","is_prod":false,"is_daily":false,"chose_seed":false,"campfire_upgraded":4,"win_rate":0.0,"timestamp":1561834724,"path_taken":["M","$","?","?","M","E","?","R","T","M","E","M","E","M","R","BOSS","M","$","?","M","M","R","E","M","T","M","?","M","E","M","R","BOSS"],"build_version":"2019-01-23","purchased_purges":0,"victory":false,"max_hp_per_floor":[80,80,80,80,80,80,80,80,80,80,80,80,80,80,80,80,80,80,80,80,80,80,80,80,80,80,80,80,80,80,80,80,80],"card_choices":[{"not_picked":["Sword Boomerang","Second Wind"],"picked":"Perfected Strike","floor":1},{"not_picked":["Fire Breathing","True Grit"],"picked":"Pommel Strike","floor":5},{"not_picked":["Shrug It Off","Searing Blow"],"picked":"Offering","floor":6},{"not_picked":["Body Slam","Headbutt"],"picked":"Warcry","floor":7},{"not_picked":["Warcry","Headbutt"],"picked":"Rampage","floor":10},{"not_picked":["Twin Strike","Inflame"],"picked":"Flame Barrier","floor":11},{"not_picked":["Rage","Flex"],"picked":"Clothesline","floor":12},{"not_picked":["Anger","Power Through"],"picked":"Sword Boomerang","floor":13},{"not_picked":["Infernal Blade","Sword Boomerang"],"picked":"Shrug It Off","floor":14},{"not_picked":["Impervious","Bludgeon"],"picked":"Reaper","floor":16},{"not_picked":["Heavy Blade+1","Thunderclap","Cleave+1"],"picked":"SKIP","floor":18},{"not_picked":["Clash","Rupture"],"picked":"Body Slam","floor":21},{"not_picked":["Battle Trance","Sever Soul"],"picked":"Perfected Strike","floor":22},{"not_picked":["Hemokinesis","Flex"],"picked":"Juggernaut","floor":24},{"not_picked":["Cleave","Armaments+1"],"picked":"Battle Trance","floor":25},{"not_picked":["Carnage","Pommel Strike"],"picked":"Feel No Pain+1","floor":27},{"not_picked":["Warcry","Combust+1"],"picked":"Armaments","floor":28},{"not_picked":["Anger+1","Infernal Blade"],"picked":"Pummel","floor":29},{"not_picked":["Rupture+1","Body Slam"],"picked":"Inflame+1","floor":30},{"not_picked":["True Grit","Cleave","Thunderclap"],"picked":"SKIP","floor":31},{"not_picked":["True Grit","Cleave","Thunderclap"],"picked":"SKIP","floor":31}],"player_experience":6454,"relics_obtained":[{"floor":6,"key":"Gremlin Horn"},{"floor":9,"key":"Boot"},{"floor":11,"key":"Omamori"},{"floor":13,"key":"Red Skull"},{"floor":24,"key":"Frozen Egg 2"},{"floor":26,"key":"Bag of Marbles"},{"floor":30,"key":"Matryoshka"}],"event_choices":[{"damage_healed":0,"gold_gain":0,"player_choice":"Success","damage_taken":7,"relics_obtained":["Bag of Preparation"],"max_hp_gain":0,"max_hp_loss":0,"event_name":"Scrap Ooze","floor":3,"gold_loss":0},{"cards_removed":["Defend_R"],"damage_healed":0,"gold_gain":0,"player_choice":"Purged","damage_taken":0,"max_hp_gain":0,"max_hp_loss":0,"event_name":"Purifier","floor":4,"gold_loss":0},{"damage_healed":0,"gold_gain":0,"player_choice":"","damage_taken":8,"max_hp_gain":0,"max_hp_loss":0,"event_name":"Knowing Skull","floor":20,"potions_obtained":[],"gold_loss":0,"cards_obtained":[]}],"is_beta":false,"boss_relics":[{"not_picked":["Tiny House","Busted Crown"],"picked":"Coffee Dripper"}],"items_purged_floors":[],"is_endless":false,"potions_floor_spawned":[10,11,16,18,21,24,29,30],"killed_by":"Automaton","ascension_level":0}