{"gold_per_floor":[114,129,204,219,219,219,249,226,251,266,266,41,56,71,71,171,171,186,186,36,51,51,81,96,97,172,202,302,317,332,347,347,447,447,462,462,477,477],"floor_reached":38,"playtime":3015,"items_purged":[],"score":468,"play_id":"9a55ac4a-897d-4c65-b1c1-9a3457303d49","local_time":"20190226085700","daily_mods":["Allstar","Colorless Cards","Terminal"],"is_ascension_mode":false,"campfire_choices":[{"data":"Apotheosis","floor":6,"key":"SMITH"},{"data":"Fire Breathing","floor":15,"key":"SMITH"},{"floor":32,"key":"REST"}],"neow_cost":"","seed_source_timestamp":0,"circlet_count":0,"master_deck":["Strike_R","Strike_R","Strike_R","Strike_R","Strike_R","Defend_R","Defend_R","Defend_R","Defend_R","Bash","Finesse","Secret Weapon","Apotheosis+1","Impatience","Panache","Rage","Jack Of All Trades","Reckless Charge","Twin Strike","Headbutt","Twin Strike","Fire Breathing+1","Anger","Twin Strike","Master of Strategy","Anger","Warcry","Infernal Blade","Iron Wave","Madness","Anger","Sword Boomerang+1","Anger","Anger+1","Iron Wave","Cleave","Finesse","Metallicize+1","Dramatic Entrance+1","Clash+1","Chrysalis","Hemokinesis+1","Apotheosis+1","Flex+1"],"special_seed":17953,"relics":["Burning Blood","Regal Pillow","Strawberry","Vajra","Orrery","MutagenicStrength","Oddly Smooth Stone","Sundial","Ancient Tea Set","Red Mask","Darkstone Periapt","Centennial Puzzle","Calipers","Letter Opener","Mark of Pain"],"potions_floor_usage":[7,16,16,18,25,27,31,31,33,38],"damage_taken":[{"damage":0,"enemies":"Cultist","floor":1,"turns":3},{"damage":0,"enemies":"Small Slimes","floor":2,"turns":2},{"damage":0,"enemies":"Jaw Worm","floor":4,"turns":3},{"damage":1,"enemies":"Lagavulin","floor":7,"turns":4},{"damage":0,"enemies":"2 Fungi Beasts","floor":10,"turns":2},{"damage":0,"enemies":"Exordium Thugs","floor":13,"turns":3},{"damage":0,"enemies":"Large Slime","floor":14,"turns":3},{"damage":23,"enemies":"The Guardian","floor":16,"turns":6},{"damage":8,"enemies":"3 Byrds","floor":18,"turns":6},{"damage":7,"enemies":"Shell Parasite","floor":21,"turns":3},{"damage":23,"enemies":"Book of Stabbing","floor":23,"turns":4},{"damage":11,"enemies":"Sentry and Sphere","floor":24,"turns":4},{"damage":36,"enemies":"Masked Bandits","floor":25,"turns":4},{"damage":8,"enemies":"Slavers","floor":27,"turns":5},{"damage":0,"enemies":"Colosseum Slavers","floor":28,"turns":3},{"damage":7,"enemies":"Colosseum Nobs","floor":28,"turns":3},{"damage":0,"enemies":"Snake Plant","floor":29,"turns":3},{"damage":0,"enemies":"Chosen and Byrds","floor":30,"turns":1},{"damage":10,"enemies":"Snecko","floor":31,"turns":3},{"damage":53,"enemies":"Automaton","floor":33,"turns":10},{"damage":3,"enemies":"Orb Walker","floor":35,"turns":2},{"damage":33,"enemies":"3 Shapes","floor":37,"turns":3},{"damage":23,"enemies":"Transient","floor":38,"turns":3}],"seed_played":"3640749256774158397","potions_obtained":[{"floor":2,"key":"LiquidBronze"},{"floor":4,"key":"PowerPotion"},{"floor":10,"key":"Poison Potion"},{"floor":16,"key":"Weak Potion"},{"floor":23,"key":"LiquidBronze"},{"floor":25,"key":"Fire Potion"},{"floor":27,"key":"FearPotion"},{"floor":28,"key":"Poison Potion"},{"floor":31,"key":"EssenceOfSteel"},{"floor":35,"key":"FearPotion"}],"is_trial":false,"path_per_floor":["M","M","?","M","?","R","E","$","T","M","?","$","M","M","R","B",null,"M","?","$","M","T","E","M","?","T","E","?","M","M","M","R","B",null,"M","?","M","M"],"character_chosen":"IRONCLAD","items_purchased":["Headbutt","Vajra","Fire Breathing","Oddly Smooth Stone"],"campfire_rested":1,"item_purchase_floors":[8,12,12,20],"current_hp_per_floor":[78,77,70,75,74,73,72,71,77,76,75,74,73,72,71,54,69,67,67,66,65,64,47,42,12,12,10,15,21,27,23,54,7,52,51,50,23,0],"gold":477,"neow_bonus":"","is_prod":false,"is_daily":true,"chose_seed":false,"campfire_upgraded":2,"win_rate":0,"timestamp":1551171420,"path_taken":["M","M","?","?","?","R","E","?","T","M","?","$","M","M","R","BOSS","M","?","$","M","?","E","M","?","T","E","?","M","M","?","R","BOSS","M","?","M","?"],"build_version":"2019-01-23","purchased_purges":0,"victory":false,"max_hp_per_floor":[78,77,76,75,74,73,72,71,77,76,75,74,73,72,71,70,69,68,67,66,65,64,63,62,61,60,59,58,57,56,55,54,53,52,51,50,49,49],"card_choices":[{"not_picked":["Twin Strike","Havoc"],"picked":"Rage","floor":1},{"not_picked":["Armaments","Dark Shackles"],"picked":"Jack Of All Trades","floor":2},{"not_picked":["Body Slam","Twin Strike"],"picked":"Reckless Charge","floor":4},{"not_picked":["Rupture","Sentinel"],"picked":"Twin Strike","floor":7},{"not_picked":["Heavy Blade","Spot Weakness"],"picked":"Twin Strike","floor":10},{"not_picked":["Sword Boomerang","Headbutt"],"picked":"Anger","floor":13},{"not_picked":["Demon Form","Heavy Blade"],"picked":"Twin Strike","floor":14},{"not_picked":["The Bomb","Impervious"],"picked":"Master of Strategy","floor":16},{"not_picked":["Spot Weakness","Evolve"],"picked":"Anger","floor":17},{"not_picked":["Dual Wield","Power Through"],"picked":"Warcry","floor":17},{"not_picked":["Clash","Iron Wave"],"picked":"Infernal Blade","floor":17},{"not_picked":["Body Slam","Sword Boomerang"],"picked":"Iron Wave","floor":17},{"not_picked":["Heavy Blade","Burning Pact"],"picked":"Madness","floor":17},{"not_picked":["True Grit","PanicButton+1"],"picked":"Anger","floor":18},{"not_picked":["Flash of Steel","Body Slam"],"picked":"Sword Boomerang+1","floor":21},{"not_picked":["Iron Wave","Mayhem"],"picked":"Anger","floor":23},{"not_picked":["Shrug It Off","Hemokinesis+1"],"picked":"Anger+1","floor":24},{"not_picked":["Evolve","Warcry"],"picked":"Iron Wave","floor":25},{"not_picked":["Warcry","Flex"],"picked":"Cleave","floor":27},{"not_picked":["Havoc","Uppercut"],"picked":"Finesse","floor":28},{"not_picked":["Shrug It Off","Headbutt"],"picked":"Metallicize+1","floor":29},{"not_picked":["Heavy Blade","Battle Trance"],"picked":"Dramatic Entrance+1","floor":30},{"not_picked":["Armaments+1","Havoc"],"picked":"Clash+1","floor":31},{"not_picked":["The Bomb","Offering"],"picked":"Chrysalis","floor":33},{"not_picked":["Armaments","Entrench+1"],"picked":"Hemokinesis+1","floor":35},{"not_picked":["Headbutt+1","Hemokinesis"],"picked":"Flex+1","floor":37}],"player_experience":223959,"relics_obtained":[{"floor":7,"key":"Regal Pillow"},{"floor":9,"key":"Strawberry"},{"floor":22,"key":"Sundial"},{"floor":23,"key":"Ancient Tea Set"},{"floor":25,"key":"Red Mask"},{"floor":26,"key":"Darkstone Periapt"},{"floor":27,"key":"Centennial Puzzle"},{"floor":28,"key":"Calipers"},{"floor":28,"key":"Letter Opener"}],"event_choices":[{"damage_healed":0,"gold_gain":75,"player_choice":"Touch","damage_taken":7,"max_hp_gain":0,"max_hp_loss":0,"event_name":"FaceTrader","floor":3,"gold_loss":0},{"damage_healed":0,"gold_gain":0,"player_choice":"Ignored","damage_taken":0,"max_hp_gain":0,"max_hp_loss":0,"event_name":"Purifier","floor":5,"gold_loss":0},{"damage_healed":0,"gold_gain":0,"player_choice":"Leave","damage_taken":0,"max_hp_gain":0,"max_hp_loss":0,"event_name":"The Cleric","floor":11,"gold_loss":0},{"damage_healed":0,"gold_gain":0,"player_choice":"Inject Mutagens","damage_taken":0,"relics_obtained":["MutagenicStrength"],"max_hp_gain":0,"max_hp_loss":0,"event_name":"Drug Dealer","floor":19,"gold_loss":0},{"damage_healed":0,"gold_gain":0,"player_choice":"Fought Bandits","damage_taken":0,"max_hp_gain":0,"max_hp_loss":0,"event_name":"Masked Bandits","floor":25,"gold_loss":0},{"damage_healed":0,"gold_gain":0,"player_choice":"Fight","damage_taken":0,"max_hp_gain":0,"max_hp_loss":0,"event_name":"Colosseum","floor":28,"gold_loss":0},{"damage_healed":0,"gold_gain":0,"player_choice":"Fought Nobs","damage_taken":0,"max_hp_gain":0,"max_hp_loss":0,"event_name":"Colosseum","floor":28,"gold_loss":0},{"damage_healed":0,"gold_gain":0,"player_choice":"Copied","damage_taken":0,"max_hp_gain":0,"max_hp_loss":0,"event_name":"Duplicator","floor":36,"gold_loss":0,"cards_obtained":["Apotheosis"]}],"is_beta":false,"boss_relics":[{"not_picked":["Runic Dome","White Beast Statue"],"picked":"Orrery"},{"not_picked":["Lizard Tail","Eternal Feather"],"picked":"Mark of Pain"}],"items_purged_floors":[],"is_endless":false,"potions_floor_spawned":[2,4,10,16,23,25,27,28,31,35],"killed_by":"Transient","ascension_level":0}