{"gold_per_floor":[113,129,145,145,162,194,194,207,207,207,217,236,8,19,19,122,122,137,150,165,165,184,213,213,230,230,230,145,23,23],"floor_reached":30,"playtime":1919,"items_purged":[],"score":294,"play_id":"48b5e1c9-b635-4754-8196-6516b6c5be68","local_time":"20181126202915","is_ascension_mode":true,"campfire_choices":[{"data":"Genetic Algorithm","floor":7,"key":"SMITH"},{"data":"Zap","floor":10,"key":"SMITH"},{"data":"Glacier","floor":15,"key":"SMITH"},{"floor":24,"key":"REST"}],"neow_cost":"NONE","seed_source_timestamp":27020373749045,"circlet_count":0,"master_deck":["Strike_B","Strike_B","Strike_B","Strike_B","Defend_B","Defend_B","Defend_B","Defend_B","Zap+1","Dualcast","Steam","Genetic Algorithm+1","Stack","Gash","Core Surge","Gash","Glacier+1","Coolheaded","Self Repair","Chill","Buffer+1","Clumsy","Loop+1","Gash+1","Hologram","Multi-Cast","Compile Driver"],"relics":["Cracked Core","Omamori","Dodecahedron","PreservedInsect","Calling Bell","Centennial Puzzle","Ornamental Fan","Unceasing Top","Darkstone Periapt","The Courier","Juzu Bracelet","Bag of Marbles"],"potions_floor_usage":[16,22,25,25,25,25,25],"damage_taken":[{"damage":0,"enemies":"2 Louse","floor":1,"turns":3},{"damage":1,"enemies":"Cultist","floor":2,"turns":4},{"damage":2,"enemies":"Jaw Worm","floor":3,"turns":4},{"damage":9,"enemies":"3 Louse","floor":5,"turns":4},{"damage":31,"enemies":"3 Sentries","floor":6,"turns":11},{"damage":2,"enemies":"2 Fungi Beasts","floor":8,"turns":4},{"damage":0,"enemies":"Blue Slaver","floor":11,"turns":3},{"damage":6,"enemies":"Exordium Wildlife","floor":12,"turns":7},{"damage":0,"enemies":"3 Louse","floor":14,"turns":5},{"damage":18,"enemies":"Slime Boss","floor":16,"turns":16},{"damage":16,"enemies":"Spheric Guardian","floor":18,"turns":5},{"damage":33,"enemies":"3 Byrds","floor":19,"turns":7},{"damage":38,"enemies":"Snake Plant","floor":20,"turns":8},{"damage":0,"enemies":"Snecko","floor":22,"turns":9},{"damage":18,"enemies":"Slavers","floor":23,"turns":9},{"damage":25,"enemies":"3 Cultists","floor":25,"turns":9},{"damage":19,"enemies":"Book of Stabbing","floor":30,"turns":4}],"seed_played":"-3492644692759242389","potions_obtained":[{"floor":1,"key":"Energy Potion"},{"floor":5,"key":"GamblersBrew"},{"floor":11,"key":"AttackPotion"},{"floor":19,"key":"SpeedPotion"},{"floor":22,"key":"EntropicBrew"}],"is_trial":false,"path_per_floor":["M","M","M","?","M","E","R","M","T","R","M","M","$","M","R","B",null,"M","M","M","?","M","E","R","M","T","?","?","$","E"],"character_chosen":"DEFECT","items_purchased":["PreservedInsect","Self Repair","Bag of Marbles"],"campfire_rested":1,"item_purchase_floors":[13,13,29],"current_hp_per_floor":[82,81,79,79,70,39,39,37,37,37,37,31,31,38,38,27,82,73,47,16,16,23,12,36,18,18,18,18,18,0],"gold":23,"neow_bonus":"TEN_PERCENT_HP_BONUS","is_prod":false,"is_daily":false,"chose_seed":false,"campfire_upgraded":3,"win_rate":0,"timestamp":1543282155,"path_taken":["M","M","M","?","M","E","R","M","T","R","M","?","$","M","R","BOSS","M","M","M","?","M","E","R","?","T","?","?","$","E"],"build_version":"2018-11-15","purchased_purges":0,"victory":false,"max_hp_per_floor":[82,82,82,82,82,82,82,82,82,82,82,82,82,82,82,82,82,82,82,82,82,82,82,82,82,82,82,82,82,82],"card_choices":[{"not_picked":["Heatsinks","Rebound"],"picked":"Steam","floor":1},{"not_picked":["Gash","Turbo"],"picked":"Genetic Algorithm","floor":2},{"not_picked":["Lockon","Rebound"],"picked":"Stack","floor":3},{"not_picked":["Lockon","Auto Shields"],"picked":"Gash","floor":5},{"not_picked":["Hologram","Leap"],"picked":"Core Surge","floor":6},{"not_picked":["Sweeping Beam","Hologram"],"picked":"Gash","floor":8},{"not_picked":["Hologram","Streamline"],"picked":"Glacier","floor":11},{"not_picked":["Leap","Skim"],"picked":"Coolheaded","floor":12},{"not_picked":["Consume","Melter"],"picked":"Chill","floor":14},{"not_picked":["Seek","Reboot"],"picked":"Buffer","floor":16},{"not_picked":["Blizzard","Ball Lightning"],"picked":"Loop+1","floor":18},{"not_picked":["Turbo","Melter","Storm"],"picked":"SKIP","floor":19},{"not_picked":["Barrage","Stack+1"],"picked":"Gash+1","floor":20},{"not_picked":["Lockon","Heatsinks+1"],"picked":"Hologram","floor":22},{"not_picked":["Hologram+1","Turbo"],"picked":"Multi-Cast","floor":23},{"not_picked":["Rip and Tear","Redo+1"],"picked":"Compile Driver","floor":25}],"player_experience":169664,"relics_obtained":[{"floor":6,"key":"Omamori"},{"floor":9,"key":"Dodecahedron"},{"floor":17,"key":"Centennial Puzzle"},{"floor":17,"key":"Ornamental Fan"},{"floor":17,"key":"Unceasing Top"},{"floor":23,"key":"Darkstone Periapt"},{"floor":26,"key":"The Courier"}],"event_choices":[{"damage_healed":0,"gold_gain":0,"player_choice":"Bought 0 Potions","damage_taken":0,"max_hp_gain":0,"max_hp_loss":0,"event_name":"The Woman in Blue","floor":4,"gold_loss":0},{"damage_healed":0,"gold_gain":0,"player_choice":"Upgraded","damage_taken":0,"max_hp_gain":0,"max_hp_loss":0,"event_name":"Upgrade Shrine","floor":21,"gold_loss":0,"cards_upgraded":["Buffer"]},{"damage_healed":0,"gold_gain":0,"player_choice":"Ignored","damage_taken":0,"max_hp_gain":0,"max_hp_loss":0,"event_name":"Cursed Tome","floor":27,"gold_loss":0},{"damage_healed":0,"gold_gain":0,"player_choice":"Obtained Relic","damage_taken":0,"relics_obtained":["Juzu Bracelet"],"max_hp_gain":0,"max_hp_loss":0,"event_name":"Addict","floor":28,"gold_loss":85}],"is_beta":false,"boss_relics":[{"not_picked":["White Beast Statue","Sozu"],"picked":"Calling Bell"}],"items_purged_floors":[],"is_endless":false,"potions_floor_spawned":[1,5,11,12,14,19,22],"killed_by":"Book of Stabbing","ascension_level":3}