{"gold_per_floor":[212,41,51,10,10,10,36,52,124,134,168,189,189,206,206,306,306,321,321,34,46,46,75,75,107,130,150,164,189,189,217,217,313,313,333,433,433,433,25,25,57,77,77,92,120,120,148,167,167,167],"floor_reached":51,"playtime":2192,"items_purged":["Normality"],"score":1232,"play_id":"da137e62-d2b6-496b-bfbd-e79773d396cf","local_time":"20190628152258","is_ascension_mode":true,"campfire_choices":[{"data":"Shockwave","floor":6,"key":"SMITH"},{"floor":13,"key":"REST"},{"floor":15,"key":"REST"},{"data":"Demon Form","floor":24,"key":"SMITH"},{"data":"1","floor":30,"key":"LIFT"},{"floor":32,"key":"REST"},{"data":"2","floor":40,"key":"LIFT"},{"data":"3","floor":46,"key":"LIFT"},{"floor":49,"key":"REST"}],"neow_cost":"NONE","seed_source_timestamp":1221632542165800,"circlet_count":0,"master_deck":["AscendersBane","Strike_R","Strike_R","Strike_R","Strike_R","Strike_R","Defend_R","Defend_R","Defend_R","Defend_R","Bash","Anger","Apotheosis+1","Sword Boomerang","Shockwave+1","Headbutt+1","Flame Barrier","Thunderclap+1","Corruption","Demon Form+1","Pummel","Pummel+1","Ghostly","Ghostly","Ghostly","Ghostly","Ghostly","Offering","Feel No Pain+1","Limit Break","Writhe","Flex+1","Power Through+1"],"relics":["Burning Blood","Bag of Preparation","Question Card","Happy Flower","Odd Mushroom","Busted Crown","OrangePellets","Singing Bowl","Shuriken","Whetstone","Girya","FossilizedHelix","Cursed Key","Pocketwatch","Paper Frog","Ornamental Fan","Mercury Hourglass","Molten Egg 2","Gremlin Horn"],"potions_floor_usage":[29,45,45],"damage_taken":[{"damage":10,"enemies":"Cultist","floor":1,"turns":5},{"damage":0,"enemies":"Small Slimes","floor":3,"turns":4},{"damage":20,"enemies":"Gremlin Nob","floor":7,"turns":4},{"damage":4,"enemies":"Jaw Worm","floor":8,"turns":3},{"damage":19,"enemies":"Exordium Wildlife","floor":10,"turns":4},{"damage":26,"enemies":"3 Sentries","floor":11,"turns":7},{"damage":7,"enemies":"The Mushroom Lair","floor":12,"turns":4},{"damage":7,"enemies":"3 Louse","floor":14,"turns":4},{"damage":30,"enemies":"The Guardian","floor":16,"turns":14},{"damage":11,"enemies":"3 Byrds","floor":18,"turns":3},{"damage":22,"enemies":"Spheric Guardian","floor":21,"turns":4},{"damage":1,"enemies":"Book of Stabbing","floor":23,"turns":7},{"damage":8,"enemies":"Slavers","floor":25,"turns":6},{"damage":12,"enemies":"Centurion and Healer","floor":27,"turns":5},{"damage":0,"enemies":"Snake Plant","floor":28,"turns":4},{"damage":17,"enemies":"Book of Stabbing","floor":29,"turns":8},{"damage":36,"enemies":"Slavers","floor":31,"turns":5},{"damage":1,"enemies":"Champ","floor":33,"turns":7},{"damage":19,"enemies":"3 Darklings","floor":35,"turns":3},{"damage":1,"enemies":"Mind Bloom Boss Battle","floor":36,"turns":4},{"damage":9,"enemies":"Nemesis","floor":41,"turns":7},{"damage":0,"enemies":"3 Shapes","floor":42,"turns":3},{"damage":2,"enemies":"Transient","floor":44,"turns":5},{"damage":17,"enemies":"Reptomancer","floor":45,"turns":4},{"damage":17,"enemies":"Nemesis","floor":47,"turns":5},{"damage":0,"enemies":"Spire Growth","floor":48,"turns":2},{"damage":10,"enemies":"Awakened One","floor":50,"turns":5}],"seed_played":"8331427487560336974","potions_obtained":[{"floor":7,"key":"AttackPotion"},{"floor":8,"key":"Fire Potion"},{"floor":14,"key":"AttackPotion"},{"floor":16,"key":"SkillPotion"},{"floor":18,"key":"Strength Potion"},{"floor":33,"key":"GamblersBrew"},{"floor":41,"key":"SkillPotion"},{"floor":47,"key":"PowerPotion"}],"is_trial":false,"path_per_floor":["M","$","M","$","?","R","E","M","T","M","E","?","R","M","R","B",null,"M","?","$","M","?","E","R","E","T","M","M","E","R","E","R","B",null,"M","?","T","?","$","R","E","M","T","M","E","R","E","M","R","B",null],"character_chosen":"IRONCLAD","items_purchased":["Apotheosis","Shockwave","Pummel","OrangePellets","Limit Break","Paper Frog"],"campfire_rested":4,"item_purchase_floors":[2,4,20,20,39,39],"current_hp_per_floor":[68,68,74,74,74,74,60,62,62,49,29,28,52,51,75,51,73,68,53,53,37,37,44,44,44,44,40,48,39,39,11,27,32,49,38,43,43,43,43,43,42,50,50,54,45,45,36,42,60,56],"gold":167,"neow_bonus":"HUNDRED_GOLD","is_prod":false,"is_daily":false,"chose_seed":false,"campfire_upgraded":2,"win_rate":0,"timestamp":1561749778,"path_taken":["M","$","M","?","?","R","E","M","T","?","E","?","R","M","R","BOSS","M","?","$","M","?","E","R","E","T","M","?","E","R","E","R","BOSS","M","?","?","?","$","R","E","M","T","M","E","R","E","M","R","BOSS"],"build_version":"2019-01-23","purchased_purges":1,"victory":true,"max_hp_per_floor":[80,80,80,80,80,80,80,80,80,80,80,80,80,80,80,80,80,80,85,85,85,42,44,44,46,46,48,50,52,52,54,54,54,54,56,56,56,53,53,53,55,57,57,57,59,59,61,61,61,61],"card_choices":[{"not_picked":["Thunderclap","Iron Wave"],"picked":"Anger","floor":1},{"not_picked":["Headbutt","Hemokinesis"],"picked":"Sword Boomerang","floor":3},{"not_picked":["Armaments","Warcry"],"picked":"Headbutt","floor":7},{"not_picked":["Brutality","Body Slam","Intimidate"],"picked":"SKIP","floor":8},{"not_picked":["Clash","Armaments","Perfected Strike","Heavy Blade"],"picked":"SKIP","floor":10},{"not_picked":["Hemokinesis","Perfected Strike","Limit Break"],"picked":"Flame Barrier","floor":11},{"not_picked":["Seeing Red","Infernal Blade","Hemokinesis"],"picked":"Thunderclap","floor":12},{"not_picked":["Headbutt","Warcry","Thunderclap"],"picked":"Corruption","floor":14},{"not_picked":["Barricade","Immolate","Brutality"],"picked":"Demon Form","floor":16},{"not_picked":["Havoc","Warcry"],"picked":"SKIP","floor":18},{"not_picked":["Sword Boomerang+1"],"picked":"Pummel+1","floor":21},{"not_picked":["Wild Strike+1","Rupture"],"picked":"Singing Bowl","floor":23},{"not_picked":["Heavy Blade","Twin Strike"],"picked":"Singing Bowl","floor":25},{"not_picked":["Anger+1","Second Wind"],"picked":"Singing Bowl","floor":27},{"not_picked":["Warcry","Evolve"],"picked":"Singing Bowl","floor":28},{"not_picked":["Pummel","Clothesline"],"picked":"Singing Bowl","floor":29},{"not_picked":["Evolve","Heavy Blade+1"],"picked":"Singing Bowl","floor":31},{"not_picked":["Immolate"],"picked":"Offering","floor":33},{"not_picked":["Havoc+1","Pommel Strike"],"picked":"Singing Bowl","floor":35},{"not_picked":["Shrug It Off"],"picked":"Feel No Pain+1","floor":36},{"not_picked":["Clothesline+1","Demon Form"],"picked":"Singing Bowl","floor":41},{"not_picked":["Sword Boomerang+1","Havoc"],"picked":"Singing Bowl","floor":42},{"not_picked":["Wild Strike"],"picked":"Flex+1","floor":44},{"not_picked":["Bludgeon","Rage+1"],"picked":"Singing Bowl","floor":45},{"not_picked":["Clothesline+1","Twin Strike+1"],"picked":"Singing Bowl","floor":47},{"not_picked":["Seeing Red"],"picked":"Power Through+1","floor":48}],"player_experience":301620,"relics_obtained":[{"floor":7,"key":"Bag of Preparation"},{"floor":9,"key":"Question Card"},{"floor":11,"key":"Happy Flower"},{"floor":12,"key":"Odd Mushroom"},{"floor":23,"key":"Singing Bowl"},{"floor":25,"key":"Shuriken"},{"floor":26,"key":"Whetstone"},{"floor":29,"key":"Girya"},{"floor":31,"key":"FossilizedHelix"},{"floor":36,"key":"Pocketwatch"},{"floor":41,"key":"Ornamental Fan"},{"floor":43,"key":"Mercury Hourglass"},{"floor":45,"key":"Molten Egg 2"},{"floor":47,"key":"Gremlin Horn"}],"event_choices":[{"damage_healed":0,"gold_gain":0,"player_choice":"Forge","damage_taken":0,"max_hp_gain":0,"max_hp_loss":0,"event_name":"Accursed Blacksmith","floor":5,"gold_loss":0,"cards_upgraded":["Apotheosis"]},{"damage_healed":0,"gold_gain":0,"player_choice":"Fought Mushrooms","damage_taken":0,"max_hp_gain":0,"max_hp_loss":0,"event_name":"Mushrooms","floor":12,"gold_loss":0},{"damage_healed":0,"gold_gain":0,"player_choice":"Shed Blood","damage_taken":20,"max_hp_gain":5,"max_hp_loss":0,"event_name":"Forgotten Altar","floor":19,"gold_loss":0},{"damage_healed":0,"gold_gain":0,"player_choice":"Became a Ghost","damage_taken":0,"max_hp_gain":0,"max_hp_loss":43,"event_name":"Ghosts","floor":22,"gold_loss":0,"cards_obtained":["Ghostly","Ghostly","Ghostly","Ghostly","Ghostly"]},{"damage_healed":0,"gold_gain":0,"player_choice":"Fight","damage_taken":0,"max_hp_gain":0,"max_hp_loss":0,"event_name":"MindBloom","floor":36,"gold_loss":0},{"damage_healed":0,"gold_gain":0,"player_choice":"Max HP","damage_taken":0,"max_hp_gain":0,"max_hp_loss":3,"event_name":"Winding Halls","floor":38,"gold_loss":0}],"is_beta":false,"boss_relics":[{"not_picked":["Philosopher\u0027s Stone","Coffee Dripper"],"picked":"Busted Crown"},{"not_picked":["Lizard Tail","Orrery"],"picked":"Cursed Key"}],"items_purged_floors":[39],"is_endless":false,"potions_floor_spawned":[7,8,14,16,18,21,23,25,33,41,44,47],"ascension_level":10}