{"gold_per_floor":[114,114,29,44,44,74,74,89,89,104,119,24,39,54,54,154,154,169,184,199,214,229,244,256,283,370,77,77,92,107,122,122,222,222,237,252,267,282,297,327,327,327,327,327,342,342,2,2,2,2],"floor_reached":51,"playtime":2964,"items_purged":[],"score":941,"play_id":"274ce485-bd47-4d21-a178-2114f9b671bb","local_time":"20190223102158","daily_mods":["Cursed Run","Vintage","Lethality"],"is_ascension_mode":false,"campfire_choices":[{"floor":7,"key":"REST"},{"data":"Dramatic Entrance","floor":15,"key":"SMITH"},{"floor":24,"key":"REST"},{"data":"Blade Dance","floor":32,"key":"SMITH"},{"data":"Caltrops","floor":41,"key":"SMITH"},{"data":"Cloak And Dagger","floor":44,"key":"SMITH"},{"data":"Finisher","floor":46,"key":"SMITH"},{"data":"Flash of Steel","floor":49,"key":"SMITH"}],"neow_cost":"","seed_source_timestamp":0,"circlet_count":0,"master_deck":["Defend_G+1","Defend_G","Defend_G","Defend_G","Strike_G+1","Strike_G+1","Strike_G+1","Strike_G+1","Strike_G","Survivor","Neutralize","Swift Strike","Expertise+1","Writhe","Dramatic Entrance+1","Parasite","Night Terror","Blade Dance+1","Caltrops+1","Deflect","Cloak And Dagger+1","Backflip","Finisher+1","Injury","Distraction+1","Transmutation+1","Dagger Throw","Clumsy","Venomology+1","Escape Plan+1","Flash of Steel+1","Quick Slash","Metamorphosis+1","Madness+1","Madness+1"],"special_seed":17950,"relics":["Cursed Key","Darkstone Periapt","Du-Vu Doll","FossilizedHelix","Orichalcum","Shuriken","Regal Pillow","Kunai","Smiling Mask","Torii","Boot","Pen Nib","Orrery","Dream Catcher","Thread and Needle","Ancient Tea Set","Gremlin Horn","Dead Branch","MawBank","Incense Burner","Toxic Egg 2","Letter Opener","PreservedInsect","Whetstone","Lizard Tail","Bag of Marbles","Singing Bowl","War Paint","Omamori","The Courier","Bottled Lightning","Mummified Hand","Anchor","Potion Belt"],"potions_floor_usage":[6,6,6,6,10,11,13,14,16,20,29,30,30,31,38,38,40,45,50,50,50,50,50,50,50],"damage_taken":[{"damage":0,"enemies":"Jaw Worm","floor":1,"turns":3},{"damage":0,"enemies":"2 Louse","floor":4,"turns":2},{"damage":0,"enemies":"Lagavulin","floor":6,"turns":5},{"damage":0,"enemies":"Cultist","floor":8,"turns":2},{"damage":0,"enemies":"Blue Slaver","floor":10,"turns":2},{"damage":0,"enemies":"Exordium Thugs","floor":11,"turns":2},{"damage":0,"enemies":"Looter","floor":13,"turns":2},{"damage":0,"enemies":"Gremlin Gang","floor":14,"turns":2},{"damage":37,"enemies":"Hexaghost","floor":16,"turns":8},{"damage":0,"enemies":"Spheric Guardian","floor":18,"turns":2},{"damage":13,"enemies":"2 Thieves","floor":19,"turns":2},{"damage":0,"enemies":"Snecko","floor":20,"turns":4},{"damage":0,"enemies":"Sentry and Sphere","floor":21,"turns":3},{"damage":16,"enemies":"Chosen and Byrds","floor":22,"turns":3},{"damage":6,"enemies":"Snake Plant","floor":23,"turns":2},{"damage":0,"enemies":"3 Cultists","floor":25,"turns":2},{"damage":11,"enemies":"Centurion and Healer","floor":29,"turns":2},{"damage":0,"enemies":"Snecko","floor":30,"turns":3},{"damage":0,"enemies":"3 Cultists","floor":31,"turns":3},{"damage":0,"enemies":"Automaton","floor":33,"turns":6},{"damage":0,"enemies":"Orb Walker","floor":35,"turns":3},{"damage":4,"enemies":"3 Shapes","floor":36,"turns":1},{"damage":0,"enemies":"Jaw Worm Horde","floor":37,"turns":2},{"damage":0,"enemies":"Maw","floor":38,"turns":3},{"damage":0,"enemies":"Spire Growth","floor":39,"turns":3},{"damage":0,"enemies":"Giant Head","floor":40,"turns":3},{"damage":0,"enemies":"Jaw Worm Horde","floor":45,"turns":1},{"damage":0,"enemies":"Donu and Deca","floor":50,"turns":3}],"seed_played":"7047609916602226335","potions_obtained":[{"floor":4,"key":"Weak Potion"},{"floor":5,"key":"Dexterity Potion"},{"floor":5,"key":"GamblersBrew"},{"floor":5,"key":"EntropicBrew"},{"floor":8,"key":"Poison Potion"},{"floor":13,"key":"SkillPotion"},{"floor":14,"key":"PowerPotion"},{"floor":16,"key":"SpeedPotion"},{"floor":19,"key":"Poison Potion"},{"floor":23,"key":"LiquidBronze"},{"floor":25,"key":"SteroidPotion"},{"floor":29,"key":"Fire Potion"},{"floor":30,"key":"Weak Potion"},{"floor":33,"key":"PowerPotion"},{"floor":36,"key":"LiquidBronze"},{"floor":37,"key":"PowerPotion"},{"floor":45,"key":"Block Potion"}],"is_trial":false,"path_per_floor":["M","?","$","M","?","E","R","M","T","M","M","$","M","M","R","B",null,"M","M","M","M","M","M","R","M","T","$","?","M","M","M","R","B",null,"M","M","M","M","M","E","R","?","T","R","M","R","$","?","R","B",null],"character_chosen":"THE_SILENT","items_purchased":["Swift Strike","Dramatic Entrance","Distraction+1","Transmutation+1","Dagger Throw","Potion Belt","Flash of Steel","Quick Slash","Metamorphosis+1"],"campfire_rested":2,"item_purchase_floors":[3,12,27,27,27,47,47,47,47],"current_hp_per_floor":[70,56,56,56,56,56,70,70,76,76,76,76,76,76,76,45,82,82,69,69,69,53,47,82,82,88,88,88,77,77,77,77,83,94,94,90,90,90,90,90,90,90,90,90,90,90,90,78,78,78],"gold":2,"neow_bonus":"","is_prod":false,"is_daily":true,"chose_seed":false,"campfire_upgraded":6,"win_rate":0,"timestamp":1550917318,"path_taken":["M","?","$","M","?","E","R","M","T","M","M","$","M","M","R","BOSS","M","M","M","M","M","M","R","M","T","?","?","M","M","M","R","BOSS","M","M","M","M","M","E","R","?","T","R","M","R","$","?","R","BOSS"],"build_version":"2019-01-23","purchased_purges":0,"victory":true,"max_hp_per_floor":[70,70,70,70,70,70,70,70,76,76,76,76,76,76,76,82,82,82,82,82,82,82,82,82,82,88,88,88,88,88,88,88,94,94,94,94,94,94,94,94,94,94,94,94,94,94,94,94,94,94],"card_choices":[{"not_picked":["Poisoned Stab","Sucker Punch"],"picked":"Expertise","floor":6},{"not_picked":["Wraith Form v2","Doppelganger"],"picked":"Night Terror","floor":16},{"not_picked":["Bane","Dagger Spray"],"picked":"Blade Dance","floor":17},{"not_picked":["Noxious Fumes","Terror"],"picked":"Caltrops","floor":17},{"not_picked":["Crippling Poison","Setup"],"picked":"Deflect","floor":17},{"not_picked":["Dagger Throw","Blur"],"picked":"Cloak And Dagger","floor":17},{"not_picked":["Glass Knife","Choke"],"picked":"Backflip","floor":17},{"not_picked":["Bane","Tactician"],"picked":"Finisher","floor":24},{"not_picked":["Malaise+1","After Image"],"picked":"Venomology+1","floor":33},{"not_picked":["Dodge and Roll+1","Poisoned Stab+1"],"picked":"Escape Plan+1","floor":40}],"player_experience":214057,"relics_obtained":[{"floor":1,"key":"FossilizedHelix"},{"floor":4,"key":"Orichalcum"},{"floor":6,"key":"Shuriken"},{"floor":8,"key":"Regal Pillow"},{"floor":9,"key":"Kunai"},{"floor":10,"key":"Smiling Mask"},{"floor":11,"key":"Torii"},{"floor":13,"key":"Boot"},{"floor":14,"key":"Pen Nib"},{"floor":18,"key":"Dream Catcher"},{"floor":19,"key":"Thread and Needle"},{"floor":20,"key":"Ancient Tea Set"},{"floor":21,"key":"Gremlin Horn"},{"floor":22,"key":"Dead Branch"},{"floor":23,"key":"MawBank"},{"floor":25,"key":"Incense Burner"},{"floor":26,"key":"Toxic Egg 2"},{"floor":29,"key":"Letter Opener"},{"floor":30,"key":"PreservedInsect"},{"floor":31,"key":"Whetstone"},{"floor":35,"key":"Bag of Marbles"},{"floor":36,"key":"Singing Bowl"},{"floor":37,"key":"War Paint"},{"floor":38,"key":"Omamori"},{"floor":39,"key":"The Courier"},{"floor":40,"key":"Bottled Lightning"},{"floor":43,"key":"Mummified Hand"},{"floor":45,"key":"Anchor"}],"event_choices":[{"damage_healed":0,"gold_gain":0,"player_choice":"Entered Light","damage_taken":14,"max_hp_gain":0,"max_hp_loss":0,"event_name":"Shining Light","floor":2,"gold_loss":0,"cards_upgraded":["Strike_G","Strike_G"]},{"damage_healed":0,"gold_gain":0,"player_choice":"Got Potions","damage_taken":0,"max_hp_gain":0,"max_hp_loss":0,"event_name":"Lab","floor":5,"gold_loss":0},{"cards_removed":["Defend_G"],"damage_healed":0,"gold_gain":0,"player_choice":"Purged","damage_taken":0,"max_hp_gain":0,"max_hp_loss":0,"event_name":"Purifier","floor":28,"gold_loss":0},{"damage_healed":0,"gold_gain":0,"player_choice":"Ignored","damage_taken":0,"max_hp_gain":0,"max_hp_loss":0,"event_name":"Tomb of Lord Red Mask","floor":42,"gold_loss":0},{"damage_healed":0,"gold_gain":0,"player_choice":"Embrace Madness","damage_taken":12,"max_hp_gain":0,"max_hp_loss":0,"event_name":"Winding Halls","floor":48,"gold_loss":0,"cards_obtained":["Madness","Madness"]}],"is_beta":false,"boss_relics":[{"not_picked":["Fusion Hammer","Velvet Choker"],"picked":"Orrery"},{"not_picked":["Empty Cage","Busted Crown"],"picked":"Lizard Tail"}],"items_purged_floors":[],"is_endless":false,"potions_floor_spawned":[4,8,13,14,16,19,23,25,29,30,33,36,37,45],"ascension_level":0}