{"gold_per_floor":[117,134,84,103,28,28,56,56,56,113,141,141],"floor_reached":12,"playtime":417,"items_purged":["Strike_B"],"score":95,"play_id":"0b646342-a0a3-4d9d-a906-08513148ac26","local_time":"20181122185154","is_ascension_mode":true,"campfire_choices":[{"data":"Genetic Algorithm","floor":6,"key":"SMITH"},{"data":"Zap","floor":8,"key":"SMITH"}],"neow_cost":"NONE","seed_source_timestamp":601837793230918,"circlet_count":0,"master_deck":["Strike_B","Strike_B","Defend_B","Defend_B","Defend_B","Defend_B","Zap+1","Dualcast","Ball Lightning","Genetic Algorithm+1","Capacitor","Beam Cell","Biased Cognition","Hologram","Cold Snap+1"],"relics":["Cracked Core","Ginger","Peace Pipe","Juzu Bracelet","Molten Egg 2"],"potions_floor_usage":[7,11,12],"damage_taken":[{"damage":0,"enemies":"Cultist","floor":1,"turns":2},{"damage":1,"enemies":"2 Louse","floor":2,"turns":2},{"damage":16,"enemies":"Small Slimes","floor":4,"turns":4},{"damage":17,"enemies":"3 Sentries","floor":7,"turns":7},{"damage":30,"enemies":"Gremlin Nob","floor":10,"turns":4},{"damage":10,"enemies":"Gremlin Nob","floor":11,"turns":4},{"damage":6,"enemies":"Exordium Wildlife","floor":12,"turns":1}],"seed_played":"-1306983375124020987","potions_obtained":[{"floor":1,"key":"Fire Potion"},{"floor":7,"key":"EssenceOfSteel"},{"floor":11,"key":"Poison Potion"}],"is_trial":false,"path_per_floor":["M","M","?","M","$","R","E","R","T","?","E","M"],"character_chosen":"DEFECT","items_purchased":[],"campfire_rested":0,"item_purchase_floors":[],"current_hp_per_floor":[75,74,74,58,58,58,41,41,41,11,1,0],"gold":141,"neow_bonus":"THREE_CARDS","is_prod":false,"is_daily":false,"chose_seed":false,"campfire_upgraded":2,"win_rate":0,"timestamp":1542930714,"path_taken":["M","?","?","M","$","R","E","R","T","?","E","M"],"build_version":"2018-11-15","purchased_purges":1,"victory":false,"max_hp_per_floor":[75,75,75,75,75,75,75,75,75,75,75,75],"card_choices":[{"not_picked":["Rebound","Darkness"],"picked":"Ball Lightning","floor":0},{"not_picked":["Reinforced Body","Beam Cell"],"picked":"Genetic Algorithm","floor":1},{"not_picked":["Barrage","Rip and Tear"],"picked":"Capacitor","floor":2},{"not_picked":["Leap","Genetic Algorithm"],"picked":"Beam Cell","floor":4},{"not_picked":["Reinforced Body","Aggregate"],"picked":"Biased Cognition","floor":7},{"not_picked":["Force Field","Fusion"],"picked":"Hologram","floor":10},{"not_picked":["Darkness","Beam Cell"],"picked":"Cold Snap","floor":11}],"player_experience":149900,"relics_obtained":[{"floor":7,"key":"Ginger"},{"floor":9,"key":"Peace Pipe"},{"floor":11,"key":"Molten Egg 2"}],"event_choices":[{"cards_removed":["Strike_B"],"damage_healed":0,"gold_gain":0,"player_choice":"Card Removal","damage_taken":0,"max_hp_gain":0,"max_hp_loss":0,"event_name":"The Cleric","floor":3,"gold_loss":50},{"damage_healed":0,"gold_gain":0,"player_choice":"Searched \u00272\u0027 times","damage_taken":0,"relics_obtained":["Juzu Bracelet"],"max_hp_gain":0,"max_hp_loss":0,"event_name":"Dead Adventurer","floor":10,"gold_loss":0}],"is_beta":false,"boss_relics":[],"items_purged_floors":[5],"is_endless":false,"potions_floor_spawned":[1,7,11],"killed_by":"Exordium Wildlife","ascension_level":2}