{"gold_per_floor":[114,39,58,58,58,87,87,118,118,129,129,162,162,162,162,266,266,278,278,294,313,142,142,142,174,174,194,213,230,46,46,46,144,144,163,163,163,38,50,50,50],"floor_reached":41,"playtime":1507,"items_purged":["Strike_B","Defend_B","Defend_B"],"score":501,"play_id":"c41a9f3f-43f7-40da-903d-9a0e9ead6061","local_time":"20181028212329","is_ascension_mode":true,"campfire_choices":[{"data":"Zap","floor":7,"key":"SMITH"},{"data":"Dualcast","floor":13,"key":"SMITH"},{"floor":15,"key":"REST"},{"data":"Self Repair","floor":23,"key":"SMITH"},{"data":"Self Repair","floor":32,"key":"SMITH"},{"data":"Redo","floor":40,"key":"SMITH"}],"neow_cost":"NONE","seed_source_timestamp":1592602694449937,"circlet_count":0,"master_deck":["Defend_B","Zap+1","Dualcast+1","Coolheaded","Ball Lightning","Cold Snap","Tempest+1","Cold Snap","Leap","Sweeping Beam","Electrodynamics","FTL","Capacitor+1","Self Repair+1","Loop","Blizzard+1","Conserve Battery+1","Thunder Strike","Self Repair+1","Decay","Fission","Redo+1","Self Repair+1"],"relics":["Cracked Core","NlothsMask","DataDisk","Pantograph","Ginger","Coffee Dripper","Nilry\u0027s Codex","Emotion Chip","Mercury Hourglass","Vajra","Inserter"],"potions_floor_usage":[16,16,25,25,33,33,33],"damage_taken":[{"damage":3,"enemies":"2 Louse","floor":1,"turns":3},{"damage":7,"enemies":"Jaw Worm","floor":3,"turns":4},{"damage":34,"enemies":"Lagavulin","floor":6,"turns":7},{"damage":2,"enemies":"Gremlin Nob","floor":8,"turns":3},{"damage":0,"enemies":"Cultist","floor":10,"turns":2},{"damage":3,"enemies":"Lagavulin","floor":12,"turns":6},{"damage":0,"enemies":"Slime Boss","floor":16,"turns":9},{"damage":0,"enemies":"Spheric Guardian","floor":18,"turns":2},{"damage":0,"enemies":"Shell Parasite","floor":20,"turns":4},{"damage":10,"enemies":"Cultist and Chosen","floor":21,"turns":3},{"damage":15,"enemies":"Gremlin Leader","floor":25,"turns":4},{"damage":25,"enemies":"Snecko","floor":27,"turns":4},{"damage":4,"enemies":"Shelled Parasite and Fungi","floor":28,"turns":6},{"damage":11,"enemies":"Sentry and Sphere","floor":29,"turns":4},{"damage":15,"enemies":"Champ","floor":33,"turns":9},{"damage":4,"enemies":"Orb Walker","floor":35,"turns":4},{"damage":23,"enemies":"3 Darklings","floor":39,"turns":3},{"damage":51,"enemies":"Nemesis","floor":41,"turns":6}],"seed_played":"-1658099544098292690","potions_obtained":[{"floor":1,"key":"Block Potion"},{"floor":8,"key":"LiquidBronze"},{"floor":16,"key":"Ancient Potion"},{"floor":18,"key":"FearPotion"},{"floor":21,"key":"AttackPotion"},{"floor":25,"key":"Poison Potion"},{"floor":29,"key":"Fire Potion"},{"floor":35,"key":"Poison Potion"}],"is_trial":false,"path_per_floor":["M","$","M","?","?","E","R","E","T","M","?","E","R","?","R","B",null,"M","?","M","M","$","R","?","E","T","M","M","M","$","?","R","B",null,"M","?","?","$","M","R"],"character_chosen":"DEFECT","items_purchased":["Loop","Self Repair","Vajra"],"campfire_rested":1,"item_purchase_floors":[22,30,30],"current_hp_per_floor":[72,72,65,58,58,24,24,22,22,22,22,19,19,19,41,66,75,75,75,75,65,65,65,49,44,44,19,25,24,24,24,24,54,75,71,71,71,71,48,48,0],"gold":50,"neow_bonus":"TRANSFORM_CARD","is_prod":false,"is_daily":false,"chose_seed":false,"campfire_upgraded":5,"win_rate":0,"timestamp":1540776209,"path_taken":["M","$","M","?","?","E","R","E","T","M","?","E","R","?","R","BOSS","M","?","M","M","$","R","?","E","T","M","M","?","$","?","R","BOSS","M","?","?","$","?","R","E"],"build_version":"2018-10-25v2","purchased_purges":3,"victory":false,"max_hp_per_floor":[75,75,75,75,75,75,75,75,75,75,75,75,75,75,75,75,75,75,75,75,75,75,75,75,75,75,75,75,75,75,75,75,75,75,75,75,75,75,75,75,75],"card_choices":[{"not_picked":["Stack","Coolheaded"],"picked":"Ball Lightning","floor":1},{"not_picked":["Recycle","Rip and Tear"],"picked":"Cold Snap","floor":3},{"not_picked":["Rebound","Blizzard"],"picked":"Tempest","floor":6},{"not_picked":["Meteor Strike","Auto Shields"],"picked":"Cold Snap","floor":8},{"not_picked":["Hologram","Undo"],"picked":"Leap","floor":10},{"not_picked":["Storm","Rip and Tear","Beam Cell"],"picked":"SKIP","floor":12},{"not_picked":["Rainbow","Machine Learning"],"picked":"Electrodynamics","floor":16},{"not_picked":["Go for the Eyes","Hello World"],"picked":"FTL","floor":18},{"not_picked":["Undo","Go for the Eyes"],"picked":"Capacitor+1","floor":20},{"not_picked":["Coolheaded","Recycle"],"picked":"Self Repair","floor":21},{"not_picked":["All For One","BootSequence"],"picked":"Blizzard+1","floor":25},{"not_picked":["Recycle","Sweeping Beam"],"picked":"Conserve Battery+1","floor":27},{"not_picked":["Cold Snap","Ball Lightning","Go for the Eyes"],"picked":"SKIP","floor":28},{"not_picked":["Scrape+1","Cold Snap+1"],"picked":"Thunder Strike","floor":29},{"not_picked":["Reboot","Machine Learning"],"picked":"Fission","floor":33},{"not_picked":["Coolheaded","Go for the Eyes+1"],"picked":"Redo","floor":35},{"not_picked":["Scrape","Doom and Gloom","Sunder"],"picked":"SKIP","floor":39}],"player_experience":122216,"relics_obtained":[{"floor":6,"key":"DataDisk"},{"floor":8,"key":"Pantograph"},{"floor":12,"key":"Ginger"},{"floor":24,"key":"Nilry\u0027s Codex"},{"floor":25,"key":"Emotion Chip"},{"floor":26,"key":"Mercury Hourglass"}],"event_choices":[{"cards_removed":["Strike_B"],"damage_healed":0,"gold_gain":0,"player_choice":"Card Removal","damage_taken":7,"max_hp_gain":0,"max_hp_loss":0,"event_name":"Golden Wing","floor":4,"gold_loss":0},{"damage_healed":0,"gold_gain":0,"player_choice":"Trade","damage_taken":0,"relics_obtained":["NlothsMask"],"max_hp_gain":0,"max_hp_loss":0,"event_name":"FaceTrader","floor":5,"gold_loss":0},{"damage_healed":0,"gold_gain":0,"cards_transformed":["Strike_B"],"player_choice":"Transformed","damage_taken":0,"max_hp_gain":0,"max_hp_loss":0,"event_name":"Transmorgrifier","floor":11,"gold_loss":0,"cards_obtained":["Sweeping Beam"]},{"damage_healed":0,"gold_gain":0,"player_choice":"Forge","damage_taken":0,"max_hp_gain":0,"max_hp_loss":0,"event_name":"Accursed Blacksmith","floor":14,"gold_loss":0,"cards_upgraded":["Tempest"]},{"cards_removed":["Defend_B"],"damage_healed":0,"gold_gain":0,"player_choice":"Elegance","damage_taken":0,"max_hp_gain":0,"max_hp_loss":0,"event_name":"Back to Basics","floor":19,"gold_loss":0},{"damage_healed":0,"gold_gain":0,"player_choice":"Obtained Book","damage_taken":16,"max_hp_gain":0,"max_hp_loss":0,"event_name":"Cursed Tome","floor":24,"gold_loss":0},{"damage_healed":0,"gold_gain":0,"player_choice":"Smashed Altar","damage_taken":0,"max_hp_gain":0,"max_hp_loss":0,"event_name":"Forgotten Altar","floor":31,"gold_loss":0,"cards_obtained":["Decay"]},{"damage_healed":0,"gold_gain":0,"player_choice":"Copied","damage_taken":0,"max_hp_gain":0,"max_hp_loss":0,"event_name":"Duplicator","floor":36,"gold_loss":0,"cards_obtained":["Self Repair"]},{"damage_healed":0,"gold_gain":0,"player_choice":"Memory 1","damage_taken":0,"max_hp_gain":0,"max_hp_loss":0,"event_name":"SensoryStone","floor":37,"gold_loss":0}],"is_beta":false,"boss_relics":[{"not_picked":["Black Star","Velvet Choker"],"picked":"Coffee Dripper"},{"not_picked":["Nuclear Battery","Philosopher\u0027s Stone"],"picked":"Inserter"}],"items_purged_floors":[2,22,38],"is_endless":false,"potions_floor_spawned":[1,8,16,18,21,25,29,35],"killed_by":"Nemesis","ascension_level":1}