{"gold_per_floor":[114,129,129,22,37,52,82,97,97,97,112,112,112,112,112,112],"floor_reached":16,"playtime":686,"items_purged":[],"score":127,"play_id":"a84c0c61-618c-424d-801d-afb9e25343f0","local_time":"20190313165339","daily_mods":["Specialized","Diverse","Lethality"],"is_ascension_mode":false,"campfire_choices":[{"floor":13,"key":"REST"},{"data":"Coolheaded","floor":15,"key":"SMITH"}],"neow_cost":"","seed_source_timestamp":0,"circlet_count":0,"master_deck":["Defend_G","Defend_G","Defend_G","Defend_G","Defend_G","Strike_G","Strike_G","Strike_G","Strike_G","Strike_G","Survivor","Neutralize","Buffer","Buffer","Buffer","Buffer","Sword Boomerang","Cleave","Forethought","Beam Cell","Sword Boomerang","Force Field","Coolheaded+1","Pommel Strike","Poisoned Stab"],"special_seed":17968,"relics":["Ring of the Snake","Singing Bowl","The Courier","Golden Idol","Ginger"],"potions_floor_usage":[11,11,16,16],"damage_taken":[{"damage":0,"enemies":"Jaw Worm","floor":1,"turns":5},{"damage":0,"enemies":"2 Louse","floor":2,"turns":2},{"damage":0,"enemies":"Cultist","floor":5,"turns":3},{"damage":6,"enemies":"Blue Slaver","floor":6,"turns":3},{"damage":2,"enemies":"Gremlin Nob","floor":7,"turns":5},{"damage":0,"enemies":"Lots of Slimes","floor":8,"turns":1},{"damage":0,"enemies":"Looter","floor":11,"turns":2},{"damage":83,"enemies":"Hexaghost","floor":16,"turns":9}],"seed_played":"7689138155634222229","potions_obtained":[{"floor":5,"key":"Dexterity Potion"},{"floor":7,"key":"GhostInAJar"},{"floor":8,"key":"EssenceOfSteel"},{"floor":11,"key":"Ancient Potion"}],"is_trial":false,"path_per_floor":["M","M","?","$","M","M","E","M","T","?","M","?","R","T","R","B"],"character_chosen":"THE_SILENT","items_purchased":["Forethought","Beam Cell"],"campfire_rested":1,"item_purchase_floors":[4,4],"current_hp_per_floor":[70,70,70,70,70,64,62,62,62,80,80,60,80,80,80,0],"gold":112,"neow_bonus":"","is_prod":false,"is_daily":true,"chose_seed":false,"campfire_upgraded":1,"win_rate":0,"timestamp":1552496019,"path_taken":["M","M","?","$","M","M","E","M","T","?","?","?","R","?","R","BOSS"],"build_version":"2019-01-23","purchased_purges":0,"victory":false,"max_hp_per_floor":[70,70,70,70,70,70,70,70,70,80,80,80,80,80,80,80],"card_choices":[{"not_picked":["Compile Driver","Blur"],"picked":"Sword Boomerang","floor":1},{"not_picked":["Evolve","White Noise"],"picked":"Cleave","floor":2},{"not_picked":["Clash","Compile Driver"],"picked":"Sword Boomerang","floor":5},{"not_picked":["Dagger Throw","Thunder Strike"],"picked":"Force Field","floor":6},{"not_picked":["Dagger Spray","Quick Slash"],"picked":"Coolheaded","floor":7},{"not_picked":["Loop","Corruption"],"picked":"Pommel Strike","floor":8},{"not_picked":["Burning Pact","Bane"],"picked":"Poisoned Stab","floor":11}],"player_experience":302083,"relics_obtained":[{"floor":7,"key":"Singing Bowl"},{"floor":9,"key":"The Courier"},{"floor":14,"key":"Ginger"}],"event_choices":[{"damage_healed":0,"gold_gain":0,"player_choice":"Ignored","damage_taken":0,"max_hp_gain":0,"max_hp_loss":0,"event_name":"Golden Wing","floor":3,"gold_loss":0},{"cards_removed":["Buffer"],"damage_healed":8,"gold_gain":0,"player_choice":"Offered Rare","damage_taken":0,"max_hp_gain":10,"max_hp_loss":0,"event_name":"Bonfire Elementals","floor":10,"gold_loss":0},{"damage_healed":0,"gold_gain":0,"player_choice":"Take Damage","damage_taken":20,"relics_obtained":["Golden Idol"],"max_hp_gain":0,"max_hp_loss":0,"event_name":"Golden Idol","floor":12,"gold_loss":0}],"is_beta":false,"boss_relics":[],"items_purged_floors":[],"is_endless":false,"potions_floor_spawned":[5,7,8,11],"killed_by":"Hexaghost","ascension_level":0}