{"gold_per_floor":[113,113,43,63,63,96,96,130,130,130,146,146,146,157,157,257,257,273,286,385,385,69,100,117,117,117,117,42,53,83,32,32,134,134,147,147,163,7,18,18,52,16,16,16,27,45,45,0,0,0],"floor_reached":51,"playtime":6466,"items_purged":["Strike_G","Strike_G","Defend_G"],"score":1311,"play_id":"964d4dc7-23c9-4f62-b94f-02107bea53fb","local_time":"20190628000216","is_ascension_mode":true,"campfire_choices":[{"data":"Noxious Fumes","floor":7.0,"key":"SMITH"},{"floor":12.0,"key":"REST"},{"data":"Neutralize","floor":15.0,"key":"SMITH"},{"data":"Burst","floor":25.0,"key":"SMITH"},{"data":"Malaise","floor":27.0,"key":"SMITH"},{"data":"Well Laid Plans","floor":32.0,"key":"SMITH"},{"data":"Noxious Fumes","floor":40,"key":"SMITH"},{"data":"Apotheosis","floor":47,"key":"SMITH"},{"floor":49,"key":"REST"}],"neow_cost":"NONE","seed_source_timestamp":211032845385700,"circlet_count":0,"master_deck":["AscendersBane","Defend_G","Defend_G","Defend_G","Defend_G","Survivor","Neutralize+1","Noxious Fumes+1","Dash","Well Laid Plans+1","Footwork+1","Dodge and Roll","Dodge and Roll","Catalyst","Adrenaline","Escape Plan+1","Acrobatics+1","Bouncing Flask","Infinite Blades","After Image","Burst+1","Malaise+1","Backflip","Acrobatics+1","Noxious Fumes+1","Backflip","Escape Plan","Catalyst","PiercingWail+1","Apotheosis+1","Expertise+1","Well Laid Plans"],"special_seed":0,"relics":["Ring of the Snake","Prayer Wheel","Potion Belt","FossilizedHelix","Sozu","Membership Card","Ornamental Fan","Girya","Tingsha","Orrery","Dodecahedron","Red Mask"],"potions_floor_usage":[],"damage_taken":[{"damage":1.0,"enemies":"Small Slimes","floor":1.0,"turns":5.0},{"damage":7.0,"enemies":"Cultist","floor":4.0,"turns":6.0},{"damage":36.0,"enemies":"Gremlin Nob","floor":6.0,"turns":6.0},{"damage":9.0,"enemies":"3 Sentries","floor":8.0,"turns":9.0},{"damage":0.0,"enemies":"2 Louse","floor":11.0,"turns":4.0},{"damage":0.0,"enemies":"2 Fungi Beasts","floor":14.0,"turns":6.0},{"damage":0.0,"enemies":"The Guardian","floor":16.0,"turns":11.0},{"damage":7.0,"enemies":"Shell Parasite","floor":18.0,"turns":7.0},{"damage":0.0,"enemies":"Spheric Guardian","floor":19.0,"turns":6.0},{"damage":9.0,"enemies":"Slavers","floor":23.0,"turns":6.0},{"damage":0.0,"enemies":"Snake Plant","floor":24.0,"turns":6.0},{"damage":0.0,"enemies":"3 Cultists","floor":29.0,"turns":7.0},{"damage":0.0,"enemies":"Gremlin Leader","floor":30.0,"turns":6.0},{"damage":0.0,"enemies":"Collector","floor":33.0,"turns":7.0},{"damage":0.0,"enemies":"Orb Walker","floor":35.0,"turns":4.0},{"damage":37.0,"enemies":"3 Shapes","floor":37.0,"turns":4.0},{"damage":0.0,"enemies":"Transient","floor":39.0,"turns":5.0},{"damage":0,"enemies":"Giant Head","floor":41,"turns":5},{"damage":15,"enemies":"Jaw Worm Horde","floor":45,"turns":5},{"damage":0,"enemies":"Maw","floor":46,"turns":4},{"damage":52,"enemies":"Awakened One","floor":50,"turns":16}],"seed_played":"-8608535225099497820","potions_obtained":[{"floor":1.0,"key":"Fire Potion"},{"floor":8.0,"key":"SteroidPotion"},{"floor":14.0,"key":"AttackPotion"}],"is_trial":false,"path_per_floor":["M","?","$","M","?","E","R","E","T","?","M","R","?","M","R","B",null,"M","M","?","?","$","E","M","R","T","R","$","M","E","$","R","B",null,"M","?","M","$","M","R","E","$","T","?","M","M","R","?","R","B",null],"character_chosen":"THE_SILENT","items_purchased":["Noxious Fumes","Membership Card","Burst","Backflip","Noxious Fumes","Backflip","Apotheosis","Well Laid Plans"],"campfire_rested":2,"item_purchase_floors":[3,22,22,28,31,31,38,42],"current_hp_per_floor":[62,62,62,55,48,12,12,3,3,3,3,24,29,29,29,29,64,57,57,57,57,57,48,48,48,48,48,48,48,48,48,48,48,68,68,61,24,24,24,24,24,24,24,66,51,51,51,51,66,14],"gold":0,"neow_bonus":"REMOVE_CARD","is_prod":false,"is_daily":false,"chose_seed":false,"campfire_upgraded":7,"win_rate":0,"timestamp":1561694536,"path_taken":["M","?","$","?","?","E","R","E","T","?","?","R","?","M","R","BOSS","M","M","?","?","$","E","M","R","T","R","?","M","E","$","R","BOSS","M","?","M","$","?","R","E","$","T","?","M","M","R","?","R","BOSS"],"build_version":"2019-01-23","purchased_purges":3,"victory":true,"max_hp_per_floor":[70,70,70,70,70,70,70,70,70,70,70,70,75,75,75,75,75,75,75,75,75,75,75,75,75,75,75,75,75,75,75,75,75,75,75,75,75,75,75,75,75,75,75,66,66,66,66,66,66,66],"card_choices":[{"not_picked":["Riddle With Holes","Deflect","Acrobatics"],"picked":"SKIP","floor":1.0},{"not_picked":["Sucker Punch","Underhanded Strike"],"picked":"Dash","floor":4.0},{"not_picked":["Quick Slash","Slice"],"picked":"Well Laid Plans","floor":6.0},{"not_picked":["Endless Agony","Flying Knee"],"picked":"Footwork","floor":8.0},{"not_picked":["Caltrops","Riddle With Holes"],"picked":"Dodge and Roll","floor":11.0},{"not_picked":["Dagger Throw","Flying Knee"],"picked":"Dodge and Roll","floor":11.0},{"not_picked":["Endless Agony","Deflect"],"picked":"Catalyst","floor":14.0},{"not_picked":["Choke","Expertise","Poisoned Stab"],"picked":"SKIP","floor":14.0},{"not_picked":["Doppelganger","Bullet Time"],"picked":"Adrenaline","floor":16.0},{"not_picked":["Distraction","Heel Hook"],"picked":"Escape Plan+1","floor":18.0},{"not_picked":["Prepared","Expertise","Concentrate"],"picked":"SKIP","floor":18.0},{"not_picked":["Dodge and Roll","Concentrate"],"picked":"Acrobatics+1","floor":19.0},{"not_picked":["Leg Sweep","Blur"],"picked":"Bouncing Flask","floor":19.0},{"not_picked":["Prepared","Dagger Spray","Blade Dance"],"picked":"SKIP","floor":23.0},{"not_picked":["Well Laid Plans","Dagger Spray+1"],"picked":"Malaise","floor":24.0},{"not_picked":["Underhanded Strike+1","Crippling Poison","Slice"],"picked":"SKIP","floor":24.0},{"not_picked":["Flying Knee+1","Bane","PiercingWail"],"picked":"SKIP","floor":29.0},{"not_picked":["Caltrops","Predator","Deflect"],"picked":"SKIP","floor":29.0},{"not_picked":["Storm of Steel","Prepared"],"picked":"Acrobatics+1","floor":30.0},{"not_picked":["Underhanded Strike+1","Outmaneuver"],"picked":"Escape Plan","floor":34.0},{"not_picked":["Poisoned Stab","Outmaneuver"],"picked":"Catalyst","floor":34.0},{"not_picked":["Slice+1","Riddle With Holes","All Out Attack"],"picked":"SKIP","floor":35.0},{"not_picked":["Deadly Poison","Cloak And Dagger","Dagger Throw+1"],"picked":"SKIP","floor":35.0},{"not_picked":["Backflip","Expertise+1"],"picked":"PiercingWail+1","floor":37.0},{"not_picked":["PiercingWail","Flechettes+1","Setup"],"picked":"SKIP","floor":37.0},{"not_picked":["Flying Knee","Storm of Steel"],"picked":"Expertise+1","floor":39.0},{"not_picked":["Bane","Heel Hook+1","Deflect+1"],"picked":"SKIP","floor":39.0},{"not_picked":["Leg Sweep","Poisoned Stab+1","Wraith Form v2"],"picked":"SKIP","floor":41},{"not_picked":["Terror","Prepared+1","Cloak And Dagger"],"picked":"SKIP","floor":45},{"not_picked":["Quick Slash","Cloak And Dagger+1","Dodge and Roll+1"],"picked":"SKIP","floor":45},{"not_picked":["Noxious Fumes","PiercingWail","Flying Knee"],"picked":"SKIP","floor":46},{"not_picked":["Sucker Punch","Accuracy+1","Deadly Poison+1"],"picked":"SKIP","floor":46}],"player_experience":123748,"relics_obtained":[{"floor":6.0,"key":"Prayer Wheel"},{"floor":8.0,"key":"Potion Belt"},{"floor":9.0,"key":"FossilizedHelix"},{"floor":23.0,"key":"Ornamental Fan"},{"floor":26.0,"key":"Girya"},{"floor":30.0,"key":"Tingsha"},{"floor":43,"key":"Dodecahedron"}],"event_choices":[{"damage_healed":0.0,"max_hp_gain":0.0,"max_hp_loss":0.0,"gold_gain":0.0,"event_name":"Wheel of Change","player_choice":"Cursed","floor":2.0,"gold_loss":0.0,"damage_taken":0.0,"cards_obtained":["Decay"]},{"cards_removed":["Decay"],"damage_healed":0.0,"max_hp_gain":0.0,"max_hp_loss":0.0,"gold_gain":0.0,"event_name":"Golden Wing","player_choice":"Card Removal","floor":5.0,"gold_loss":0.0,"damage_taken":7.0},{"damage_healed":0.0,"max_hp_gain":0.0,"max_hp_loss":0.0,"gold_gain":0.0,"event_name":"Upgrade Shrine","player_choice":"Upgraded","floor":10.0,"gold_loss":0.0,"damage_taken":0.0,"cards_upgraded":["Footwork"]},{"damage_healed":0.0,"max_hp_gain":5.0,"max_hp_loss":0.0,"gold_gain":0.0,"event_name":"Big Fish","player_choice":"Donut","floor":13.0,"gold_loss":0.0,"damage_taken":0.0},{"damage_healed":0.0,"max_hp_gain":0.0,"max_hp_loss":0.0,"gold_gain":99.0,"event_name":"Nest","player_choice":"Stole From Cult","floor":20.0,"gold_loss":0.0,"damage_taken":0.0},{"damage_healed":0.0,"max_hp_gain":0.0,"max_hp_loss":0.0,"gold_gain":0.0,"cards_transformed":["Strike_G","Strike_G"],"event_name":"Drug Dealer","player_choice":"Became Test Subject","floor":21.0,"gold_loss":0.0,"damage_taken":0.0,"cards_obtained":["Infinite Blades","After Image"]},{"damage_healed":0.0,"max_hp_gain":0.0,"max_hp_loss":0.0,"gold_gain":0.0,"event_name":"Wheel of Change","player_choice":"Damaged","floor":36.0,"gold_loss":0.0,"damage_taken":7.0},{"damage_healed":66,"gold_gain":0,"player_choice":"Heal","damage_taken":0,"max_hp_gain":0,"max_hp_loss":9,"event_name":"The Moai Head","floor":44,"gold_loss":0},{"damage_healed":0,"gold_gain":0,"player_choice":"Paid","damage_taken":0,"relics_obtained":["Red Mask"],"max_hp_gain":0,"max_hp_loss":0,"event_name":"Tomb of Lord Red Mask","floor":48,"gold_loss":45}],"is_beta":false,"boss_relics":[{"not_picked":["Tiny House","Ring of the Serpent"],"picked":"Sozu"},{"not_picked":["Snecko Eye","Fusion Hammer"],"picked":"Orrery"}],"items_purged_floors":[22,28,38],"is_endless":false,"potions_floor_spawned":[1,8,14,23,24,30,35,37,45,46],"ascension_level":11}