{"gold_per_floor":[211,221,0,0,16,16,35,47,47,47,58,72,72,85,85,160,160,171,171,96,115,135,135,135],"floor_reached":24,"playtime":2141,"items_purged":["Strike_G"],"score":326,"play_id":"df86391b-ccb4-4c27-9acd-5932e43818bd","local_time":"20190628210107","is_ascension_mode":true,"campfire_choices":[{"data":"Bouncing Flask","floor":6,"key":"SMITH"},{"data":"Backflip","floor":10,"key":"SMITH"},{"data":"Survivor","floor":13,"key":"SMITH"},{"data":"Escape Plan","floor":15,"key":"SMITH"},{"data":"Defend_G","floor":23,"key":"SMITH"}],"neow_cost":"NONE","seed_source_timestamp":290892473387600,"circlet_count":0,"master_deck":["AscendersBane","Defend_G","Defend_G","Defend_G","Defend_G","Defend_G+1","Strike_G","Strike_G","Strike_G","Strike_G","Survivor+1","Neutralize+1","Backflip+1","Bouncing Flask+1","Escape Plan+1","Escape Plan+1"],"relics":["Ring of the Snake","Blood Vial","Sundial","Coffee Dripper","Shuriken"],"potions_floor_usage":[11,14,17],"damage_taken":[{"damage":6,"enemies":"Small Slimes","floor":1,"turns":5},{"damage":0,"enemies":"Cultist","floor":2,"turns":5},{"damage":0,"enemies":"2 Louse","floor":5,"turns":3},{"damage":1,"enemies":"Red Slaver","floor":7,"turns":5},{"damage":0,"enemies":"Blue Slaver","floor":8,"turns":4},{"damage":8,"enemies":"Lots of Slimes","floor":11,"turns":4},{"damage":0,"enemies":"Large Slime","floor":12,"turns":5},{"damage":0,"enemies":"Blue Slaver","floor":14,"turns":3},{"damage":11,"enemies":"The Guardian","floor":16,"turns":10},{"damage":10,"enemies":"Spheric Guardian","floor":18,"turns":4},{"damage":3,"enemies":"Shell Parasite","floor":21,"turns":5},{"damage":57,"enemies":"Cultist and Chosen","floor":22,"turns":10},{"damage":0,"enemies":"3 Cultists","floor":24,"turns":2}],"seed_played":"-3457087496032822038","potions_obtained":[{"floor":5,"key":"Explosive Potion"},{"floor":7,"key":"Swift Potion"},{"floor":8,"key":"SkillPotion"},{"floor":12,"key":"Dexterity Potion"},{"floor":14,"key":"FearPotion"},{"floor":16,"key":"Fruit Juice"},{"floor":18,"key":"Block Potion"}],"is_trial":false,"path_per_floor":["M","M","$","?","M","R","M","M","T","R","M","M","R","M","R","B",null,"M","?","$","M","M","R","M"],"character_chosen":"THE_SILENT","items_purchased":["Bouncing Flask","Blood Vial"],"campfire_rested":0,"item_purchase_floors":[3,3],"current_hp_per_floor":[53,53,53,53,55,55,56,58,58,58,52,54,54,56,56,47,66,58,58,58,57,2,2,4],"gold":135,"neow_bonus":"HUNDRED_GOLD","is_prod":false,"is_daily":false,"chose_seed":false,"campfire_upgraded":5,"win_rate":0,"timestamp":1561770067,"path_taken":["M","M","$","?","M","R","M","M","T","R","?","M","R","M","R","BOSS","M","?","$","?","M","R","M"],"build_version":"2019-01-23","purchased_purges":1,"victory":false,"max_hp_per_floor":[66,66,66,66,66,66,66,66,66,66,66,66,66,66,66,66,71,71,71,71,71,71,71,71],"card_choices":[{"not_picked":["Dagger Throw","Deflect"],"picked":"Backflip","floor":1},{"not_picked":["Slice","Outmaneuver","Reflex"],"picked":"SKIP","floor":2},{"not_picked":["Distraction","Expertise","Predator"],"picked":"SKIP","floor":5},{"not_picked":["Blade Dance","Terror","Distraction"],"picked":"SKIP","floor":7},{"not_picked":["Backflip","Heel Hook"],"picked":"Escape Plan","floor":8},{"not_picked":["Underhanded Strike","Dodge and Roll","Deadly Poison"],"picked":"SKIP","floor":11},{"not_picked":["Finisher","Expertise","Underhanded Strike"],"picked":"SKIP","floor":12},{"not_picked":["Finisher","Glass Knife","Eviscerate"],"picked":"SKIP","floor":14},{"not_picked":["Eviscerate","Cloak And Dagger","Slice"],"picked":"SKIP","floor":18},{"not_picked":["Leg Sweep","Deadly Poison"],"picked":"Escape Plan+1","floor":21},{"not_picked":["Poisoned Stab","Outmaneuver","Sucker Punch"],"picked":"SKIP","floor":22}],"player_experience":146969,"relics_obtained":[{"floor":9,"key":"Sundial"}],"event_choices":[{"damage_healed":0,"gold_gain":0,"player_choice":"Forge","damage_taken":0,"max_hp_gain":0,"max_hp_loss":0,"event_name":"Accursed Blacksmith","floor":4,"gold_loss":0,"cards_upgraded":["Neutralize"]},{"damage_healed":0,"gold_gain":0,"player_choice":"Gave Potion","damage_taken":0,"relics_obtained":["Shuriken"],"max_hp_gain":0,"max_hp_loss":0,"event_name":"WeMeetAgain","floor":19,"gold_loss":0}],"is_beta":false,"boss_relics":[{"not_picked":["Ectoplasm","Snecko Eye"],"picked":"Coffee Dripper"}],"items_purged_floors":[20],"is_endless":false,"potions_floor_spawned":[5,7,8,12,14,16,18],"killed_by":"3 Cultists","ascension_level":14}