{"gold_per_floor":[360,42,55,55,78,78,101,139,139,210,210,210,244,244,244,367,367,386,386,406,406,51,51,95,95,95,139,14,53,93,93,93,214,277,300,300,8,27,45,86,147,190,190,228,271,271,296,314,314,314,314,314,45,89,89],"floor_reached":55,"playtime":4339,"items_purged":[],"score":1358,"play_id":"395eada7-9ca7-49a4-b314-8a706671219e","local_time":"20190405094334","is_ascension_mode":true,"campfire_choices":[{"floor":6,"key":"REST"},{"floor":15,"key":"REST"},{"floor":23,"key":"REST"},{"floor":25,"key":"RECALL"},{"floor":32,"key":"REST"},{"floor":46,"key":"REST"},{"data":"1","floor":49,"key":"LIFT"},{"data":"2","floor":52,"key":"LIFT"}],"neow_cost":"TEN_PERCENT_HP_LOSS","seed_source_timestamp":0,"circlet_count":0,"master_deck":["Zap","Dualcast","Chill+1","Static Discharge+1","Hello World+1","Gash","Gash","Lockon","Compile Driver","Static Discharge+1","Thunder Strike","Defragment+1","Reprogram","Hologram","Rainbow","Rainbow","Glacier","Steam+1","Rebound","Coolheaded","Chaos","Mayhem+1","Loop+1","Discovery","Defragment+1","Cold Snap+1","Loop+1","Discovery","Sweeping Beam+1","FTL","Buffer+1","Conserve Battery","Gash+1","Storm+1","Go for the Eyes+1","Beam Cell","Force Field+1","Gash","Cold Snap+1","All For One+1","Gash+1","Hello World+1","Gash+1","Steam Power","Capacitor+1","Core Surge+1"],"special_seed":0,"relics":["Cracked Core","Frozen Egg 2","Golden Idol","Mummified Hand","Symbiotic Virus","Cables","PreservedInsect","Girya","Pandora\u0027s Box","Mango","Nilry\u0027s Codex","Pantograph","WingedGreaves","Regal Pillow","Dream Catcher","Tiny House","Spirit Poop","Mercury Hourglass","Bottled Tornado","StoneCalendar","Molten Egg 2","Pear","DataDisk","Bag of Marbles","Toolbox","Bottled Flame"],"potions_floor_usage":[5,7,24,30,33,33,35,41,44,47,50,54],"damage_taken":[{"damage":0.0,"enemies":"2 Louse","floor":1.0,"turns":2.0},{"damage":0,"enemies":"Small Slimes","floor":3,"turns":4},{"damage":7,"enemies":"Jaw Worm","floor":5,"turns":2},{"damage":10,"enemies":"3 Louse","floor":7,"turns":4},{"damage":18,"enemies":"Lagavulin","floor":8,"turns":5},{"damage":8,"enemies":"Gremlin Nob","floor":10,"turns":3},{"damage":9,"enemies":"Gremlin Nob","floor":13,"turns":2},{"damage":23,"enemies":"Hexaghost","floor":16,"turns":5},{"damage":1,"enemies":"3 Byrds","floor":18,"turns":4},{"damage":0,"enemies":"Chosen","floor":20,"turns":4},{"damage":24,"enemies":"Slavers","floor":24,"turns":3},{"damage":0,"enemies":"Book of Stabbing","floor":27,"turns":5},{"damage":1,"enemies":"Gremlin Leader","floor":29,"turns":4},{"damage":23,"enemies":"Book of Stabbing","floor":30,"turns":4},{"damage":0,"enemies":"Automaton","floor":33,"turns":9},{"damage":2,"enemies":"3 Darklings","floor":35,"turns":5},{"damage":0,"enemies":"3 Shapes","floor":38,"turns":2},{"damage":0,"enemies":"Transient","floor":39,"turns":5},{"damage":0,"enemies":"Giant Head","floor":40,"turns":6},{"damage":36,"enemies":"2 Orb Walkers","floor":41,"turns":3},{"damage":0,"enemies":"Nemesis","floor":42,"turns":5},{"damage":0,"enemies":"Giant Head","floor":44,"turns":6},{"damage":12,"enemies":"Nemesis","floor":45,"turns":5},{"damage":7,"enemies":"Jaw Worm Horde","floor":47,"turns":3},{"damage":0,"enemies":"Maw","floor":48,"turns":5},{"damage":68,"enemies":"Awakened One","floor":50,"turns":7},{"damage":24,"enemies":"Shield and Spear","floor":54,"turns":4},{"damage":91,"enemies":"The Heart","floor":55,"turns":5}],"seed_played":"5534535883398290599","potions_obtained":[{"floor":1.0,"key":"AttackPotion"},{"floor":5,"key":"SkillPotion"},{"floor":10,"key":"GamblersBrew"},{"floor":16,"key":"LiquidBronze"},{"floor":20,"key":"Dexterity Potion"},{"floor":27,"key":"SteroidPotion"},{"floor":30,"key":"Weak Potion"},{"floor":34,"key":"Fruit Juice"},{"floor":38,"key":"Energy Potion"},{"floor":41,"key":"AttackPotion"},{"floor":44,"key":"FocusPotion"},{"floor":48,"key":"Block Potion"}],"is_trial":false,"path_per_floor":["M","$","M","?","M","R","M","E","T","?","?","?","E","T","R","B",null,"M","?","M","?","$","R","E","R","T","E","$","E","E","?","R","B",null,"M","?","$","M","M","E","?","E","T","E","E","R","M","M","R","B",null,"R","$","E","B"],"character_chosen":"DEFECT","items_purchased":["Frozen Egg 2","Static Discharge+1","Mayhem+1","Loop+1","Discovery","Loop+1","Discovery","Mercury Hourglass","Storm+1","Toolbox","Capacitor+1"],"campfire_rested":5,"item_purchase_floors":[2,2,22,22,22,28,28,37,37,53,53],"current_hp_per_floor":[68,68,68,51,44,64,54,36,36,28,28,28,19,19,39,16,55,54,68,68,52,52,76,52,52,52,52,52,51,28,28,67,82,87,90,90,90,90,90,90,54,54,64,64,52,97,90,90,90,34,85,85,85,61,0],"gold":89,"neow_bonus":"TWO_FIFTY_GOLD","is_prod":false,"is_daily":false,"chose_seed":false,"campfire_upgraded":0,"win_rate":0,"timestamp":1554453814,"path_taken":["M","$","M","?","M","R","M","E","T","?","?","?","E","?","R","BOSS","M","?","M","?","$","R","E","R","T","E","?","E","E","?","R","BOSS","M","?","$","M","?","E","?","E","T","E","E","R","M","M","R","BOSS","R","$","E","BOSS"],"build_version":"2019-01-23","purchased_purges":0,"victory":false,"max_hp_per_floor":[68,68,68,68,68,68,68,68,68,68,68,68,68,68,68,68,68,68,82,82,82,82,82,82,82,82,82,82,82,82,82,82,82,87,92,92,92,92,92,92,92,92,102,102,102,102,102,102,102,102,102,102,102,102,102],"card_choices":[{"not_picked":["Chaos","Compile Driver"],"picked":"Chill","floor":1.0},{"not_picked":["Redo","Sweeping Beam"],"picked":"Hello World+1","floor":3},{"not_picked":["Blizzard","Fusion"],"picked":"Gash","floor":5},{"not_picked":["Lockon","Beam Cell"],"picked":"Gash","floor":7},{"not_picked":["Redo","Cold Snap"],"picked":"Lockon","floor":8},{"not_picked":["Cold Snap","Ball Lightning"],"picked":"Compile Driver","floor":10},{"not_picked":["Core Surge","Conserve Battery"],"picked":"Static Discharge+1","floor":13},{"not_picked":["Hyperbeam","Rainbow"],"picked":"Thunder Strike","floor":16},{"not_picked":["Reinforced Body","Lockon"],"picked":"Coolheaded","floor":18},{"not_picked":["Hologram","Streamline"],"picked":"Chaos","floor":20},{"not_picked":["Ball Lightning","Scrape+1"],"picked":"Defragment+1","floor":24},{"not_picked":["Chill","Ball Lightning"],"picked":"Cold Snap+1","floor":27},{"not_picked":["Hello World+1","Redo"],"picked":"Sweeping Beam+1","floor":29},{"not_picked":["Conserve Battery","Barrage"],"picked":"FTL","floor":30},{"not_picked":["Hyperbeam","Meteor Strike"],"picked":"Buffer+1","floor":33},{"not_picked":["Consume","Tempest+1"],"picked":"Conserve Battery","floor":34},{"not_picked":["Reinforced Body","Fusion"],"picked":"Gash+1","floor":35},{"not_picked":["Reinforced Body","Hologram"],"picked":"Go for the Eyes+1","floor":38},{"not_picked":["Hologram+1","Cold Snap+1"],"picked":"Beam Cell","floor":39},{"not_picked":["Recycle+1","Steam+1"],"picked":"Force Field+1","floor":40},{"not_picked":["Beam Cell","Leap"],"picked":"Gash","floor":41},{"not_picked":["Glacier","Ball Lightning"],"picked":"Cold Snap+1","floor":42},{"not_picked":["White Noise","Coolheaded+1"],"picked":"All For One+1","floor":44},{"not_picked":["Sweeping Beam+1","Aggregate"],"picked":"Gash+1","floor":45},{"not_picked":["Sunder+1","Sweeping Beam+1"],"picked":"Hello World+1","floor":46},{"not_picked":["Go for the Eyes+1","Coolheaded+1"],"picked":"Gash+1","floor":47},{"not_picked":["Hologram","Force Field"],"picked":"Steam Power","floor":48},{"not_picked":["Doom and Gloom+1","Undo+1"],"picked":"Core Surge+1","floor":54}],"player_experience":438647,"relics_obtained":[{"floor":8,"key":"Mummified Hand"},{"floor":9,"key":"Symbiotic Virus"},{"floor":10,"key":"Cables"},{"floor":13,"key":"PreservedInsect"},{"floor":14,"key":"Girya"},{"floor":21,"key":"Nilry\u0027s Codex"},{"floor":24,"key":"Pantograph"},{"floor":27,"key":"WingedGreaves"},{"floor":29,"key":"Regal Pillow"},{"floor":30,"key":"Dream Catcher"},{"floor":40,"key":"Bottled Tornado"},{"floor":41,"key":"StoneCalendar"},{"floor":42,"key":"Molten Egg 2"},{"floor":43,"key":"Pear"},{"floor":44,"key":"DataDisk"},{"floor":45,"key":"Bag of Marbles"},{"floor":54,"key":"Bottled Flame"}],"event_choices":[{"damage_healed":0,"gold_gain":0,"player_choice":"Take Damage","damage_taken":17,"relics_obtained":["Golden Idol"],"max_hp_gain":0,"max_hp_loss":0,"event_name":"Golden Idol","floor":4,"gold_loss":0},{"damage_healed":0,"gold_gain":30,"player_choice":"Searched \u00272\u0027 times","damage_taken":0,"max_hp_gain":0,"max_hp_loss":0,"event_name":"Dead Adventurer","floor":10,"gold_loss":0},{"damage_healed":0,"gold_gain":0,"player_choice":"Grow","damage_taken":0,"max_hp_gain":0,"max_hp_loss":0,"event_name":"Living Wall","floor":11,"gold_loss":0,"cards_upgraded":["Chill"]},{"damage_healed":0,"gold_gain":0,"player_choice":"Ignored","damage_taken":0,"max_hp_gain":0,"max_hp_loss":0,"event_name":"Golden Wing","floor":12,"gold_loss":0},{"damage_healed":0,"gold_gain":0,"player_choice":"Stole Relic","damage_taken":0,"relics_obtained":["Mango"],"max_hp_gain":0,"max_hp_loss":0,"event_name":"Addict","floor":19,"gold_loss":0,"cards_obtained":["Shame"]},{"damage_healed":0,"gold_gain":0,"player_choice":"Obtained Book","damage_taken":16,"max_hp_gain":0,"max_hp_loss":0,"event_name":"Cursed Tome","floor":21,"gold_loss":0},{"damage_healed":0,"gold_gain":0,"player_choice":"Ignored","damage_taken":0,"max_hp_gain":0,"max_hp_loss":0,"event_name":"Ghosts","floor":31,"gold_loss":0},{"cards_removed":["Shame"],"damage_healed":0,"gold_gain":0,"player_choice":"Offered Curse","damage_taken":0,"relics_obtained":["Spirit Poop"],"max_hp_gain":0,"max_hp_loss":0,"event_name":"Bonfire Elementals","floor":36,"gold_loss":0},{"damage_healed":0,"gold_gain":0,"player_choice":"Fight","damage_taken":0,"max_hp_gain":0,"max_hp_loss":0,"event_name":"Mysterious Sphere","floor":41,"gold_loss":0}],"is_beta":false,"boss_relics":[{"not_picked":["Snecko Eye","Velvet Choker"],"picked":"Pandora\u0027s Box"},{"not_picked":["Lizard Tail","Cursed Key"],"picked":"Tiny House"}],"items_purged_floors":[],"is_endless":false,"potions_floor_spawned":[1,5,10,16,20,27,30,38,41,44,48],"killed_by":"The Heart","ascension_level":5}