{"gold_per_floor":[367,35,35,35,35,35,60,71,123,134,168,181,181,85,85,180,180,191,191,209,7,107,107,136,136,136,162,162,162,162],"floor_reached":30,"playtime":2210,"items_purged":[],"score":286,"play_id":"b295a50e-3fd5-488b-8535-5d72559e0871","local_time":"20190219214737","is_ascension_mode":true,"campfire_choices":[{"floor":6.0,"key":"REST"},{"floor":15.0,"key":"REST"},{"floor":23,"key":"REST"},{"floor":25,"key":"REST"}],"neow_cost":"CURSE","seed_source_timestamp":0,"circlet_count":0,"master_deck":["Defend_G+1","Defend_G+1","Defend_G","Defend_G+1","Defend_G","Strike_G","Strike_G","Strike_G","Strike_G+1","Survivor","Neutralize","Bane","Poisoned Stab","Flying Knee","Tactician","Dagger Throw","Dagger Spray","Slice","Flying Knee","Deadly Poison","Poisoned Stab","Noxious Fumes","Corpse Explosion","Noxious Fumes+1","Dodge and Roll+1","Backflip","Acrobatics+1","Caltrops+1","Decay"],"special_seed":0,"relics":["Ring of the Snake","Ornamental Fan","Strawberry","War Paint","Sundial","Calling Bell","Vajra","Frozen Egg 2","The Specimen","Toolbox","Pocketwatch","Bottled Flame","Gremlin Horn","Matryoshka","Snake Skull"],"potions_floor_usage":[24,27],"damage_taken":[{"damage":0.0,"enemies":"2 Louse","floor":1.0,"turns":2.0},{"damage":26.0,"enemies":"3 Sentries","floor":7.0,"turns":11.0},{"damage":0.0,"enemies":"Small Slimes","floor":8.0,"turns":3.0},{"damage":0.0,"enemies":"Jaw Worm","floor":10.0,"turns":3.0},{"damage":6.0,"enemies":"Gremlin Nob","floor":11.0,"turns":4.0},{"damage":1.0,"enemies":"3 Louse","floor":12.0,"turns":3.0},{"damage":45.0,"enemies":"The Guardian","floor":16.0,"turns":7.0},{"damage":17.0,"enemies":"Shell Parasite","floor":18.0,"turns":5.0},{"damage":2.0,"enemies":"Chosen","floor":20.0,"turns":4.0},{"damage":17.0,"enemies":"Colosseum Slavers","floor":22.0,"turns":4.0},{"damage":22.0,"enemies":"Colosseum Nobs","floor":22.0,"turns":5.0},{"damage":32,"enemies":"Slavers","floor":24,"turns":7},{"damage":18,"enemies":"Gremlin Leader","floor":27,"turns":5},{"damage":4,"enemies":"3 Cultists","floor":30,"turns":3}],"seed_played":"2823176213482431434","potions_obtained":[{"floor":11.0,"key":"Poison Potion"},{"floor":12.0,"key":"Poison Potion"},{"floor":22.0,"key":"Ancient Potion"},{"floor":24,"key":"LiquidBronze"},{"floor":27,"key":"LiquidBronze"}],"is_trial":false,"path_per_floor":["M","$","?","?","$","R","E","M","T","M","E","M","?","$","R","B",null,"M","?","M","$","?","R","E","R","T","E","?","?","M"],"character_chosen":"THE_SILENT","items_purchased":["Ornamental Fan","Poisoned Stab","Flying Knee","Poisoned Stab","Noxious Fumes","Toolbox"],"campfire_rested":4,"item_purchase_floors":[2,2,2,14,14,21],"current_hp_per_floor":[70,70,63,50,50,67,48,48,48,48,42,41,41,41,63,18,74,57,57,55,55,16,38,6,28,28,10,1,1,0],"gold":162,"neow_bonus":"TWO_FIFTY_GOLD","is_prod":false,"is_daily":false,"chose_seed":false,"campfire_upgraded":0,"win_rate":0,"timestamp":1550612857,"path_taken":["M","$","?","?","$","R","E","M","T","?","E","M","?","?","R","BOSS","M","?","M","?","?","R","E","R","T","E","?","?","?"],"build_version":"2019-01-23","purchased_purges":0,"victory":false,"max_hp_per_floor":[70,70,67,67,67,67,74,74,74,74,74,74,74,74,74,74,74,74,74,74,74,74,74,74,74,74,74,74,74,74],"card_choices":[{"not_picked":["Backflip","Outmaneuver"],"picked":"Bane","floor":1.0},{"not_picked":["Reflex","Underhanded Strike"],"picked":"Tactician","floor":7.0},{"not_picked":["Dash","Underhanded Strike"],"picked":"Dagger Throw","floor":8.0},{"not_picked":["Skewer","Wraith Form v2"],"picked":"Dagger Spray","floor":10.0},{"not_picked":["Tools of the Trade","Dagger Spray"],"picked":"Slice","floor":11.0},{"not_picked":["Sucker Punch","Well Laid Plans"],"picked":"Flying Knee","floor":12.0},{"not_picked":["Tools of the Trade","After Image"],"picked":"Corpse Explosion","floor":16.0},{"not_picked":["Prepared","Acrobatics"],"picked":"Noxious Fumes+1","floor":18.0},{"not_picked":["Dagger Spray","Prepared+1"],"picked":"Dodge and Roll+1","floor":20.0},{"not_picked":["Underhanded Strike","Sucker Punch"],"picked":"Backflip","floor":22.0},{"not_picked":["Dagger Throw","Wraith Form v2+1"],"picked":"Acrobatics+1","floor":24},{"not_picked":["Glass Knife","Slice+1"],"picked":"Caltrops+1","floor":27}],"player_experience":176207,"relics_obtained":[{"floor":7.0,"key":"Strawberry"},{"floor":9.0,"key":"War Paint"},{"floor":11.0,"key":"Sundial"},{"floor":17.0,"key":"Vajra"},{"floor":17.0,"key":"Frozen Egg 2"},{"floor":17.0,"key":"The Specimen"},{"floor":22.0,"key":"Pocketwatch"},{"floor":22.0,"key":"Bottled Flame"},{"floor":24,"key":"Gremlin Horn"},{"floor":26,"key":"Matryoshka"},{"floor":27,"key":"Snake Skull"}],"event_choices":[{"cards_removed":["Parasite"],"damage_healed":0.0,"max_hp_gain":0.0,"max_hp_loss":0.0,"gold_gain":0.0,"event_name":"Golden Wing","player_choice":"Card Removal","floor":3.0,"gold_loss":0.0,"damage_taken":7.0},{"damage_healed":0.0,"max_hp_gain":0.0,"max_hp_loss":0.0,"gold_gain":0.0,"event_name":"Shining Light","player_choice":"Entered Light","floor":4.0,"gold_loss":0.0,"damage_taken":13.0,"cards_upgraded":["Strike_G","Defend_G"]},{"damage_healed":0.0,"max_hp_gain":0.0,"max_hp_loss":0.0,"gold_gain":0.0,"cards_transformed":["Strike_G"],"event_name":"Living Wall","player_choice":"Change","floor":13.0,"gold_loss":0.0,"damage_taken":0.0,"cards_obtained":["Deadly Poison"]},{"cards_removed":["Pain","Normality","Normality"],"damage_healed":0.0,"max_hp_gain":0.0,"max_hp_loss":0.0,"gold_gain":0.0,"event_name":"Fountain of Cleansing","player_choice":"Removed Curses","floor":19.0,"gold_loss":0.0,"damage_taken":0.0},{"damage_healed":0.0,"max_hp_gain":0.0,"max_hp_loss":0.0,"gold_gain":0.0,"event_name":"Colosseum","player_choice":"Fight","floor":22.0,"gold_loss":0.0,"damage_taken":0.0},{"damage_healed":0.0,"max_hp_gain":0.0,"max_hp_loss":0.0,"gold_gain":0.0,"event_name":"Colosseum","player_choice":"Fought Nobs","floor":22.0,"gold_loss":0.0,"damage_taken":0.0},{"damage_healed":0,"gold_gain":0,"player_choice":"Stopped","damage_taken":9,"max_hp_gain":0,"max_hp_loss":0,"event_name":"Cursed Tome","floor":28,"gold_loss":0},{"damage_healed":0,"gold_gain":0,"player_choice":"Smashed Altar","damage_taken":0,"max_hp_gain":0,"max_hp_loss":0,"event_name":"Forgotten Altar","floor":29,"gold_loss":0,"cards_obtained":["Decay"]}],"is_beta":false,"boss_relics":[{"not_picked":["Snecko Eye","Philosopher\u0027s Stone"],"picked":"Calling Bell"}],"items_purged_floors":[],"is_endless":false,"potions_floor_spawned":[11,12,22,24,27],"killed_by":"3 Cultists","ascension_level":1}