{"gold_per_floor":[109,109,109,109,74,89,102,132,155,166,197,217,392,392],"floor_reached":14,"playtime":691,"items_purged":[],"score":115,"play_id":"15c04084-a500-469b-afc7-9ce1a7bffba5","local_time":"20190329232218","is_ascension_mode":true,"campfire_choices":[],"neow_cost":"NONE","seed_source_timestamp":2443547996940600,"circlet_count":0,"master_deck":["Defend_G","Defend_G","Defend_G","Defend_G","Defend_G","Strike_G","Strike_G","Strike_G","Strike_G","Strike_G","Survivor","Neutralize","Escape Plan","Regret","Sucker Punch","Finisher","Quick Slash","Flying Knee","Storm of Steel","Deflect","Doubt"],"relics":["Ring of the Snake","NeowsBlessing","Mummified Hand","Pocketwatch","Dream Catcher","Oddly Smooth Stone","Bag of Marbles","Singing Bowl"],"potions_floor_usage":[8,8],"damage_taken":[{"damage":0,"enemies":"Small Slimes","floor":1,"turns":1},{"damage":0,"enemies":"Jaw Worm","floor":6,"turns":1},{"damage":0,"enemies":"2 Louse","floor":7,"turns":1},{"damage":25,"enemies":"Gremlin Nob","floor":8,"turns":5},{"damage":6,"enemies":"Blue Slaver","floor":10,"turns":5},{"damage":20,"enemies":"3 Sentries","floor":11,"turns":7},{"damage":0,"enemies":"Large Slime","floor":12,"turns":5},{"damage":23,"enemies":"Gremlin Gang","floor":14,"turns":3}],"seed_played":"-8469379082636765387","potions_obtained":[{"floor":1,"key":"Fire Potion"},{"floor":6,"key":"Dexterity Potion"}],"is_trial":false,"path_per_floor":["M","?","T","?","?","M","M","E","T","M","E","M","?","M"],"character_chosen":"THE_SILENT","items_purchased":[],"campfire_rested":0,"item_purchase_floors":[],"current_hp_per_floor":[70,70,70,58,70,70,70,45,45,39,19,19,19,0],"gold":392,"neow_bonus":"THREE_ENEMY_KILL","is_prod":false,"is_daily":false,"chose_seed":false,"campfire_upgraded":0,"win_rate":0,"timestamp":1553901738,"path_taken":["M","?","?","?","?","M","M","E","T","M","E","M","?","M"],"build_version":"2019-01-23","purchased_purges":0,"victory":false,"max_hp_per_floor":[70,70,70,70,70,70,70,70,70,70,70,70,70,70],"card_choices":[{"not_picked":["Acrobatics","Choke"],"picked":"Escape Plan","floor":1},{"not_picked":["Deadly Poison","PiercingWail"],"picked":"Sucker Punch","floor":6},{"not_picked":["Setup","Blade Dance"],"picked":"Finisher","floor":7},{"not_picked":["Setup","Acrobatics"],"picked":"Quick Slash","floor":8},{"not_picked":["Backflip","Expertise"],"picked":"Flying Knee","floor":10},{"not_picked":["Terror","Acrobatics"],"picked":"Storm of Steel","floor":11},{"not_picked":["Acrobatics","Leg Sweep"],"picked":"Deflect","floor":12}],"player_experience":413030,"relics_obtained":[{"floor":3,"key":"Pocketwatch"},{"floor":8,"key":"Oddly Smooth Stone"},{"floor":9,"key":"Bag of Marbles"},{"floor":11,"key":"Singing Bowl"}],"event_choices":[{"damage_healed":0,"gold_gain":0,"player_choice":"Box","damage_taken":0,"relics_obtained":["Mummified Hand"],"max_hp_gain":0,"max_hp_loss":0,"event_name":"Big Fish","floor":2,"gold_loss":0,"cards_obtained":["Regret"]},{"damage_healed":0,"gold_gain":0,"player_choice":"Success","damage_taken":12,"relics_obtained":["Dream Catcher"],"max_hp_gain":0,"max_hp_loss":0,"event_name":"Scrap Ooze","floor":4,"gold_loss":0},{"damage_healed":17,"gold_gain":0,"player_choice":"Healed","damage_taken":0,"max_hp_gain":0,"max_hp_loss":0,"event_name":"The Cleric","floor":5,"gold_loss":35},{"damage_healed":0,"gold_gain":175,"player_choice":"AGREE","damage_taken":0,"max_hp_gain":0,"max_hp_loss":0,"event_name":"Liars Game","floor":13,"gold_loss":0,"cards_obtained":["Doubt"]}],"is_beta":false,"boss_relics":[],"items_purged_floors":[],"is_endless":false,"potions_floor_spawned":[1,6],"killed_by":"Gremlin Gang","ascension_level":3}