{"gold_per_floor":[114,214,16,16,16,49,65,65,92,104,115,390,48,76,76,178,178,198,298,5,5,24,24,24],"floor_reached":24,"playtime":2165,"items_purged":[],"score":212,"play_id":"1a23cc6d-b72e-4fd5-99c9-cfc9a0d80e40","local_time":"20190217165636","is_ascension_mode":true,"campfire_choices":[{"floor":15,"key":"REST"},{"floor":23,"key":"REST"}],"neow_cost":"NONE","seed_source_timestamp":40006506656600,"circlet_count":0,"master_deck":["Strike_B","Strike_B+1","Strike_B","Strike_B","Defend_B","Defend_B","Defend_B+1","Defend_B","Zap+1","Sweeping Beam","Gash","Gash","Tempest","Ball Lightning","Regret","Storm","Sweeping Beam","Skim","Creative AI","Coolheaded","Capacitor+1","Capacitor","Barrage","FTL"],"relics":["Cracked Core","TheAbacus","Incense Burner","Anchor","Blood Vial","Bottled Lightning","Bag of Preparation","Black Star","WingedGreaves","Chemical X","Nloth\u0027s Gift"],"potions_floor_usage":[16,19,19,19],"damage_taken":[{"damage":11,"enemies":"Jaw Worm","floor":1,"turns":3},{"damage":1,"enemies":"Lagavulin","floor":6,"turns":6},{"damage":1,"enemies":"Cultist","floor":7,"turns":3},{"damage":0,"enemies":"Small Slimes","floor":10,"turns":2},{"damage":0,"enemies":"3 Louse","floor":11,"turns":2},{"damage":24,"enemies":"3 Sentries","floor":14,"turns":4},{"damage":20,"enemies":"Slime Boss","floor":16,"turns":8},{"damage":3,"enemies":"Chosen","floor":18,"turns":4},{"damage":14,"enemies":"Colosseum Slavers","floor":19,"turns":4},{"damage":27,"enemies":"Colosseum Nobs","floor":19,"turns":5},{"damage":36,"enemies":"2 Thieves","floor":22,"turns":4},{"damage":26,"enemies":"Slavers","floor":24,"turns":2}],"seed_played":"-8166919101123793552","potions_obtained":[{"floor":7,"key":"Fire Potion"},{"floor":14,"key":"EssenceOfSteel"},{"floor":16,"key":"LiquidBronze"},{"floor":18,"key":"Energy Potion"}],"is_trial":false,"path_per_floor":["M","?","$","T","?","E","M","?","T","M","M","?","$","E","R","B",null,"M","?","$","?","M","R","E"],"character_chosen":"DEFECT","items_purchased":["TheAbacus","Storm","Bottled Lightning","Sweeping Beam","Chemical X","Capacitor","Barrage"],"campfire_rested":2,"item_purchase_floors":[3,13,13,13,20,20,20],"current_hp_per_floor":[64,64,64,64,49,48,47,47,47,49,51,51,51,29,51,33,75,72,35,35,35,1,23,0],"gold":24,"neow_bonus":"UPGRADE_CARD","is_prod":false,"is_daily":false,"chose_seed":false,"campfire_upgraded":0,"win_rate":0,"timestamp":1550422596,"path_taken":["M","?","$","?","?","E","M","?","T","?","M","?","?","E","R","BOSS","M","?","$","?","?","R","E"],"build_version":"2019-01-23","purchased_purges":0,"victory":false,"max_hp_per_floor":[75,75,75,75,75,75,75,75,75,75,75,75,75,75,75,75,75,75,75,75,75,75,75,75],"card_choices":[{"not_picked":["Rebound","Compile Driver"],"picked":"Sweeping Beam","floor":1},{"not_picked":["Beam Cell","Conserve Battery"],"picked":"Gash","floor":6},{"not_picked":["Turbo","Hologram"],"picked":"Gash","floor":7},{"not_picked":["Compile Driver","Conserve Battery"],"picked":"Tempest","floor":10},{"not_picked":["Loop","Capacitor"],"picked":"Ball Lightning","floor":11},{"not_picked":["Double Energy","Seek"],"picked":"Skim","floor":14},{"not_picked":["Seek","Amplify"],"picked":"Creative AI","floor":16},{"not_picked":["BootSequence","Redo"],"picked":"Coolheaded","floor":18},{"not_picked":["Coolheaded","Turbo"],"picked":"Capacitor+1","floor":19},{"not_picked":["Rebound","Undo"],"picked":"FTL","floor":22}],"player_experience":124511,"relics_obtained":[{"floor":4,"key":"Incense Burner"},{"floor":6,"key":"Anchor"},{"floor":9,"key":"Blood Vial"},{"floor":14,"key":"Bag of Preparation"},{"floor":19,"key":"WingedGreaves"},{"floor":19,"key":"Darkstone Periapt"}],"event_choices":[{"damage_healed":0,"gold_gain":100,"player_choice":"Gold","damage_taken":0,"max_hp_gain":0,"max_hp_loss":0,"event_name":"Wheel of Change","floor":2,"gold_loss":0},{"damage_healed":0,"gold_gain":0,"player_choice":"Entered Light","damage_taken":15,"max_hp_gain":0,"max_hp_loss":0,"event_name":"Shining Light","floor":5,"gold_loss":0,"cards_upgraded":["Defend_B","Strike_B"]},{"cards_removed":["Dualcast"],"damage_healed":0,"gold_gain":0,"player_choice":"Offered Basic","damage_taken":0,"max_hp_gain":0,"max_hp_loss":0,"event_name":"Bonfire Elementals","floor":8,"gold_loss":0},{"damage_healed":0,"gold_gain":275,"player_choice":"Desecrate","damage_taken":0,"max_hp_gain":0,"max_hp_loss":0,"event_name":"Golden Shrine","floor":12,"gold_loss":0,"cards_obtained":["Regret"]},{"damage_healed":0,"gold_gain":0,"player_choice":"Fight","damage_taken":0,"max_hp_gain":0,"max_hp_loss":0,"event_name":"Colosseum","floor":19,"gold_loss":0},{"damage_healed":0,"gold_gain":0,"player_choice":"Fought Nobs","damage_taken":0,"max_hp_gain":0,"max_hp_loss":0,"event_name":"Colosseum","floor":19,"gold_loss":0},{"damage_healed":0,"gold_gain":0,"player_choice":"Traded Relic","damage_taken":0,"relics_obtained":["Nloth\u0027s Gift"],"max_hp_gain":0,"max_hp_loss":0,"event_name":"N\u0027loth","floor":21,"relics_lost":["Darkstone Periapt"],"gold_loss":0}],"is_beta":false,"boss_relics":[{"not_picked":["Philosopher\u0027s Stone","Coffee Dripper"],"picked":"Black Star"}],"items_purged_floors":[],"is_endless":false,"potions_floor_spawned":[7,14,16,18,19],"killed_by":"Slavers","ascension_level":1}