{"gold_per_floor":[118,193,193,204,204,232,246,280,280,32,42,42,42,57,57,154,154,166,181,181,181,181,215,215,231,256,256,23,42,74,88,88,88],"floor_reached":33,"playtime":1268,"items_purged":[],"score":409,"play_id":"6cb98f55-38bd-4ca9-9c71-c65aeed7bc1b","local_time":"20181202214445","is_ascension_mode":true,"campfire_choices":[{"data":"Deflect","floor":12,"key":"SMITH"},{"data":"Deflect","floor":15,"key":"SMITH"},{"data":"Blade Dance","floor":24,"key":"SMITH"},{"data":"Ghostly","floor":27,"key":"SMITH"},{"data":"Ghostly","floor":32,"key":"SMITH"}],"neow_cost":"NONE","seed_source_timestamp":89232104130073,"circlet_count":0,"master_deck":["Defend_G","Defend_G","Defend_G","Defend_G","Defend_G","Strike_G","Strike_G","Survivor","Neutralize","Poisoned Stab","Deflect+1","Sucker Punch","Dagger Spray","Deflect+1","Backflip","Sucker Punch+1","Envenom","Bouncing Flask","Ghostly+1","Ghostly+1","Ghostly","Ghostly","Ghostly","Blade Dance+1","Predator+1","Bullet Time","Noxious Fumes","Leg Sweep","Cloak And Dagger","Noxious Fumes","Blade Dance"],"relics":["Ring of the Snake","NeowsBlessing","Mango","Boot","Bronze Scales","Molten Egg 2","Ninja Scroll","WristBlade","Centennial Puzzle","Bag of Preparation","Strange Spoon","Nunchaku"],"potions_floor_usage":[8,33,33,33],"damage_taken":[{"damage":0,"enemies":"2 Louse","floor":1,"turns":1},{"damage":0,"enemies":"Cultist","floor":4,"turns":1},{"damage":0,"enemies":"3 Sentries","floor":6,"turns":1},{"damage":0,"enemies":"Jaw Worm","floor":7,"turns":4},{"damage":20,"enemies":"Lagavulin","floor":8,"turns":7},{"damage":0,"enemies":"Exordium Wildlife","floor":11,"turns":3},{"damage":5,"enemies":"Large Slime","floor":14,"turns":4},{"damage":39,"enemies":"Hexaghost","floor":16,"turns":13},{"damage":17,"enemies":"Spheric Guardian","floor":18,"turns":4},{"damage":5,"enemies":"Shell Parasite","floor":19,"turns":7},{"damage":2,"enemies":"Slavers","floor":23,"turns":6},{"damage":3,"enemies":"Centurion and Healer","floor":25,"turns":6},{"damage":0,"enemies":"Snake Plant","floor":29,"turns":4},{"damage":1,"enemies":"Book of Stabbing","floor":30,"turns":6},{"damage":3,"enemies":"3 Cultists","floor":31,"turns":5},{"damage":63,"enemies":"Champ","floor":33,"turns":10}],"seed_played":"-8273505433996126153","potions_obtained":[{"floor":6,"key":"GhostInAJar"},{"floor":7,"key":"Strength Potion"},{"floor":11,"key":"Regen Potion"},{"floor":14,"key":"EssenceOfSteel"},{"floor":19,"key":"GhostInAJar"}],"is_trial":false,"path_per_floor":["M","?","?","M","T","E","M","E","T","$","M","R","$","M","R","B",null,"M","M","?","?","?","E","R","M","T","R","$","M","E","M","R","B"],"character_chosen":"THE_SILENT","items_purchased":["Ninja Scroll","Strange Spoon","Leg Sweep"],"campfire_rested":0,"item_purchase_floors":[10,28,28],"current_hp_per_floor":[70,59,59,59,73,73,73,53,53,53,53,53,53,48,48,9,84,67,62,46,44,44,42,42,39,39,39,39,39,38,35,35,0],"gold":88,"neow_bonus":"THREE_ENEMY_KILL","is_prod":false,"is_daily":false,"chose_seed":false,"campfire_upgraded":5,"win_rate":0,"timestamp":1543805085,"path_taken":["M","?","?","?","?","E","M","E","T","?","M","R","?","M","R","BOSS","M","M","?","?","?","E","R","M","T","R","$","M","E","M","R","BOSS"],"build_version":"2018-11-15","purchased_purges":0,"victory":false,"max_hp_per_floor":[70,70,70,70,84,84,84,84,84,84,84,84,84,84,84,84,84,84,84,89,44,44,44,44,44,44,44,44,44,44,44,44,44],"card_choices":[{"not_picked":["Bane","Expertise"],"picked":"Poisoned Stab","floor":1},{"not_picked":["Cloak And Dagger","Masterful Stab"],"picked":"Deflect","floor":4},{"not_picked":["Heel Hook","Prepared"],"picked":"Sucker Punch","floor":6},{"not_picked":["Concentrate","Deflect"],"picked":"Dagger Spray","floor":7},{"not_picked":["Bane","Masterful Stab"],"picked":"Deflect","floor":8},{"not_picked":["Acrobatics","Tactician"],"picked":"Backflip","floor":11},{"not_picked":["Backflip","Heel Hook+1"],"picked":"Sucker Punch+1","floor":14},{"not_picked":["Storm of Steel","Wraith Form v2"],"picked":"Envenom","floor":16},{"not_picked":["Outmaneuver","Sucker Punch+1","Bane+1"],"picked":"SKIP","floor":18},{"not_picked":["Tactician","Dagger Throw+1"],"picked":"Bouncing Flask","floor":19},{"not_picked":["Catalyst+1","Dagger Spray+1"],"picked":"Bullet Time","floor":23},{"not_picked":["Outmaneuver","Backflip"],"picked":"Noxious Fumes","floor":25},{"not_picked":["Bouncing Flask","Acrobatics"],"picked":"Cloak And Dagger","floor":29},{"not_picked":["Outmaneuver","Deflect"],"picked":"Noxious Fumes","floor":30},{"not_picked":["Prepared+1","Acrobatics+1"],"picked":"Blade Dance","floor":31}],"player_experience":195487,"relics_obtained":[{"floor":5,"key":"Mango"},{"floor":6,"key":"Boot"},{"floor":8,"key":"Bronze Scales"},{"floor":9,"key":"Molten Egg 2"},{"floor":23,"key":"Centennial Puzzle"},{"floor":26,"key":"Bag of Preparation"},{"floor":30,"key":"Nunchaku"}],"event_choices":[{"damage_healed":0,"gold_gain":75,"player_choice":"Gather Gold","damage_taken":11,"max_hp_gain":0,"max_hp_loss":0,"event_name":"World of Goop","floor":2,"gold_loss":0},{"cards_removed":["Strike_G"],"damage_healed":0,"gold_gain":0,"player_choice":"Offered Basic","damage_taken":0,"max_hp_gain":0,"max_hp_loss":0,"event_name":"Bonfire Elementals","floor":3,"gold_loss":0},{"damage_healed":0,"gold_gain":0,"player_choice":"Shed Blood","damage_taken":21,"max_hp_gain":5,"max_hp_loss":0,"event_name":"Forgotten Altar","floor":20,"gold_loss":0},{"damage_healed":0,"gold_gain":0,"player_choice":"Became a Ghost","damage_taken":0,"max_hp_gain":0,"max_hp_loss":45,"event_name":"Ghosts","floor":21,"gold_loss":0,"cards_obtained":["Ghostly","Ghostly","Ghostly","Ghostly","Ghostly"]},{"damage_healed":0,"gold_gain":0,"cards_transformed":["Strike_G","Strike_G"],"player_choice":"Became Test Subject","damage_taken":0,"max_hp_gain":0,"max_hp_loss":0,"event_name":"Drug Dealer","floor":22,"gold_loss":0,"cards_obtained":["Blade Dance","Predator"]}],"is_beta":false,"boss_relics":[{"not_picked":["Tiny House","Orrery"],"picked":"WristBlade"}],"items_purged_floors":[],"is_endless":false,"potions_floor_spawned":[6,7,11,14,19,23],"killed_by":"Champ","ascension_level":4}