{"gold_per_floor":[415,425,425,141,155,155,168,17,17,17,28,62,79,105,105,205,205,216,235,150,163,5,35,35],"floor_reached":24,"playtime":1178,"items_purged":["Strike_G"],"score":316,"play_id":"b0fae602-b0e8-4b7f-858f-d8f5931619bb","local_time":"20190519202545","is_ascension_mode":true,"campfire_choices":[{"data":"Leg Sweep","floor":6,"key":"SMITH"},{"data":"Noxious Fumes","floor":15,"key":"SMITH"}],"neow_cost":"TEN_PERCENT_HP_LOSS","seed_source_timestamp":170531152890400,"circlet_count":0,"master_deck":["Survivor","Neutralize","Backflip","Dodge and Roll+1","Leg Sweep+1","Poisoned Stab","Noxious Fumes+1","Catalyst","Dash","Dagger Spray","PiercingWail","Footwork","Bullet Time","Deflect","Heel Hook","Unload","Infinite Blades","Phantasmal Killer","Bullet Time","Die Die Die","Infinite Blades","Caltrops","Outmaneuver+1","Deflect+1","Acrobatics"],"relics":["Ring of the Snake","Old Coin","Sling","The Courier","Pantograph","Meat on the Bone","Lantern","Pandora\u0027s Box","Tingsha","Membership Card","Vajra"],"potions_floor_usage":[14],"damage_taken":[{"damage":4,"enemies":"Jaw Worm","floor":1,"turns":4},{"damage":5,"enemies":"Cultist","floor":2,"turns":4},{"damage":7,"enemies":"2 Louse","floor":5,"turns":2},{"damage":9,"enemies":"2 Fungi Beasts","floor":7,"turns":8},{"damage":0,"enemies":"Looter","floor":11,"turns":5},{"damage":0,"enemies":"Lagavulin","floor":12,"turns":10},{"damage":2,"enemies":"3 Louse","floor":13,"turns":4},{"damage":5,"enemies":"3 Sentries","floor":14,"turns":7},{"damage":4,"enemies":"Hexaghost","floor":16,"turns":10},{"damage":6,"enemies":"3 Byrds","floor":18,"turns":5},{"damage":3,"enemies":"Shell Parasite","floor":19,"turns":6},{"damage":5,"enemies":"Centurion and Healer","floor":21,"turns":7},{"damage":41,"enemies":"Book of Stabbing","floor":23,"turns":6},{"damage":25,"enemies":"3 Cultists","floor":24,"turns":4}],"seed_played":"2849134683597354435","potions_obtained":[{"floor":2,"key":"Explosive Potion"},{"floor":11,"key":"EssenceOfSteel"},{"floor":14,"key":"Dexterity Potion"},{"floor":16,"key":"PowerPotion"},{"floor":18,"key":"SteroidPotion"}],"is_trial":false,"path_per_floor":["M","M","?","$","M","R","M","$","T","?","M","E","M","E","R","B",null,"M","M","?","M","$","E","M"],"character_chosen":"THE_SILENT","items_purchased":["Sling","Noxious Fumes","Catalyst","Membership Card"],"campfire_rested":0,"item_purchase_floors":[4,8,8,22],"current_hp_per_floor":[59,54,54,54,47,47,38,38,38,13,13,13,23,30,30,51,60,54,51,51,46,46,17,0],"gold":35,"neow_bonus":"ONE_RARE_RELIC","is_prod":false,"is_daily":false,"chose_seed":false,"campfire_upgraded":2,"win_rate":0,"timestamp":1558311945,"path_taken":["M","M","?","$","M","R","?","$","T","?","M","E","M","E","R","BOSS","M","M","?","M","$","E","M"],"build_version":"2019-01-23","purchased_purges":1,"victory":false,"max_hp_per_floor":[63,63,63,63,63,63,63,63,63,63,63,63,63,63,63,63,63,63,63,63,63,63,63,63],"card_choices":[{"not_picked":["Acrobatics","Underhanded Strike"],"picked":"Backflip","floor":1},{"not_picked":["Tactician","Flying Knee"],"picked":"Dodge and Roll","floor":2},{"not_picked":["Underhanded Strike","Setup"],"picked":"Leg Sweep","floor":5},{"not_picked":["Flying Knee","Dodge and Roll"],"picked":"Poisoned Stab","floor":7},{"not_picked":["Quick Slash","Prepared"],"picked":"Dash","floor":11},{"not_picked":["Slice","Phantasmal Killer"],"picked":"Dagger Spray","floor":12},{"not_picked":["Leg Sweep","Infinite Blades"],"picked":"PiercingWail","floor":13},{"not_picked":["Blade Dance","Dodge and Roll"],"picked":"Footwork","floor":14},{"not_picked":["Glass Knife","Phantasmal Killer"],"picked":"Bullet Time","floor":16},{"not_picked":["Concentrate+1","Acrobatics","Flying Knee"],"picked":"SKIP","floor":18},{"not_picked":["Tactician","Dagger Throw"],"picked":"Outmaneuver+1","floor":19},{"not_picked":["Prepared","Flying Knee"],"picked":"Deflect+1","floor":21},{"not_picked":["Outmaneuver","Concentrate+1"],"picked":"Acrobatics","floor":23}],"player_experience":234328,"relics_obtained":[{"floor":9,"key":"The Courier"},{"floor":12,"key":"Meat on the Bone"},{"floor":14,"key":"Lantern"},{"floor":23,"key":"Vajra"}],"event_choices":[{"damage_healed":0,"gold_gain":0,"player_choice":"Upgraded","damage_taken":0,"max_hp_gain":0,"max_hp_loss":0,"event_name":"Upgrade Shrine","floor":3,"gold_loss":0,"cards_upgraded":["Dodge and Roll"]},{"damage_healed":0,"gold_gain":0,"player_choice":"Success","damage_taken":25,"relics_obtained":["Pantograph"],"max_hp_gain":0,"max_hp_loss":0,"event_name":"Scrap Ooze","floor":10,"gold_loss":0},{"damage_healed":0,"gold_gain":0,"player_choice":"Obtained Relic","damage_taken":0,"relics_obtained":["Tingsha"],"max_hp_gain":0,"max_hp_loss":0,"event_name":"Addict","floor":20,"gold_loss":85}],"is_beta":false,"boss_relics":[{"not_picked":["Tiny House","Busted Crown"],"picked":"Pandora\u0027s Box"}],"items_purged_floors":[4],"is_endless":false,"potions_floor_spawned":[2,11,14,16,18,19],"killed_by":"3 Cultists","ascension_level":5}