{"gold_per_floor":[110,125,56,76,76,76,107,107,133,145,176,176,176,189,189,294,294,313,332,4,22,22,22],"floor_reached":23,"playtime":2562,"items_purged":["Strike_G"],"score":241,"play_id":"bf571798-b3db-452f-b58f-15a751a867f8","local_time":"20190509092109","is_ascension_mode":true,"campfire_choices":[{"data":"Accuracy","floor":6,"key":"SMITH"},{"data":"Neutralize","floor":8,"key":"SMITH"},{"floor":12,"key":"REST"},{"floor":15,"key":"REST"}],"neow_cost":"TEN_PERCENT_HP_LOSS","seed_source_timestamp":451243861099200,"circlet_count":0,"master_deck":["Defend_G","Defend_G","Defend_G","Defend_G","Strike_G","Strike_G","Strike_G","Survivor","Neutralize+1","Infinite Blades+1","Accuracy+1","Leg Sweep","Backflip","Accuracy","Adrenaline","Slice+1"],"relics":["Ring of the Snake","Vajra","Ice Cream","Potion Belt","WristBlade","Matryoshka","Dream Catcher","Dead Branch"],"potions_floor_usage":[4,11,23,23],"damage_taken":[{"damage":1,"enemies":"Cultist","floor":1,"turns":4},{"damage":4,"enemies":"Small Slimes","floor":2,"turns":4},{"damage":0,"enemies":"Jaw Worm","floor":4,"turns":3},{"damage":23,"enemies":"Lagavulin","floor":7,"turns":9},{"damage":2,"enemies":"Red Slaver","floor":10,"turns":4},{"damage":5,"enemies":"3 Sentries","floor":11,"turns":7},{"damage":20,"enemies":"Lots of Slimes","floor":14,"turns":6},{"damage":25,"enemies":"Hexaghost","floor":16,"turns":13},{"damage":16,"enemies":"Spheric Guardian","floor":18,"turns":4},{"damage":0,"enemies":"Shell Parasite","floor":19,"turns":6},{"damage":13,"enemies":"Snake Plant","floor":21,"turns":5},{"damage":42,"enemies":"Gremlin Leader","floor":23,"turns":5}],"seed_played":"-2527821374583888349","potions_obtained":[{"floor":1,"key":"Explosive Potion"},{"floor":2,"key":"Strength Potion"},{"floor":11,"key":"SpeedPotion"},{"floor":16,"key":"Poison Potion"},{"floor":21,"key":"Fire Potion"}],"is_trial":false,"path_per_floor":["M","M","$","M","?","R","E","R","T","M","E","R","?","M","R","B",null,"M","M","$","M","T","E"],"character_chosen":"THE_SILENT","items_purchased":["Accuracy","Matryoshka"],"campfire_rested":2,"item_purchase_floors":[3,20],"current_hp_per_floor":[62,58,58,58,58,58,35,35,35,33,28,46,46,26,44,19,63,47,47,47,34,34,0],"gold":22,"neow_bonus":"REMOVE_TWO","is_prod":false,"is_daily":false,"chose_seed":false,"campfire_upgraded":2,"win_rate":0,"timestamp":1557390069,"path_taken":["M","M","?","M","?","R","E","R","T","?","E","R","?","M","R","BOSS","M","M","$","M","?","E"],"build_version":"2019-01-23","purchased_purges":1,"victory":false,"max_hp_per_floor":[63,63,63,63,63,63,63,63,63,63,63,63,63,63,63,63,63,63,63,63,63,63,63],"card_choices":[{"not_picked":["Terror","Sucker Punch","All Out Attack"],"picked":"SKIP","floor":1},{"not_picked":["All Out Attack","PiercingWail"],"picked":"Infinite Blades","floor":2},{"not_picked":["Dodge and Roll","Acrobatics","Predator"],"picked":"SKIP","floor":4},{"not_picked":["Dagger Throw","Caltrops","Masterful Stab"],"picked":"SKIP","floor":7},{"not_picked":["Prepared","Bane"],"picked":"Leg Sweep","floor":10},{"not_picked":["Expertise","Sucker Punch"],"picked":"Backflip","floor":11},{"not_picked":["Quick Slash","Flechettes"],"picked":"Accuracy","floor":14},{"not_picked":["Storm of Steel","Envenom"],"picked":"Adrenaline","floor":16},{"not_picked":["Concentrate","Masterful Stab","Heel Hook"],"picked":"SKIP","floor":18},{"not_picked":["Dagger Spray+1","Concentrate+1"],"picked":"Slice+1","floor":19},{"not_picked":["Catalyst","Masterful Stab","Calculated Gamble"],"picked":"SKIP","floor":21}],"player_experience":673016,"relics_obtained":[{"floor":7,"key":"Vajra"},{"floor":11,"key":"Ice Cream"},{"floor":22,"key":"Dream Catcher"},{"floor":22,"key":"Dead Branch"}],"event_choices":[{"damage_healed":0,"gold_gain":0,"player_choice":"Forge","damage_taken":0,"max_hp_gain":0,"max_hp_loss":0,"event_name":"Accursed Blacksmith","floor":5,"gold_loss":0,"cards_upgraded":["Infinite Blades"]},{"damage_healed":0,"gold_gain":0,"player_choice":"Gave Potion","damage_taken":0,"relics_obtained":["Potion Belt"],"max_hp_gain":0,"max_hp_loss":0,"event_name":"WeMeetAgain","floor":13,"gold_loss":0}],"is_beta":false,"boss_relics":[{"not_picked":["Busted Crown","Orrery"],"picked":"WristBlade"}],"items_purged_floors":[20],"is_endless":false,"potions_floor_spawned":[1,2,11,16,21],"killed_by":"Gremlin Leader","ascension_level":4}