{"gold_per_floor":[109,5,73,4,4,4,39,68,156,178,224,311,323,510,522,630,642,667,679,791,64,64,64],"floor_reached":23,"playtime":1074,"items_purged":[],"score":289,"play_id":"aa0830a7-076e-48a5-a05a-f18df4a6f870","local_time":"20190221200621","is_ascension_mode":true,"campfire_choices":[{"floor":6,"key":"RECALL"},{"floor":13,"key":"REST"},{"data":"Static Discharge","floor":15,"key":"SMITH"}],"neow_cost":"NONE","seed_source_timestamp":398080183491700,"circlet_count":0,"master_deck":["Strike_B","Strike_B","Strike_B","Strike_B","Defend_B","Defend_B","Zap","Dualcast","Doom and Gloom","Sweeping Beam","Static Discharge+1","Hello World","Electrodynamics","Ball Lightning","FTL","Chaos","Doubt","Rainbow","Coolheaded+1","Defragment","Hologram","Redo"],"relics":["Cracked Core","NeowsBlessing","Ornamental Fan","WingedGreaves","Unceasing Top","MawBank","The Courier","Thread and Needle","Runic Pyramid","StoneCalendar","Bottled Tornado","Bronze Scales","Meat on the Bone","Pantograph","Juzu Bracelet","Anchor","Ginger"],"potions_floor_usage":[16,16,18,20],"damage_taken":[{"damage":0,"enemies":"Cultist","floor":1,"turns":1},{"damage":0,"enemies":"Gremlin Nob","floor":7,"turns":1},{"damage":0,"enemies":"Lagavulin","floor":8,"turns":1},{"damage":7,"enemies":"Jaw Worm","floor":10,"turns":3},{"damage":20,"enemies":"Gremlin Nob","floor":11,"turns":4},{"damage":29,"enemies":"The Guardian","floor":16,"turns":6},{"damage":11,"enemies":"2 Thieves","floor":18,"turns":3},{"damage":23,"enemies":"Colosseum Slavers","floor":20,"turns":2},{"damage":28,"enemies":"Colosseum Nobs","floor":20,"turns":4},{"damage":16,"enemies":"Gremlin Leader","floor":23,"turns":3}],"seed_played":"-383539734144162855","potions_obtained":[{"floor":1,"key":"LiquidBronze"},{"floor":8,"key":"FocusPotion"},{"floor":11,"key":"AttackPotion"},{"floor":16,"key":"Block Potion"},{"floor":18,"key":"EssenceOfSteel"}],"is_trial":false,"path_per_floor":["M","$","T","$","?","R","E","E","T","M","E","?","R","?","R","B",null,"M","?","?","$","?","E"],"character_chosen":"DEFECT","items_purchased":["Sweeping Beam","Static Discharge","Hello World","Bronze Scales","Meat on the Bone","Pantograph","Juzu Bracelet","Anchor"],"campfire_rested":1,"item_purchase_floors":[2,2,4,21,21,21,21,21],"current_hp_per_floor":[75,75,75,75,75,75,75,75,75,68,48,37,59,59,59,30,75,64,64,13,13,13,0],"gold":64,"neow_bonus":"THREE_ENEMY_KILL","is_prod":false,"is_daily":false,"chose_seed":false,"campfire_upgraded":1,"win_rate":0,"timestamp":1550779581,"path_taken":["M","$","?","?","?","R","E","E","T","?","E","?","R","?","R","BOSS","M","?","?","$","?","E"],"build_version":"2019-01-23","purchased_purges":0,"victory":false,"max_hp_per_floor":[75,75,75,75,75,75,75,75,75,75,75,75,75,75,75,75,75,75,75,75,75,75,75],"card_choices":[{"not_picked":["Glacier","Rip and Tear"],"picked":"Doom and Gloom","floor":1},{"not_picked":["Cold Snap","Rip and Tear"],"picked":"Electrodynamics","floor":7},{"not_picked":["Skim","Steam Power"],"picked":"Ball Lightning","floor":8},{"not_picked":["Go for the Eyes","Sweeping Beam"],"picked":"FTL","floor":10},{"not_picked":["Hologram","FTL"],"picked":"Chaos","floor":11},{"not_picked":["Creative AI","Buffer"],"picked":"Rainbow","floor":16},{"not_picked":["Ball Lightning","Force Field"],"picked":"Coolheaded+1","floor":18},{"not_picked":["Compile Driver","Sweeping Beam"],"picked":"Redo","floor":20}],"player_experience":208205,"relics_obtained":[{"floor":3,"key":"Ornamental Fan"},{"floor":7,"key":"Unceasing Top"},{"floor":8,"key":"MawBank"},{"floor":9,"key":"The Courier"},{"floor":11,"key":"Thread and Needle"},{"floor":20,"key":"StoneCalendar"},{"floor":20,"key":"Bottled Tornado"}],"event_choices":[{"damage_healed":0,"gold_gain":0,"player_choice":"Gave Potion","damage_taken":0,"relics_obtained":["WingedGreaves"],"max_hp_gain":0,"max_hp_loss":0,"event_name":"WeMeetAgain","floor":5,"gold_loss":0},{"damage_healed":0,"gold_gain":75,"player_choice":"Gather Gold","damage_taken":11,"max_hp_gain":0,"max_hp_loss":0,"event_name":"World of Goop","floor":12,"gold_loss":0},{"damage_healed":0,"gold_gain":175,"player_choice":"AGREE","damage_taken":0,"max_hp_gain":0,"max_hp_loss":0,"event_name":"Liars Game","floor":14,"gold_loss":0,"cards_obtained":["Doubt"]},{"damage_healed":0,"gold_gain":0,"cards_transformed":["Defend_B","Defend_B"],"player_choice":"Became Test Subject","damage_taken":0,"max_hp_gain":0,"max_hp_loss":0,"event_name":"Drug Dealer","floor":19,"gold_loss":0,"cards_obtained":["Defragment","Hologram"]},{"damage_healed":0,"gold_gain":0,"player_choice":"Fight","damage_taken":0,"max_hp_gain":0,"max_hp_loss":0,"event_name":"Colosseum","floor":20,"gold_loss":0},{"damage_healed":0,"gold_gain":0,"player_choice":"Fought Nobs","damage_taken":0,"max_hp_gain":0,"max_hp_loss":0,"event_name":"Colosseum","floor":20,"gold_loss":0},{"damage_healed":0,"gold_gain":0,"player_choice":"Opened","damage_taken":0,"relics_obtained":["Ginger"],"max_hp_gain":0,"max_hp_loss":0,"event_name":"The Mausoleum","floor":22,"gold_loss":0}],"is_beta":false,"boss_relics":[{"not_picked":["Coffee Dripper","Snecko Eye"],"picked":"Runic Pyramid"}],"items_purged_floors":[],"is_endless":false,"potions_floor_spawned":[1,8,11,16,18],"killed_by":"Gremlin Leader","ascension_level":3}