{"gold_per_floor":[109,109,109,34,34,75,75,96,96,121,156,156,106,149,149,275,275,294,294,314,334,35,35,35],"floor_reached":24,"playtime":516,"items_purged":["Strike_R","Defend_R"],"score":286,"play_id":"984b985a-c417-4b20-98ed-c2848c573286","local_time":"20181028195143","is_ascension_mode":true,"campfire_choices":[{"data":"Cleave","floor":7,"key":"SMITH"},{"data":"Inflame","floor":15,"key":"SMITH"},{"data":"Whirlwind","floor":23,"key":"SMITH"}],"neow_cost":"NONE","seed_source_timestamp":1588088702753591,"circlet_count":0,"master_deck":["Defend_R","Defend_R","Defend_R","Bash","Cleave+1","Inflame+1","Demon Form+1","Pummel","Berserk","Iron Wave+1","Bite","Bite","Bite","Bite","Bite","Whirlwind+1","Shrug It Off"],"relics":["Black Blood","NeowsBlessing","Golden Idol","Boot","Bottled Lightning","Paper Frog","Pear","Bronze Scales","Vajra"],"potions_floor_usage":[11,14,16],"damage_taken":[{"damage":0,"enemies":"2 Louse","floor":1,"turns":1},{"damage":0,"enemies":"3 Sentries","floor":6,"turns":2},{"damage":0,"enemies":"Jaw Worm","floor":8,"turns":1},{"damage":1,"enemies":"Cultist","floor":10,"turns":3},{"damage":6,"enemies":"Gremlin Nob","floor":11,"turns":3},{"damage":27,"enemies":"3 Sentries","floor":14,"turns":5},{"damage":46,"enemies":"Hexaghost","floor":16,"turns":7},{"damage":30,"enemies":"Spheric Guardian","floor":18,"turns":4},{"damage":21,"enemies":"Chosen","floor":20,"turns":5},{"damage":32,"enemies":"Centurion and Healer","floor":21,"turns":4},{"damage":55,"enemies":"Snake Plant","floor":24,"turns":3}],"seed_played":"4054677912128688131","potions_obtained":[{"floor":6,"key":"Ancient Potion"},{"floor":8,"key":"SkillPotion"},{"floor":10,"key":"Regen Potion"},{"floor":11,"key":"FearPotion"},{"floor":21,"key":"GamblersBrew"}],"is_trial":false,"path_per_floor":["M","$","?","$","?","E","R","M","T","M","E","?","?","E","R","B",null,"M","?","M","M","$","R"],"character_chosen":"IRONCLAD","items_purchased":["Vajra","Shrug It Off"],"campfire_rested":0,"item_purchase_floors":[22,22],"current_hp_per_floor":[80,80,60,60,60,66,66,72,72,77,87,87,87,75,75,35,90,70,63,60,46,46,46,0],"gold":35,"neow_bonus":"THREE_ENEMY_KILL","is_prod":false,"is_daily":false,"chose_seed":false,"campfire_upgraded":3,"win_rate":0,"timestamp":1540770703,"path_taken":["M","$","?","$","?","E","R","M","T","M","E","?","?","E","R","BOSS","M","?","?","M","$","R","M"],"build_version":"2018-10-25v2","purchased_purges":2,"victory":false,"max_hp_per_floor":[80,80,80,80,80,80,80,80,80,80,90,90,90,90,90,90,90,90,63,63,63,63,63,63],"card_choices":[{"not_picked":["Clothesline","Headbutt"],"picked":"Pommel Strike","floor":1},{"not_picked":["Shockwave","Sword Boomerang"],"picked":"Cleave","floor":6},{"not_picked":["Clothesline","Combust","Warcry"],"picked":"SKIP","floor":8},{"not_picked":["Shrug It Off","Havoc"],"picked":"Inflame","floor":10},{"not_picked":["Sword Boomerang","Whirlwind"],"picked":"Demon Form","floor":11},{"not_picked":["Warcry","Fire Breathing"],"picked":"Pummel","floor":14},{"not_picked":["Impervious","Dark Embrace"],"picked":"Berserk","floor":16},{"not_picked":["Flex+1","Anger"],"picked":"Iron Wave+1","floor":18},{"not_picked":["Warcry+1","Anger"],"picked":"Whirlwind","floor":20},{"not_picked":["Cleave","Armaments","Havoc+1"],"picked":"SKIP","floor":21}],"player_experience":119101,"relics_obtained":[{"floor":6,"key":"Bottled Lightning"},{"floor":9,"key":"Paper Frog"},{"floor":11,"key":"Pear"},{"floor":14,"key":"Bronze Scales"}],"event_choices":[{"damage_healed":0,"gold_gain":0,"player_choice":"Take Damage","damage_taken":20,"relics_obtained":["Golden Idol"],"max_hp_gain":0,"max_hp_loss":0,"event_name":"Golden Idol","floor":3,"gold_loss":0},{"cards_removed":["Pommel Strike"],"damage_healed":0,"gold_gain":0,"player_choice":"Gave Card","damage_taken":0,"relics_obtained":["Boot"],"max_hp_gain":0,"max_hp_loss":0,"event_name":"WeMeetAgain","floor":5,"gold_loss":0},{"damage_healed":0,"gold_gain":0,"player_choice":"Grow","damage_taken":0,"max_hp_gain":0,"max_hp_loss":0,"event_name":"Living Wall","floor":12,"gold_loss":0,"cards_upgraded":["Demon Form"]},{"cards_removed":["Strike_R"],"damage_healed":0,"gold_gain":0,"player_choice":"Card Removal","damage_taken":0,"max_hp_gain":0,"max_hp_loss":0,"event_name":"The Cleric","floor":13,"gold_loss":50},{"damage_healed":0,"gold_gain":0,"player_choice":"Became a vampire","damage_taken":0,"max_hp_gain":0,"max_hp_loss":27,"event_name":"Vampires","floor":19,"gold_loss":0,"cards_obtained":["Bite","Bite","Bite","Bite","Bite"]}],"is_beta":false,"boss_relics":[{"not_picked":["Philosopher\u0027s Stone","Pandora\u0027s Box"],"picked":"Black Blood"}],"items_purged_floors":[4,22],"is_endless":false,"potions_floor_spawned":[6,8,10,11,21],"killed_by":"Snake Plant","ascension_level":2}