{"gold_per_floor":[114,68,83,98,98,128,128,158,158,158,188,203,233,248,248,348,348,363,378,378,104,379,409,409,424,424,439,454,454,454,484,496,608,620,647,659,671,698,725,737],"floor_reached":40,"playtime":4851,"items_purged":[],"score":481,"play_id":"1c9e5723-8071-4422-932d-21a01c72e3e0","local_time":"20190308092527","daily_mods":["SealedDeck","Time Dilation","Binary"],"is_ascension_mode":false,"campfire_choices":[{"data":"Juggernaut","floor":10,"key":"SMITH"},{"floor":15,"key":"REST"},{"data":"Seeing Red","floor":24,"key":"SMITH"},{"floor":30,"key":"REST"},{"floor":32,"key":"REST"}],"neow_cost":"","seed_source_timestamp":0,"circlet_count":0,"master_deck":["Twin Strike","Armaments","Infernal Blade","Rampage","Cleave","Shrug It Off","Infernal Blade","Metallicize","Cleave","Armaments","Wild Strike","Thunderclap","Havoc","Juggernaut+1","Impervious","Iron Wave","Fire Breathing+1","Infernal Blade","Seeing Red+1","Hemokinesis","Fiend Fire","Flex+1","Havoc","Combust+1","Regret","PiercingWail","Corruption+1","Good Instincts","Pommel Strike","J.A.X.","Twin Strike+1","Bludgeon","Writhe","Doubt","Clumsy","Hemokinesis","The Bomb","Magnetism+1","Finesse","Madness","Madness","Twin Strike+1","Cloak And Dagger+1"],"special_seed":17963,"relics":["Burning Blood","Bronze Scales","Potion Belt","PreservedInsect","Frozen Egg 2","Lantern","Self Forming Clay","White Beast Statue","PrismaticShard","Peace Pipe","Turnip","MawBank","Calling Bell","Omamori","Mummified Hand","Thread and Needle"],"potions_floor_usage":[6,11,12,13,16,25,25,27,27,28,28,38,38,38,39,40],"damage_taken":[{"damage":0,"enemies":"Cultist","floor":1,"turns":2},{"damage":0,"enemies":"Small Slimes","floor":3,"turns":3},{"damage":3,"enemies":"2 Louse","floor":4,"turns":2},{"damage":14,"enemies":"Gremlin Nob","floor":6,"turns":4},{"damage":15,"enemies":"3 Sentries","floor":8,"turns":4},{"damage":20,"enemies":"Lagavulin","floor":11,"turns":4},{"damage":0,"enemies":"Exordium Thugs","floor":12,"turns":4},{"damage":9,"enemies":"3 Sentries","floor":13,"turns":2},{"damage":0,"enemies":"Blue Slaver","floor":14,"turns":2},{"damage":24,"enemies":"The Guardian","floor":16,"turns":6},{"damage":8,"enemies":"Shell Parasite","floor":18,"turns":4},{"damage":6,"enemies":"3 Byrds","floor":19,"turns":3},{"damage":11,"enemies":"Gremlin Leader","floor":23,"turns":4},{"damage":11,"enemies":"Cultist and Chosen","floor":25,"turns":3},{"damage":41,"enemies":"Shelled Parasite and Fungi","floor":27,"turns":3},{"damage":7,"enemies":"Centurion and Healer","floor":28,"turns":4},{"damage":26,"enemies":"Book of Stabbing","floor":31,"turns":4},{"damage":43,"enemies":"Champ","floor":33,"turns":9},{"damage":14,"enemies":"3 Shapes","floor":35,"turns":2},{"damage":22,"enemies":"3 Darklings","floor":38,"turns":5},{"damage":21,"enemies":"Transient","floor":39,"turns":5},{"damage":53,"enemies":"Nemesis","floor":40,"turns":5}],"seed_played":"-4512309854435901200","potions_obtained":[{"floor":1,"key":"EssenceOfSteel"},{"floor":4,"key":"Swift Potion"},{"floor":8,"key":"Strength Potion"},{"floor":12,"key":"Ancient Potion"},{"floor":13,"key":"SpeedPotion"},{"floor":16,"key":"PowerPotion"},{"floor":18,"key":"Regen Potion"},{"floor":19,"key":"Fire Potion"},{"floor":23,"key":"Fruit Juice"},{"floor":25,"key":"Swift Potion"},{"floor":27,"key":"Explosive Potion"},{"floor":28,"key":"SteroidPotion"},{"floor":31,"key":"Dexterity Potion"},{"floor":33,"key":"GamblersBrew"},{"floor":35,"key":"Ancient Potion"},{"floor":38,"key":"Regen Potion"},{"floor":39,"key":"SkillPotion"}],"is_trial":false,"path_per_floor":["M","$","M","M","?","E","?","E","T","R","E","M","E","M","R","B",null,"M","M","?","$","?","E","R","M","T","M","M","?","R","E","R","B",null,"M","?","?","M","M","E"],"character_chosen":"IRONCLAD","items_purchased":["Wild Strike","PrismaticShard","Combust+1"],"campfire_rested":3,"item_purchase_floors":[2,21,21],"current_hp_per_floor":[80,80,80,80,68,60,60,51,51,51,37,43,40,46,70,52,80,78,78,78,78,78,73,73,73,73,50,49,49,74,54,79,42,85,77,67,56,40,40,0],"gold":737,"neow_bonus":"","is_prod":false,"is_daily":true,"chose_seed":false,"campfire_upgraded":2,"win_rate":0,"timestamp":1552037127,"path_taken":["M","?","?","M","?","E","?","E","T","R","E","?","E","M","R","BOSS","M","M","?","$","?","E","R","M","T","?","?","?","R","E","R","BOSS","M","?","?","M","M","E"],"build_version":"2019-01-23","purchased_purges":0,"victory":false,"max_hp_per_floor":[80,80,80,80,80,80,80,80,80,80,80,80,80,80,80,80,80,80,80,80,80,80,80,80,85,85,85,85,85,85,85,85,85,85,85,85,85,85,85,85],"card_choices":[{"not_picked":["Evolve"],"picked":"Heavy Blade","floor":1},{"not_picked":["Heavy Blade"],"picked":"Thunderclap","floor":3},{"not_picked":["Perfected Strike"],"picked":"Havoc","floor":4},{"not_picked":["Sword Boomerang"],"picked":"Juggernaut","floor":6},{"not_picked":["Twin Strike"],"picked":"Iron Wave","floor":8},{"not_picked":["Iron Wave"],"picked":"Fire Breathing+1","floor":11},{"not_picked":["Wild Strike"],"picked":"Infernal Blade","floor":12},{"not_picked":["Thunderclap"],"picked":"Seeing Red","floor":13},{"not_picked":["Entrench"],"picked":"Hemokinesis","floor":14},{"not_picked":["Limit Break"],"picked":"Fiend Fire","floor":16},{"not_picked":["Thunderclap"],"picked":"Flex+1","floor":18},{"not_picked":["Perfected Strike+1"],"picked":"Havoc","floor":19},{"not_picked":["Headbutt"],"picked":"PiercingWail","floor":23},{"not_picked":["Prepared"],"picked":"Corruption+1","floor":25},{"not_picked":["Uppercut"],"picked":"Good Instincts","floor":27},{"not_picked":["Good Instincts"],"picked":"Pommel Strike","floor":28},{"not_picked":["Juggernaut+1"],"picked":"Twin Strike+1","floor":31},{"not_picked":["Secret Technique"],"picked":"Bludgeon","floor":33},{"not_picked":["Deflect+1"],"picked":"Hemokinesis","floor":35},{"not_picked":["Secret Weapon"],"picked":"The Bomb","floor":36},{"not_picked":["Transmutation"],"picked":"Magnetism+1","floor":36},{"not_picked":["Good Instincts"],"picked":"Finesse","floor":36},{"not_picked":["Havoc"],"picked":"Twin Strike+1","floor":38},{"not_picked":["Sword Boomerang"],"picked":"Cloak And Dagger+1","floor":39}],"player_experience":262487,"relics_obtained":[{"floor":6,"key":"Potion Belt"},{"floor":8,"key":"PreservedInsect"},{"floor":9,"key":"Frozen Egg 2"},{"floor":11,"key":"Lantern"},{"floor":13,"key":"Self Forming Clay"},{"floor":23,"key":"Peace Pipe"},{"floor":26,"key":"Turnip"},{"floor":31,"key":"MawBank"},{"floor":34,"key":"Omamori"},{"floor":34,"key":"Mummified Hand"},{"floor":34,"key":"Thread and Needle"}],"event_choices":[{"damage_healed":0,"gold_gain":0,"player_choice":"Success","damage_taken":12,"relics_obtained":["Bronze Scales"],"max_hp_gain":0,"max_hp_loss":0,"event_name":"Scrap Ooze","floor":5,"gold_loss":0},{"damage_healed":0,"gold_gain":0,"cards_transformed":["Heavy Blade"],"player_choice":"Transformed","damage_taken":0,"max_hp_gain":0,"max_hp_loss":0,"event_name":"Transmorgrifier","floor":7,"gold_loss":0,"cards_obtained":["Impervious"]},{"damage_healed":0,"gold_gain":0,"player_choice":"Ignored","damage_taken":0,"max_hp_gain":0,"max_hp_loss":0,"event_name":"Beggar","floor":20,"gold_loss":0},{"damage_healed":0,"gold_gain":275,"player_choice":"Desecrate","damage_taken":0,"max_hp_gain":0,"max_hp_loss":0,"event_name":"Golden Shrine","floor":22,"gold_loss":0,"cards_obtained":["Regret"]},{"damage_healed":0,"gold_gain":0,"player_choice":"Obtain J.A.X.","damage_taken":0,"max_hp_gain":0,"max_hp_loss":0,"event_name":"Drug Dealer","floor":29,"gold_loss":0,"cards_obtained":["J.A.X."]},{"damage_healed":0,"gold_gain":0,"player_choice":"Memory 3","damage_taken":10,"max_hp_gain":0,"max_hp_loss":0,"event_name":"SensoryStone","floor":36,"gold_loss":0},{"damage_healed":0,"gold_gain":0,"player_choice":"Embrace Madness","damage_taken":11,"max_hp_gain":0,"max_hp_loss":0,"event_name":"Winding Halls","floor":37,"gold_loss":0,"cards_obtained":["Madness","Madness"]}],"is_beta":false,"boss_relics":[{"not_picked":["Runic Dome","Busted Crown"],"picked":"White Beast Statue"},{"not_picked":["Orrery","Sozu"],"picked":"Calling Bell"}],"items_purged_floors":[],"is_endless":false,"potions_floor_spawned":[1,4,8,12,13,16,18,19,23,25,27,28,31,33,35,38,39],"killed_by":"Nemesis","ascension_level":0}