{"gold_per_floor":[112,112,32,49,61,61,93,93,93,93,126,143,170,189,189,288,288,299,318,318,243,256,256,196,214,237,237,265,282,312,312,312,412,412,430,430,430,446,161,161,192,209,209,219,229,260,36,50,50,50],"floor_reached":51,"playtime":2540,"items_purged":["Strike_B"],"score":934,"play_id":"f9d66b21-9100-4589-bd8f-758d0038eefe","local_time":"20181129182817","is_ascension_mode":true,"campfire_choices":[{"data":"Glacier","floor":6,"key":"SMITH"},{"data":"Gash","floor":8,"key":"SMITH"},{"data":"Gash","floor":15,"key":"SMITH"},{"data":"Gash","floor":23,"key":"SMITH"},{"data":"Conserve Battery","floor":27,"key":"SMITH"},{"data":"Thunder Strike","floor":32,"key":"SMITH"},{"floor":40,"key":"REST"},{"floor":49,"key":"REST"}],"neow_cost":"NONE","seed_source_timestamp":278339651047003,"circlet_count":0,"master_deck":["Defend_B","Defend_B","Defend_B","Defend_B","Zap+1","Dualcast","Gash+1","Glacier+1","Gash+1","Stack","Coolheaded","FTL","Defragment+1","Cold Snap","Echo Form+1","Gash+1","Capacitor+1","Thunder Strike+1","Electrodynamics+1","Conserve Battery+1","Go for the Eyes","Loop+1","Seek","Gash","Madness","Madness","White Noise","Defragment+1","Defragment+1","Double Energy+1","Redo+1","Loop+1","Streamline+1","Self Repair+1"],"relics":["Cracked Core","Frozen Egg 2","Bottled Lightning","Thread and Needle","Meat on the Bone","Orichalcum","Sozu","Nilry\u0027s Codex","Bronze Scales","Darkstone Periapt","Tiny Chest","Pantograph","Fusion Hammer","DollysMirror","Oddly Smooth Stone","Kunai","Ornamental Fan","Dream Catcher"],"potions_floor_usage":[50],"damage_taken":[{"damage":0,"enemies":"2 Louse","floor":1,"turns":2},{"damage":0,"enemies":"Cultist","floor":4,"turns":4},{"damage":1,"enemies":"Small Slimes","floor":5,"turns":3},{"damage":1,"enemies":"3 Sentries","floor":7,"turns":8},{"damage":3,"enemies":"Lagavulin","floor":11,"turns":7},{"damage":3,"enemies":"Blue Slaver","floor":12,"turns":3},{"damage":0,"enemies":"3 Sentries","floor":13,"turns":7},{"damage":0,"enemies":"Large Slime","floor":14,"turns":7},{"damage":11,"enemies":"Hexaghost","floor":16,"turns":11},{"damage":9,"enemies":"3 Byrds","floor":18,"turns":6},{"damage":8,"enemies":"Spheric Guardian","floor":19,"turns":4},{"damage":0,"enemies":"Centurion and Healer","floor":22,"turns":7},{"damage":0,"enemies":"3 Cultists","floor":25,"turns":4},{"damage":3,"enemies":"Gremlin Leader","floor":28,"turns":5},{"damage":4,"enemies":"Snecko","floor":29,"turns":4},{"damage":12,"enemies":"Automaton","floor":33,"turns":6},{"damage":4,"enemies":"Orb Walker","floor":35,"turns":3},{"damage":15,"enemies":"3 Darklings","floor":38,"turns":4},{"damage":13,"enemies":"Reptomancer","floor":41,"turns":7},{"damage":0,"enemies":"Maw","floor":42,"turns":7},{"damage":0,"enemies":"4 Shapes","floor":44,"turns":3},{"damage":30,"enemies":"Writhing Mass","floor":45,"turns":6},{"damage":0,"enemies":"Giant Head","floor":46,"turns":8},{"damage":28,"enemies":"Jaw Worm Horde","floor":48,"turns":4},{"damage":32,"enemies":"Awakened One","floor":50,"turns":14}],"seed_played":"-315136365178406586","potions_obtained":[{"floor":4,"key":"Explosive Potion"},{"floor":5,"key":"SpeedPotion"},{"floor":11,"key":"GamblersBrew"}],"is_trial":false,"path_per_floor":["M","?","$","M","M","R","E","R","T","?","E","M","E","M","R","B",null,"M","M","?","?","M","R","?","M","T","R","E","M","?","T","R","B",null,"M","?","?","M","$","R","E","M","T","M","M","E","$","M","R","B",null],"character_chosen":"DEFECT","items_purchased":["Glacier","DollysMirror","Loop+1","Dream Catcher"],"campfire_rested":2,"item_purchase_floors":[3,39,47,47],"current_hp_per_floor":[82,82,82,82,81,81,80,80,80,55,52,49,49,49,49,50,82,73,65,49,49,49,49,49,49,49,49,46,42,42,42,42,55,82,78,68,68,53,53,77,64,64,64,64,46,46,46,30,54,57],"gold":50,"neow_bonus":"TEN_PERCENT_HP_BONUS","is_prod":false,"is_daily":false,"chose_seed":false,"campfire_upgraded":6,"win_rate":0,"timestamp":1543534097,"path_taken":["M","?","$","?","M","R","E","R","T","?","E","M","E","M","R","BOSS","M","M","?","?","M","R","?","?","T","R","E","M","?","?","R","BOSS","M","?","?","?","$","R","E","M","T","M","M","E","$","M","R","BOSS"],"build_version":"2018-11-15","purchased_purges":1,"victory":true,"max_hp_per_floor":[82,82,82,82,82,82,82,82,82,82,82,82,82,82,82,82,82,82,82,82,82,82,82,82,82,82,82,82,82,82,82,82,82,82,82,82,82,82,82,82,82,82,82,82,82,82,82,82,82,82],"card_choices":[{"not_picked":["Barrage","Rebound"],"picked":"Gash","floor":1},{"not_picked":["Fusion","Sweeping Beam"],"picked":"Gash","floor":4},{"not_picked":["Consume","Fusion"],"picked":"Stack","floor":5},{"not_picked":["Hologram","FTL"],"picked":"Coolheaded","floor":7},{"not_picked":["Auto Shields","Rebound"],"picked":"FTL","floor":11},{"not_picked":["Rebound","Static Discharge+1"],"picked":"Defragment+1","floor":12},{"not_picked":["Stack","Sweeping Beam"],"picked":"Cold Snap","floor":13},{"not_picked":["Hello World+1","Hologram","Sweeping Beam"],"picked":"SKIP","floor":14},{"not_picked":["Seek","Meteor Strike"],"picked":"Echo Form+1","floor":16},{"not_picked":["Turbo","Sunder"],"picked":"Gash","floor":18},{"not_picked":["Redo","Stack","Rip and Tear"],"picked":"SKIP","floor":19},{"not_picked":["Go for the Eyes","Beam Cell"],"picked":"Capacitor+1","floor":22},{"not_picked":["Coolheaded","Darkness"],"picked":"Conserve Battery","floor":25},{"not_picked":["Aggregate","Ball Lightning+1"],"picked":"Go for the Eyes","floor":28},{"not_picked":["Doom and Gloom","Darkness"],"picked":"Loop+1","floor":29},{"not_picked":["Meteor Strike","Rainbow"],"picked":"Seek","floor":33},{"not_picked":["Turbo+1","Stack"],"picked":"Gash","floor":35},{"not_picked":["Sweeping Beam","Reprogram+1"],"picked":"White Noise","floor":38},{"not_picked":["Double Energy+1","Redo"],"picked":"Defragment+1","floor":41},{"not_picked":["Coolheaded+1","Hologram+1"],"picked":"Double Energy+1","floor":42},{"not_picked":["Storm+1","Coolheaded","Doom and Gloom+1"],"picked":"SKIP","floor":44},{"not_picked":["Echo Form+1","Reprogram"],"picked":"Redo+1","floor":45},{"not_picked":["Coolheaded+1","Reinforced Body","Hologram"],"picked":"SKIP","floor":46},{"not_picked":["Hello World+1","Heatsinks+1"],"picked":"Streamline+1","floor":48},{"not_picked":["Skim","Undo"],"picked":"Self Repair+1","floor":49}],"player_experience":184902,"relics_obtained":[{"floor":7,"key":"Frozen Egg 2"},{"floor":9,"key":"Bottled Lightning"},{"floor":11,"key":"Meat on the Bone"},{"floor":13,"key":"Orichalcum"},{"floor":20,"key":"Nilry\u0027s Codex"},{"floor":26,"key":"Bronze Scales"},{"floor":28,"key":"Darkstone Periapt"},{"floor":31,"key":"Pantograph"},{"floor":41,"key":"Oddly Smooth Stone"},{"floor":43,"key":"Kunai"},{"floor":46,"key":"Ornamental Fan"}],"event_choices":[{"damage_healed":0,"gold_gain":0,"player_choice":"Forge","damage_taken":0,"max_hp_gain":0,"max_hp_loss":0,"event_name":"Accursed Blacksmith","floor":2,"gold_loss":0,"cards_upgraded":["Zap"]},{"damage_healed":0,"gold_gain":0,"player_choice":"Success","damage_taken":25,"relics_obtained":["Thread and Needle"],"max_hp_gain":0,"max_hp_loss":0,"event_name":"Scrap Ooze","floor":10,"gold_loss":0},{"damage_healed":0,"gold_gain":0,"player_choice":"Obtained Book","damage_taken":16,"max_hp_gain":0,"max_hp_loss":0,"event_name":"Cursed Tome","floor":20,"gold_loss":0},{"cards_removed":["Strike_B"],"damage_healed":0,"gold_gain":0,"player_choice":"Gave Gold","damage_taken":0,"max_hp_gain":0,"max_hp_loss":0,"event_name":"Beggar","floor":21,"gold_loss":75},{"damage_healed":0,"gold_gain":0,"cards_transformed":["Strike_B","Strike_B"],"player_choice":"Transformed Cards","damage_taken":0,"max_hp_gain":0,"max_hp_loss":0,"event_name":"Designer","floor":24,"gold_loss":60,"cards_obtained":["Thunder Strike","Electrodynamics"]},{"damage_healed":0,"gold_gain":0,"player_choice":"Opened","damage_taken":0,"relics_obtained":["Tiny Chest"],"max_hp_gain":0,"max_hp_loss":0,"event_name":"The Mausoleum","floor":30,"gold_loss":0},{"damage_healed":0,"gold_gain":0,"player_choice":"Embrace Madness","damage_taken":10,"max_hp_gain":0,"max_hp_loss":0,"event_name":"Winding Halls","floor":36,"gold_loss":0,"cards_obtained":["Madness","Madness"]},{"damage_healed":0,"gold_gain":0,"player_choice":"Got Potions","damage_taken":0,"max_hp_gain":0,"max_hp_loss":0,"event_name":"Lab","floor":37,"gold_loss":0}],"is_beta":false,"boss_relics":[{"not_picked":["White Beast Statue","Cursed Key"],"picked":"Sozu"},{"not_picked":["Runic Pyramid","Nuclear Battery"],"picked":"Fusion Hammer"}],"items_purged_floors":[39],"is_endless":false,"potions_floor_spawned":[4,5,11,22,25,29,33,38,41,44,45,48],"ascension_level":3}