{"gold_per_floor":[116,116,130,130,145,178,178,203,203,238,413,429,429,439,439,540,540,553,653,664,127,142,142,172,187,187,187,187,187,198,198,198,302,302,321,340,340,415,425,425],"floor_reached":40,"playtime":3122,"items_purged":[],"score":490,"play_id":"92d26e36-ffb0-4970-a177-6d478b420ec4","local_time":"20190221183621","is_ascension_mode":true,"campfire_choices":[{"floor":13,"key":"REST"},{"floor":15,"key":"REST"},{"floor":23,"key":"REST"},{"floor":27,"key":"REST"},{"floor":29,"key":"REST"},{"floor":32,"key":"REST"}],"neow_cost":"NONE","seed_source_timestamp":390631169834000,"circlet_count":0,"master_deck":["Dualcast","Cold Snap","Melter+1","Rip and Tear","Defragment","FTL","Cold Snap","Doom and Gloom","Doubt","Ball Lightning","Consume","Creative AI","Hologram","Fusion","Streamline","Hyperbeam","Multi-Cast","Cold Snap","Electrodynamics","Multi-Cast","Compile Driver+1","Hello World+1","Stack","Defragment+1","Coolheaded","Glacier","Chaos+1","Gash","Defragment+1","Storm+1","Biased Cognition+1","Ball Lightning+1","BootSequence+1","Genetic Algorithm"],"relics":["Cracked Core","Happy Flower","Letter Opener","Mango","Ornamental Fan","Bag of Preparation","Pandora\u0027s Box","Bird Faced Urn","Frozen Egg 2","Toolbox","Pantograph","Peace Pipe","Sozu"],"potions_floor_usage":[19,19,24,30],"damage_taken":[{"damage":0,"enemies":"Small Slimes","floor":1,"turns":2},{"damage":7,"enemies":"Jaw Worm","floor":3,"turns":2},{"damage":0,"enemies":"Cultist","floor":5,"turns":2},{"damage":13,"enemies":"Gremlin Nob","floor":6,"turns":3},{"damage":12,"enemies":"3 Sentries","floor":8,"turns":6},{"damage":7,"enemies":"Gremlin Nob","floor":10,"turns":3},{"damage":16,"enemies":"3 Louse","floor":12,"turns":3},{"damage":5,"enemies":"Looter","floor":14,"turns":2},{"damage":15,"enemies":"Slime Boss","floor":16,"turns":7},{"damage":30,"enemies":"3 Byrds","floor":18,"turns":4},{"damage":31,"enemies":"Colosseum Slavers","floor":19,"turns":3},{"damage":17,"enemies":"Colosseum Nobs","floor":19,"turns":4},{"damage":14,"enemies":"Shell Parasite","floor":20,"turns":5},{"damage":5,"enemies":"Sentry and Sphere","floor":22,"turns":3},{"damage":48,"enemies":"Book of Stabbing","floor":24,"turns":6},{"damage":11,"enemies":"Snake Plant","floor":25,"turns":5},{"damage":13,"enemies":"Chosen and Byrds","floor":30,"turns":6},{"damage":55,"enemies":"Champ","floor":33,"turns":7},{"damage":65,"enemies":"3 Darklings","floor":35,"turns":4},{"damage":0,"enemies":"3 Shapes","floor":36,"turns":1},{"damage":22,"enemies":"Spire Growth","floor":39,"turns":3},{"damage":41,"enemies":"Nemesis","floor":40,"turns":5}],"seed_played":"-2507865376390097878","potions_obtained":[{"floor":3,"key":"Swift Potion"},{"floor":6,"key":"FairyPotion"},{"floor":12,"key":"Poison Potion"},{"floor":14,"key":"AttackPotion"},{"floor":18,"key":"Fire Potion"},{"floor":20,"key":"Strength Potion"},{"floor":22,"key":"PowerPotion"},{"floor":25,"key":"Weak Potion"},{"floor":33,"key":"SmokeBomb"}],"is_trial":false,"path_per_floor":["M","?","M","?","M","E","T","E","T","E","?","M","R","M","R","B",null,"M","?","M","$","M","R","E","M","T","R","?","R","M","?","R","B",null,"M","M","?","?","M","E"],"character_chosen":"DEFECT","items_purchased":["Defragment+1","Toolbox","Pantograph","Coolheaded"],"campfire_rested":6,"item_purchase_floors":[21,21,21,21],"current_hp_per_floor":[75,75,68,53,53,40,40,42,42,35,35,19,45,40,66,51,89,59,11,3,3,6,32,8,5,5,31,31,57,62,62,88,56,89,26,34,34,26,16,0],"gold":425,"neow_bonus":"THREE_CARDS","is_prod":false,"is_daily":false,"chose_seed":false,"campfire_upgraded":0,"win_rate":0,"timestamp":1550774181,"path_taken":["M","?","M","?","M","E","?","E","T","E","?","M","R","M","R","BOSS","M","?","M","$","M","R","E","M","T","R","?","R","?","?","R","BOSS","M","M","?","?","?","E"],"build_version":"2019-01-23","purchased_purges":0,"victory":false,"max_hp_per_floor":[75,75,75,75,75,75,75,89,89,89,89,89,89,89,89,89,89,89,89,89,89,89,89,89,89,89,89,89,89,89,89,89,89,89,89,89,89,89,89,89],"card_choices":[{"not_picked":["Reinforced Body","Conserve Battery"],"picked":"Cold Snap","floor":0},{"not_picked":["Streamline","Stack"],"picked":"Melter","floor":1},{"not_picked":["Cold Snap","Seek"],"picked":"Rip and Tear","floor":3},{"not_picked":["Barrage","Ball Lightning"],"picked":"Defragment","floor":5},{"not_picked":["Gash","Stack"],"picked":"FTL","floor":6},{"not_picked":["Go for the Eyes","Gash"],"picked":"Cold Snap","floor":8},{"not_picked":["Amplify","Lockon"],"picked":"Doom and Gloom","floor":10},{"not_picked":["Tempest","Barrage"],"picked":"Ball Lightning","floor":12},{"not_picked":["Hologram","Compile Driver"],"picked":"Consume","floor":14},{"not_picked":["All For One","Meteor Strike"],"picked":"Creative AI","floor":16},{"not_picked":["Fusion","Rebound"],"picked":"Compile Driver+1","floor":18},{"not_picked":["Steam","Hologram+1"],"picked":"Hello World+1","floor":19},{"not_picked":["Streamline","Compile Driver"],"picked":"Stack","floor":20},{"not_picked":["Cold Snap","Aggregate+1"],"picked":"Glacier","floor":22},{"not_picked":["Doom and Gloom","Redo"],"picked":"Chaos+1","floor":24},{"not_picked":["Turbo","Hologram"],"picked":"Gash","floor":25},{"not_picked":["Rip and Tear","Reprogram+1"],"picked":"Storm+1","floor":30},{"not_picked":["Meteor Strike","Reboot"],"picked":"Biased Cognition+1","floor":33},{"not_picked":["Sweeping Beam+1","Leap"],"picked":"Ball Lightning+1","floor":35},{"not_picked":["Go for the Eyes+1","Compile Driver+1"],"picked":"BootSequence+1","floor":36},{"not_picked":["Sunder","Streamline+1"],"picked":"Genetic Algorithm","floor":39}],"player_experience":200892,"relics_obtained":[{"floor":6,"key":"Happy Flower"},{"floor":7,"key":"Letter Opener"},{"floor":8,"key":"Mango"},{"floor":9,"key":"Ornamental Fan"},{"floor":10,"key":"Bag of Preparation"},{"floor":19,"key":"Bird Faced Urn"},{"floor":19,"key":"Frozen Egg 2"},{"floor":24,"key":"Peace Pipe"}],"event_choices":[{"damage_healed":0,"gold_gain":0,"player_choice":"Grow","damage_taken":0,"max_hp_gain":0,"max_hp_loss":0,"event_name":"Living Wall","floor":2,"gold_loss":0,"cards_upgraded":["Melter"]},{"damage_healed":0,"gold_gain":0,"player_choice":"Entered Light","damage_taken":15,"max_hp_gain":0,"max_hp_loss":0,"event_name":"Shining Light","floor":4,"gold_loss":0,"cards_upgraded":["Strike_B","Strike_B"]},{"damage_healed":0,"gold_gain":175,"player_choice":"AGREE","damage_taken":0,"max_hp_gain":0,"max_hp_loss":0,"event_name":"Liars Game","floor":11,"gold_loss":0,"cards_obtained":["Doubt"]},{"damage_healed":0,"gold_gain":0,"player_choice":"Fight","damage_taken":0,"max_hp_gain":0,"max_hp_loss":0,"event_name":"Colosseum","floor":19,"gold_loss":0},{"damage_healed":0,"gold_gain":0,"player_choice":"Fought Nobs","damage_taken":0,"max_hp_gain":0,"max_hp_loss":0,"event_name":"Colosseum","floor":19,"gold_loss":0},{"damage_healed":0,"gold_gain":0,"player_choice":"Copied","damage_taken":0,"max_hp_gain":0,"max_hp_loss":0,"event_name":"Duplicator","floor":28,"gold_loss":0,"cards_obtained":["Defragment"]},{"damage_healed":0,"gold_gain":0,"player_choice":"Ignored","damage_taken":0,"max_hp_gain":0,"max_hp_loss":0,"event_name":"Ghosts","floor":31,"gold_loss":0},{"cards_removed":["Zap"],"damage_healed":0,"gold_gain":0,"player_choice":"Removed Skill","damage_taken":0,"max_hp_gain":0,"max_hp_loss":0,"event_name":"Falling","floor":37,"gold_loss":0},{"damage_healed":0,"gold_gain":75,"player_choice":"Touch","damage_taken":8,"max_hp_gain":0,"max_hp_loss":0,"event_name":"FaceTrader","floor":38,"gold_loss":0}],"is_beta":false,"boss_relics":[{"not_picked":["Lizard Tail","Snecko Eye"],"picked":"Pandora\u0027s Box"},{"not_picked":["Runic Pyramid","Eternal Feather"],"picked":"Sozu"}],"items_purged_floors":[],"is_endless":false,"potions_floor_spawned":[3,6,12,14,18,20,22,25,33,35,39],"killed_by":"Nemesis","ascension_level":3}