{"gold_per_floor":[113,34,34,51,69,69,99,99,99,99,99,117,142,159,159,257,257,274,28,41,55,154,154,154,154,154,187,102,115,40,57,57,157,157,177,194,94,110,110,129,162,182,205,205,205,234,234,38,38,38],"floor_reached":51,"playtime":2307,"items_purged":["Strike_R","Strike_R","Decay"],"score":924,"play_id":"09cab25a-0eac-4e4d-ba43-bd62d3484145","local_time":"20181126190314","is_ascension_mode":true,"campfire_choices":[{"data":"Metallicize","floor":6,"key":"SMITH"},{"data":"Metallicize","floor":8,"key":"SMITH"},{"data":"Uppercut","floor":10,"key":"SMITH"},{"data":"Bash","floor":15,"key":"SMITH"},{"data":"Demon Form","floor":23,"key":"SMITH"},{"data":"True Grit","floor":25,"key":"SMITH"},{"floor":32,"key":"REST"},{"data":"Heavy Blade","floor":45,"key":"SMITH"},{"data":"Disarm","floor":47,"key":"SMITH"},{"data":"Inflame","floor":49,"key":"SMITH"}],"neow_cost":"NONE","seed_source_timestamp":21463137811542,"circlet_count":0,"master_deck":["Defend_R","Defend_R","Defend_R","Defend_R","Bash+1","Iron Wave","Pommel Strike","Metallicize+1","Metallicize+1","Headbutt","Uppercut+1","Battle Trance","Demon Form+1","True Grit+1","Shrug It Off","Necronomicurse","Heavy Blade+1","Sword Boomerang","Fiend Fire","Anger+1","Clothesline+1","Heavy Blade+1","Bandage Up","Disarm+1","Inflame+1","Decay","Disarm+1","Inflame+1"],"relics":["Burning Blood","Shuriken","Kunai","Potion Belt","Cursed Key","Mummified Hand","Necronomicon","Turnip","Mercury Hourglass","Gremlin Horn","Snecko Eye","Juzu Bracelet","Bronze Scales","Centennial Puzzle"],"potions_floor_usage":[50,50,50],"damage_taken":[{"damage":8,"enemies":"Small Slimes","floor":1,"turns":4},{"damage":0,"enemies":"Cultist","floor":4,"turns":3},{"damage":5,"enemies":"2 Louse","floor":5,"turns":4},{"damage":13,"enemies":"Gremlin Nob","floor":7,"turns":5},{"damage":0,"enemies":"Blue Slaver","floor":12,"turns":4},{"damage":11,"enemies":"3 Sentries","floor":13,"turns":9},{"damage":0,"enemies":"Red Slaver","floor":14,"turns":3},{"damage":36,"enemies":"Slime Boss","floor":16,"turns":13},{"damage":5,"enemies":"Chosen","floor":18,"turns":5},{"damage":10,"enemies":"2 Thieves","floor":20,"turns":3},{"damage":7,"enemies":"Shelled Parasite and Fungi","floor":21,"turns":4},{"damage":16,"enemies":"Book of Stabbing","floor":27,"turns":5},{"damage":14,"enemies":"Sentry and Sphere","floor":29,"turns":4},{"damage":21,"enemies":"Snake Plant","floor":31,"turns":3},{"damage":3,"enemies":"Automaton","floor":33,"turns":6},{"damage":10,"enemies":"3 Darklings","floor":35,"turns":3},{"damage":0,"enemies":"Orb Walker","floor":36,"turns":3},{"damage":7,"enemies":"Sphere and 2 Shapes","floor":38,"turns":3},{"damage":14,"enemies":"3 Darklings","floor":40,"turns":5},{"damage":0,"enemies":"Giant Head","floor":41,"turns":4},{"damage":24,"enemies":"Spire Growth","floor":42,"turns":4},{"damage":0,"enemies":"Reptomancer","floor":46,"turns":3},{"damage":24,"enemies":"Time Eater","floor":50,"turns":7}],"seed_played":"7912348812442886627","potions_obtained":[{"floor":5,"key":"Energy Potion"},{"floor":14,"key":"Strength Potion"},{"floor":16,"key":"Ancient Potion"},{"floor":20,"key":"GamblersBrew"},{"floor":21,"key":"PowerPotion"}],"is_trial":false,"path_per_floor":["M","$","?","M","M","R","E","R","T","R","?","M","E","M","R","B",null,"M","$","M","M","?","R","?","R","T","E","?","M","$","M","R","B",null,"M","M","$","M","?","M","E","M","T","?","R","E","R","$","R","B",null],"character_chosen":"IRONCLAD","items_purchased":["Metallicize","Mummified Hand","Inflame"],"campfire_rested":1,"item_purchase_floors":[2,19,48],"current_hp_per_floor":[78,78,71,77,78,78,71,71,71,71,71,77,72,78,78,48,80,80,80,76,75,75,75,59,59,59,49,49,41,41,26,50,53,80,76,80,80,79,79,74,80,62,62,62,62,72,72,72,72,58],"gold":38,"neow_bonus":"TRANSFORM_CARD","is_prod":false,"is_daily":false,"chose_seed":false,"campfire_upgraded":9,"win_rate":0,"timestamp":1543276994,"path_taken":["M","$","?","M","M","R","E","R","T","R","?","M","E","M","R","BOSS","M","?","M","M","?","R","?","R","T","E","?","M","$","M","R","BOSS","M","M","$","M","?","M","E","M","T","?","R","E","R","$","R","BOSS"],"build_version":"2018-11-15","purchased_purges":3,"victory":true,"max_hp_per_floor":[80,80,80,80,80,80,80,80,80,80,80,80,80,80,80,80,80,80,80,80,80,80,80,80,80,80,80,80,80,80,80,80,80,80,80,80,80,80,80,80,80,80,80,76,76,76,76,76,76,76],"card_choices":[{"not_picked":["Headbutt","Iron Wave"],"picked":"Pommel Strike","floor":1},{"not_picked":["Evolve","Heavy Blade"],"picked":"Metallicize","floor":4},{"not_picked":["Perfected Strike","Wild Strike"],"picked":"Headbutt","floor":5},{"not_picked":["Berserk","Entrench"],"picked":"Uppercut","floor":7},{"not_picked":["Iron Wave","Heavy Blade","Rage"],"picked":"SKIP","floor":12},{"not_picked":["Perfected Strike","Searing Blow"],"picked":"Battle Trance","floor":13},{"not_picked":["Sentinel","Havoc","Heavy Blade"],"picked":"SKIP","floor":14},{"not_picked":["Reaper","Exhume"],"picked":"Demon Form","floor":16},{"not_picked":["Clash","Reckless Charge+1","Combust"],"picked":"SKIP","floor":18},{"not_picked":["Wild Strike","Warcry"],"picked":"True Grit","floor":20},{"not_picked":["Havoc","True Grit"],"picked":"Shrug It Off","floor":21},{"not_picked":["Body Slam","Perfected Strike"],"picked":"Heavy Blade","floor":27},{"not_picked":["Armaments","Flex","Uppercut+1"],"picked":"SKIP","floor":29},{"not_picked":["Feed","Body Slam"],"picked":"Sword Boomerang","floor":31},{"not_picked":["Double Tap","Dark Embrace"],"picked":"Fiend Fire","floor":33},{"not_picked":["Pommel Strike","Armaments"],"picked":"Anger+1","floor":35},{"not_picked":["Anger","Rage"],"picked":"Clothesline+1","floor":36},{"not_picked":["Armaments+1","Dark Embrace"],"picked":"Heavy Blade+1","floor":38},{"not_picked":["Flash of Steel","Trip"],"picked":"Bandage Up","floor":39},{"not_picked":["Feel No Pain+1","Body Slam","Shrug It Off"],"picked":"SKIP","floor":40},{"not_picked":["Headbutt+1","Pummel"],"picked":"Disarm","floor":41},{"not_picked":["True Grit","Combust+1"],"picked":"Inflame+1","floor":42},{"not_picked":["Anger","Heavy Blade+1"],"picked":"Disarm+1","floor":46}],"player_experience":167068,"relics_obtained":[{"floor":7,"key":"Shuriken"},{"floor":9,"key":"Kunai"},{"floor":13,"key":"Potion Belt"},{"floor":24,"key":"Necronomicon"},{"floor":26,"key":"Turnip"},{"floor":27,"key":"Mercury Hourglass"},{"floor":41,"key":"Juzu Bracelet"},{"floor":43,"key":"Bronze Scales"},{"floor":46,"key":"Centennial Puzzle"}],"event_choices":[{"cards_removed":["Strike_R"],"damage_healed":0,"gold_gain":0,"player_choice":"Card Removal","damage_taken":7,"max_hp_gain":0,"max_hp_loss":0,"event_name":"Golden Wing","floor":3,"gold_loss":0},{"cards_removed":["Strike_R"],"damage_healed":0,"gold_gain":0,"player_choice":"Offered Basic","damage_taken":0,"max_hp_gain":0,"max_hp_loss":0,"event_name":"Bonfire Elementals","floor":11,"gold_loss":0},{"damage_healed":0,"gold_gain":99,"player_choice":"Stole From Cult","damage_taken":0,"max_hp_gain":0,"max_hp_loss":0,"event_name":"Nest","floor":22,"gold_loss":0},{"damage_healed":0,"gold_gain":0,"player_choice":"Obtained Book","damage_taken":16,"max_hp_gain":0,"max_hp_loss":0,"event_name":"Cursed Tome","floor":24,"gold_loss":0},{"damage_healed":0,"gold_gain":0,"player_choice":"Obtained Relic","damage_taken":0,"relics_obtained":["Gremlin Horn"],"max_hp_gain":0,"max_hp_loss":0,"event_name":"Addict","floor":28,"gold_loss":85},{"damage_healed":0,"gold_gain":0,"player_choice":"Memory 1","damage_taken":0,"max_hp_gain":0,"max_hp_loss":0,"event_name":"SensoryStone","floor":39,"gold_loss":0},{"damage_healed":0,"gold_gain":0,"player_choice":"Max HP","damage_taken":0,"max_hp_gain":0,"max_hp_loss":4,"event_name":"Winding Halls","floor":44,"gold_loss":0}],"is_beta":false,"boss_relics":[{"not_picked":["Runic Pyramid","Philosopher\u0027s Stone"],"picked":"Cursed Key"},{"not_picked":["Calling Bell","Pandora\u0027s Box"],"picked":"Snecko Eye"}],"items_purged_floors":[30,37,48],"is_endless":false,"potions_floor_spawned":[5,14,16,20,21,31,38,41,42],"ascension_level":3}