{"gold_per_floor":[114,114,43,43,64,105,105,30,30,55,78,78,98,98,98,222,222,245,92,106,106,106,106,150,150,150,150,175,175,188,188,188,319,319,339,85,85,144,144,144],"floor_reached":40,"playtime":1614,"items_purged":["Defend_R","Defend_R"],"score":400,"play_id":"eef0feeb-7e27-4d26-8cc6-bb7e45a1c771","local_time":"20181022224925","is_ascension_mode":false,"campfire_choices":[{"data":"Armaments","floor":7,"key":"SMITH"},{"data":"Whirlwind","floor":12,"key":"SMITH"},{"floor":15,"key":"REST"},{"data":"Spot Weakness","floor":23,"key":"SMITH"},{"data":"Reaper","floor":25,"key":"SMITH"},{"data":"Flame Barrier","floor":27,"key":"SMITH"},{"data":"Iron Wave","floor":29,"key":"SMITH"},{"data":"Shrug It Off","floor":32,"key":"SMITH"}],"neow_cost":"NONE","seed_source_timestamp":1079245377239112,"circlet_count":0,"master_deck":["Strike_R+1","Strike_R+1","Strike_R","Strike_R+1","Strike_R","Defend_R","Bash+1","Twin Strike","Spot Weakness+1","Shrug It Off+1","Armaments+1","Whirlwind+1","Flex","Reaper+1","Entrench+1","Iron Wave+1","Flame Barrier+1","Spot Weakness+1","Barricade","Heavy Blade+1","Dark Shackles","Evolve+1","Writhe"],"relics":["Black Blood","Whetstone","Golden Idol","Anchor","Mercury Hourglass","Happy Flower","Bag of Marbles","Ice Cream","Black Star","Matryoshka","Bird Faced Urn"],"potions_floor_usage":[24,24,24,24,33,33,40],"damage_taken":[{"damage":1,"enemies":"Cultist","floor":1,"turns":3},{"damage":9,"enemies":"Jaw Worm","floor":5,"turns":4},{"damage":32,"enemies":"3 Sentries","floor":6,"turns":8},{"damage":0,"enemies":"2 Louse","floor":10,"turns":2},{"damage":15,"enemies":"Large Slime","floor":11,"turns":4},{"damage":0,"enemies":"Looter","floor":13,"turns":2},{"damage":40,"enemies":"Hexaghost","floor":16,"turns":9},{"damage":22,"enemies":"Spheric Guardian","floor":18,"turns":4},{"damage":11,"enemies":"Shell Parasite","floor":20,"turns":6},{"damage":42,"enemies":"Book of Stabbing","floor":24,"turns":6},{"damage":15,"enemies":"Snake Plant","floor":28,"turns":4},{"damage":8,"enemies":"Snecko","floor":30,"turns":4},{"damage":57,"enemies":"Champ","floor":33,"turns":10},{"damage":21,"enemies":"3 Shapes","floor":35,"turns":4},{"damage":56,"enemies":"2 Orb Walkers","floor":38,"turns":5},{"damage":58,"enemies":"Giant Head","floor":40,"turns":7}],"seed_played":"-1885797185927832210","potions_obtained":[{"floor":5,"key":"Ancient Potion"},{"floor":16,"key":"EntropicBrew"},{"floor":18,"key":"SpeedPotion"},{"floor":28,"key":"PowerPotion"},{"floor":30,"key":"EssenceOfSteel"},{"floor":35,"key":"SneckoOil"}],"is_trial":false,"path_per_floor":["M","?","$","?","M","E","R","$","T","M","M","R","M","?","R","B",null,"M","$","M","?","?","R","E","R","T","R","M","R","M","?","R","B",null,"M","$","?","?","?"],"character_chosen":"IRONCLAD","items_purchased":["Spot Weakness","Iron Wave","Matryoshka"],"campfire_rested":1,"item_purchase_floors":[3,19,36],"current_hp_per_floor":[80,80,80,60,57,31,31,31,31,37,28,28,34,18,42,8,80,68,68,68,68,68,68,42,42,42,42,44,44,65,65,65,29,80,69,69,69,23,43,0],"gold":144,"neow_bonus":"RANDOM_COMMON_RELIC","is_prod":false,"is_daily":false,"chose_seed":false,"campfire_upgraded":7,"win_rate":0.0,"timestamp":1540262965,"path_taken":["M","?","$","?","M","E","R","$","T","M","M","R","M","?","R","BOSS","M","$","M","?","?","R","E","R","T","R","M","R","M","?","R","BOSS","M","$","?","?","?","E"],"build_version":"2018-10-18","purchased_purges":2,"victory":false,"max_hp_per_floor":[80,80,80,80,80,80,80,80,80,80,80,80,80,80,80,80,80,80,80,80,80,80,80,80,80,80,80,80,80,80,80,80,80,80,80,80,80,80,80,80],"card_choices":[{"not_picked":["Wild Strike","Thunderclap"],"picked":"Twin Strike","floor":1},{"not_picked":["Cleave","Uppercut"],"picked":"Shrug It Off","floor":5},{"not_picked":["Bloodletting","Corruption"],"picked":"Armaments","floor":6},{"not_picked":["Flex","Clothesline"],"picked":"Whirlwind","floor":10},{"not_picked":["Havoc","Shrug It Off"],"picked":"Flex","floor":11},{"not_picked":["Hemokinesis","Thunderclap","Flex"],"picked":"SKIP","floor":13},{"not_picked":["Bludgeon","Berserk"],"picked":"Reaper","floor":16},{"not_picked":["True Grit","Intimidate"],"picked":"Entrench+1","floor":18},{"not_picked":["Searing Blow+1","Blood for Blood","Clash"],"picked":"SKIP","floor":20},{"not_picked":["True Grit+1","Wild Strike"],"picked":"Flame Barrier","floor":24},{"not_picked":["Armaments","Rampage"],"picked":"Spot Weakness+1","floor":28},{"not_picked":["Sword Boomerang","Cleave+1","Clash"],"picked":"SKIP","floor":30},{"not_picked":["Reaper","Immolate"],"picked":"Barricade","floor":33},{"not_picked":["Power Through","Blood for Blood+1"],"picked":"Heavy Blade+1","floor":35},{"not_picked":["Blind","Bandage Up"],"picked":"Dark Shackles","floor":37},{"not_picked":["Wild Strike+1","Headbutt"],"picked":"Evolve+1","floor":38}],"player_experience":59134,"relics_obtained":[{"floor":6,"key":"Anchor"},{"floor":9,"key":"Mercury Hourglass"},{"floor":24,"key":"Bag of Marbles"},{"floor":26,"key":"Ice Cream"},{"floor":38,"key":"Bird Faced Urn"}],"event_choices":[{"damage_healed":0,"gold_gain":0,"player_choice":"Bought 0 Potions","damage_taken":0,"max_hp_gain":0,"max_hp_loss":0,"event_name":"The Woman in Blue","floor":2,"gold_loss":0},{"damage_healed":0,"gold_gain":0,"player_choice":"Take Damage","damage_taken":20,"relics_obtained":["Golden Idol"],"max_hp_gain":0,"max_hp_loss":0,"event_name":"Golden Idol","floor":4,"gold_loss":0},{"damage_healed":0,"gold_gain":0,"player_choice":"Entered Light","damage_taken":16,"max_hp_gain":0,"max_hp_loss":0,"event_name":"Shining Light","floor":14,"gold_loss":0,"cards_upgraded":["Strike_R","Strike_R"]},{"damage_healed":0,"gold_gain":0,"player_choice":"Opened","damage_taken":0,"relics_obtained":["Happy Flower"],"max_hp_gain":0,"max_hp_loss":0,"event_name":"The Mausoleum","floor":21,"gold_loss":0,"cards_obtained":["Writhe"]},{"cards_removed":["Defend_R"],"damage_healed":0,"gold_gain":0,"player_choice":"Elegance","damage_taken":0,"max_hp_gain":0,"max_hp_loss":0,"event_name":"Back to Basics","floor":22,"gold_loss":0},{"cards_removed":["Writhe"],"damage_healed":0,"gold_gain":0,"player_choice":"Removed Curses","damage_taken":0,"max_hp_gain":0,"max_hp_loss":0,"event_name":"Fountain of Cleansing","floor":31,"gold_loss":0},{"damage_healed":0,"gold_gain":0,"player_choice":"Memory 1","damage_taken":0,"max_hp_gain":0,"max_hp_loss":0,"event_name":"SensoryStone","floor":37,"gold_loss":0},{"damage_healed":0,"gold_gain":0,"player_choice":"Fight","damage_taken":0,"max_hp_gain":0,"max_hp_loss":0,"event_name":"Mysterious Sphere","floor":38,"gold_loss":0},{"damage_healed":20,"gold_gain":0,"player_choice":"Writhe","damage_taken":0,"max_hp_gain":0,"max_hp_loss":0,"event_name":"Winding Halls","floor":39,"gold_loss":0,"cards_obtained":["Writhe"]}],"is_beta":false,"boss_relics":[{"not_picked":["Snecko Eye","White Beast Statue"],"picked":"Black Blood"},{"not_picked":["Runic Dome","Lizard Tail"],"picked":"Black Star"}],"items_purged_floors":[8,19],"is_endless":false,"potions_floor_spawned":[5,16,18,28,30,35],"killed_by":"Giant Head","ascension_level":0}