{"gold_per_floor":[118,137,137,36,62,88,107,107,107,120,150,162,193,208,208,303,303,317,317,317,12,112,145,145,170,197,246,246,272,284,319,319,423,423,434,446,446,446,72,102,115,141,195,222,235,235,235,246,246,246,246,246,94,121,121],"floor_reached":55,"playtime":5471,"items_purged":[],"score":1241,"play_id":"f0c3e645-5668-436a-b422-414f249cf58b","local_time":"20190511235308","is_ascension_mode":true,"campfire_choices":[{"data":"Envenom","floor":15,"key":"SMITH"},{"floor":28,"key":"REST"},{"floor":32,"key":"REST"},{"floor":47,"key":"RECALL"},{"floor":49,"key":"REST"},{"floor":52,"key":"REST"}],"neow_cost":"NONE","seed_source_timestamp":673464525915000,"circlet_count":0,"master_deck":["Defend_G","Defend_G","Defend_G+1","Strike_G","Strike_G","Strike_G","Survivor","Neutralize","Quick Slash","Backflip","Escape Plan","Backflip+1","Footwork","Crippling Poison+1","Slice+1","Envenom+1","Leg Sweep","Backstab+1","Malaise","Blur+1","Glass Knife+1","Poisoned Stab+1","Skewer+1","RitualDagger+1","Slice+1","Adrenaline","Slice+1","Caltrops","Glass Knife+1","Dash+1","Dramatic Entrance+1","Cloak And Dagger+1","Quick Slash+1","Leg Sweep+1","Skewer+1"],"relics":["Ring of the Snake","NeowsBlessing","Bronze Scales","Molten Egg 2","Shuriken","Centennial Puzzle","Oddly Smooth Stone","Astrolabe","FossilizedHelix","Pocketwatch","Ice Cream","Bottled Tornado","Lantern","Omamori","PreservedInsect","Anchor","War Paint","Blood Vial","Fusion Hammer","TheAbacus","Frozen Egg 2","Vajra","Paper Crane","Bird Faced Urn","Pen Nib"],"potions_floor_usage":[7,10,22,25,31,33,33,50,50,50,55,55,55],"damage_taken":[{"damage":0,"enemies":"Small Slimes","floor":1,"turns":1},{"damage":0,"enemies":"Cultist","floor":2,"turns":1},{"damage":0,"enemies":"Lagavulin","floor":6,"turns":1},{"damage":0,"enemies":"2 Louse","floor":7,"turns":2},{"damage":0,"enemies":"Exordium Thugs","floor":10,"turns":4},{"damage":10,"enemies":"Gremlin Nob","floor":11,"turns":4},{"damage":10,"enemies":"3 Louse","floor":12,"turns":4},{"damage":1,"enemies":"Lagavulin","floor":13,"turns":7},{"damage":0,"enemies":"Large Slime","floor":14,"turns":6},{"damage":16,"enemies":"The Guardian","floor":16,"turns":12},{"damage":0,"enemies":"Shell Parasite","floor":18,"turns":5},{"damage":0,"enemies":"Colosseum Slavers","floor":22,"turns":4},{"damage":1,"enemies":"Colosseum Nobs","floor":22,"turns":5},{"damage":22,"enemies":"Book of Stabbing","floor":23,"turns":5},{"damage":16,"enemies":"Slavers","floor":25,"turns":4},{"damage":0,"enemies":"Gremlin Leader","floor":29,"turns":3},{"damage":0,"enemies":"2 Thieves","floor":30,"turns":2},{"damage":1,"enemies":"Slavers","floor":31,"turns":3},{"damage":23,"enemies":"Champ","floor":33,"turns":9},{"damage":0,"enemies":"3 Shapes","floor":35,"turns":4},{"damage":0,"enemies":"Orb Walker","floor":36,"turns":3},{"damage":0,"enemies":"Giant Head","floor":40,"turns":5},{"damage":0,"enemies":"Sphere and 2 Shapes","floor":41,"turns":3},{"damage":0,"enemies":"Reptomancer","floor":42,"turns":3},{"damage":0,"enemies":"Giant Head","floor":44,"turns":5},{"damage":0,"enemies":"Jaw Worm Horde","floor":45,"turns":3},{"damage":0,"enemies":"3 Darklings","floor":48,"turns":3},{"damage":25,"enemies":"Awakened One","floor":50,"turns":9},{"damage":0,"enemies":"Shield and Spear","floor":54,"turns":3},{"damage":72,"enemies":"The Heart","floor":55,"turns":8}],"seed_played":"6043926782759896989","potions_obtained":[{"floor":2,"key":"SpeedPotion"},{"floor":7,"key":"Fire Potion"},{"floor":12,"key":"Swift Potion"},{"floor":16,"key":"SmokeBomb"},{"floor":18,"key":"SteroidPotion"},{"floor":23,"key":"Regen Potion"},{"floor":30,"key":"PowerPotion"},{"floor":31,"key":"Block Potion"},{"floor":40,"key":"FairyPotion"},{"floor":41,"key":"Regen Potion"},{"floor":42,"key":"GhostInAJar"},{"floor":48,"key":"AttackPotion"}],"is_trial":false,"path_per_floor":["M","M","?","$","T","E","M","?","T","M","E","M","E","M","R","B",null,"M","?","?","$","?","E","?","E","T","T","R","E","M","E","R","B",null,"M","M","?","?","$","E","M","E","T","E","M","T","R","M","R","B",null,"R","$","E","B"],"character_chosen":"THE_SILENT","items_purchased":["Backflip","Footwork","Pocketwatch","Dash+1","Dramatic Entrance+1","TheAbacus","SkillPotion","SkillPotion","Weak Potion"],"campfire_rested":4,"item_purchase_floors":[4,4,21,39,39,39,53,53,53],"current_hp_per_floor":[70,70,70,70,70,70,70,70,70,70,60,50,49,49,49,33,70,70,64,64,64,63,41,28,26,26,26,48,48,48,47,69,48,75,75,75,71,71,71,71,71,71,71,71,71,71,71,71,71,60,71,71,71,71,0],"gold":121,"neow_bonus":"THREE_ENEMY_KILL","is_prod":false,"is_daily":false,"chose_seed":false,"campfire_upgraded":1,"win_rate":0,"timestamp":1557615188,"path_taken":["M","M","?","$","?","E","M","?","T","M","E","M","E","M","R","BOSS","M","?","?","$","?","E","?","E","T","?","R","E","?","E","R","BOSS","M","M","?","?","$","E","M","E","T","E","M","?","R","M","R","BOSS","R","$","E","BOSS"],"build_version":"2019-01-23","purchased_purges":0,"victory":false,"max_hp_per_floor":[70,70,70,70,70,70,70,70,70,70,70,70,70,70,70,70,70,70,70,70,70,70,70,75,75,75,75,75,75,75,75,75,75,75,75,75,71,71,71,71,71,71,71,71,71,71,71,71,71,71,71,71,71,71,71],"card_choices":[{"not_picked":["Dagger Throw","Outmaneuver"],"picked":"Quick Slash","floor":1},{"not_picked":["Caltrops","Prepared"],"picked":"Backflip","floor":2},{"not_picked":["Acrobatics","Quick Slash"],"picked":"Crippling Poison","floor":6},{"not_picked":["Underhanded Strike+1","Dagger Throw+1","Wraith Form v2"],"picked":"SKIP","floor":7},{"not_picked":["Blade Dance","Flying Knee+1"],"picked":"Slice+1","floor":10},{"not_picked":["Acrobatics","Choke+1"],"picked":"Envenom","floor":11},{"not_picked":["Predator+1","Underhanded Strike+1"],"picked":"Leg Sweep","floor":12},{"not_picked":["Riddle With Holes+1","Expertise","Deflect"],"picked":"SKIP","floor":13},{"not_picked":["Dagger Spray+1","Caltrops"],"picked":"Backstab+1","floor":14},{"not_picked":["Doppelganger","Bullet Time"],"picked":"Malaise","floor":16},{"not_picked":["Deadly Poison+1","Outmaneuver"],"picked":"Skewer+1","floor":18},{"not_picked":["Masterful Stab+1","Accuracy"],"picked":"Slice+1","floor":22},{"not_picked":["Heel Hook+1","Skewer+1"],"picked":"Backflip","floor":23},{"not_picked":["Deflect","Finisher+1"],"picked":"Adrenaline","floor":25},{"not_picked":["Blade Dance","Flying Knee+1"],"picked":"Slice+1","floor":29},{"not_picked":["Dodge and Roll","Deadly Poison+1"],"picked":"Caltrops","floor":30},{"not_picked":["Expertise+1","Flying Knee+1","Masterful Stab+1"],"picked":"SKIP","floor":31},{"not_picked":["Phantasmal Killer","Storm of Steel"],"picked":"Glass Knife+1","floor":33},{"not_picked":["Dagger Spray+1","Deadly Poison","Underhanded Strike+1"],"picked":"SKIP","floor":35},{"not_picked":["Catalyst","Setup+1","Dagger Spray+1"],"picked":"SKIP","floor":36},{"not_picked":["Slice+1","Choke+1","Tools of the Trade"],"picked":"SKIP","floor":40},{"not_picked":["Dagger Spray+1","Outmaneuver+1","Expertise+1"],"picked":"SKIP","floor":41},{"not_picked":["Phantasmal Killer","Outmaneuver"],"picked":"Cloak And Dagger+1","floor":42},{"not_picked":["Flying Knee+1","Skewer+1","Venomology"],"picked":"SKIP","floor":44},{"not_picked":["Dagger Spray+1","Underhanded Strike+1"],"picked":"Quick Slash+1","floor":45},{"not_picked":["Acrobatics+1","Predator+1"],"picked":"Leg Sweep+1","floor":48},{"not_picked":["Catalyst+1","Bane+1"],"picked":"Skewer+1","floor":54}],"player_experience":677901,"relics_obtained":[{"floor":5,"key":"Bronze Scales"},{"floor":6,"key":"Molten Egg 2"},{"floor":9,"key":"Shuriken"},{"floor":11,"key":"Centennial Puzzle"},{"floor":13,"key":"Oddly Smooth Stone"},{"floor":22,"key":"Ice Cream"},{"floor":22,"key":"Bottled Tornado"},{"floor":23,"key":"Lantern"},{"floor":25,"key":"Omamori"},{"floor":26,"key":"PreservedInsect"},{"floor":27,"key":"Anchor"},{"floor":29,"key":"War Paint"},{"floor":31,"key":"Blood Vial"},{"floor":40,"key":"Frozen Egg 2"},{"floor":42,"key":"Vajra"},{"floor":44,"key":"Paper Crane"},{"floor":46,"key":"Bird Faced Urn"},{"floor":54,"key":"Pen Nib"}],"event_choices":[{"damage_healed":0,"gold_gain":0,"cards_transformed":["Strike_G"],"player_choice":"Transformed","damage_taken":0,"max_hp_gain":0,"max_hp_loss":0,"event_name":"Transmorgrifier","floor":3,"gold_loss":0,"cards_obtained":["Escape Plan"]},{"damage_healed":0,"gold_gain":0,"player_choice":"Forge","damage_taken":0,"max_hp_gain":0,"max_hp_loss":0,"event_name":"Accursed Blacksmith","floor":8,"gold_loss":0,"cards_upgraded":["Crippling Poison"]},{"damage_healed":0,"gold_gain":0,"player_choice":"Joined the Cult","damage_taken":6,"max_hp_gain":0,"max_hp_loss":0,"event_name":"Nest","floor":19,"gold_loss":0,"cards_obtained":["RitualDagger"]},{"damage_healed":0,"gold_gain":0,"player_choice":"Opened","damage_taken":0,"relics_obtained":["FossilizedHelix"],"max_hp_gain":0,"max_hp_loss":0,"event_name":"The Mausoleum","floor":20,"gold_loss":0},{"damage_healed":0,"gold_gain":0,"player_choice":"Fight","damage_taken":0,"max_hp_gain":0,"max_hp_loss":0,"event_name":"Colosseum","floor":22,"gold_loss":0},{"damage_healed":0,"gold_gain":0,"player_choice":"Fought Nobs","damage_taken":0,"max_hp_gain":0,"max_hp_loss":0,"event_name":"Colosseum","floor":22,"gold_loss":0},{"damage_healed":0,"gold_gain":0,"player_choice":"Shed Blood","damage_taken":18,"max_hp_gain":5,"max_hp_loss":0,"event_name":"Forgotten Altar","floor":24,"gold_loss":0},{"damage_healed":0,"gold_gain":0,"player_choice":"Max HP","damage_taken":0,"max_hp_gain":0,"max_hp_loss":4,"event_name":"Winding Halls","floor":37,"gold_loss":0},{"cards_removed":["Backflip"],"damage_healed":0,"gold_gain":0,"player_choice":"Removed Skill","damage_taken":0,"max_hp_gain":0,"max_hp_loss":0,"event_name":"Falling","floor":38,"gold_loss":0}],"is_beta":false,"boss_relics":[{"not_picked":["Runic Dome","Orrery"],"picked":"Astrolabe"},{"not_picked":["HoveringKite","Snecko Eye"],"picked":"Fusion Hammer"}],"items_purged_floors":[],"is_endless":false,"potions_floor_spawned":[2,7,12,16,18,23,30,31,40,41,42,48],"killed_by":"The Heart","ascension_level":4}