{"gold_per_floor":[114,114,114,129,129,144,144,159,159,159,189,189,189,204,204,304,304,319,319,334,18,33,33,33],"floor_reached":24,"playtime":1177,"items_purged":[],"score":246,"play_id":"b6a2f08b-f93f-40d6-9473-6e40d1a23921","local_time":"20190313164152","daily_mods":["Specialized","Diverse","Lethality"],"is_ascension_mode":false,"campfire_choices":[{"data":"Caltrops","floor":7,"key":"SMITH"},{"data":"White Noise","floor":10,"key":"SMITH"},{"floor":13,"key":"REST"},{"floor":15,"key":"REST"},{"floor":23,"key":"REST"}],"neow_cost":"","seed_source_timestamp":0,"circlet_count":0,"master_deck":["Defend_G","Defend_G","Defend_G","Defend_G","Defend_G","Strike_G","Strike_G","Strike_G","Strike_G","Strike_G","Survivor","Neutralize","Buffer","Buffer","Buffer","Buffer","Sword Boomerang","White Noise+1","Caltrops+1","Infernal Blade","Blur","Dagger Spray","Feed","Thunderclap","Twin Strike","Escape Plan","Cold Snap","Slice","Armaments+1","Decay","Shrug It Off+1","Finesse","Steam+1"],"special_seed":17968,"relics":["Ring of the Snake","Singing Bowl","The Courier","Ginger","Orrery","HandDrill","Tiny Chest"],"potions_floor_usage":[16,24],"damage_taken":[{"damage":0,"enemies":"Jaw Worm","floor":1,"turns":4},{"damage":10,"enemies":"2 Louse","floor":4,"turns":2},{"damage":0,"enemies":"Cultist","floor":6,"turns":3},{"damage":0,"enemies":"Blue Slaver","floor":8,"turns":4},{"damage":11,"enemies":"Gremlin Nob","floor":11,"turns":4},{"damage":33,"enemies":"Lots of Slimes","floor":14,"turns":4},{"damage":50,"enemies":"Hexaghost","floor":16,"turns":7},{"damage":0,"enemies":"Spheric Guardian","floor":18,"turns":3},{"damage":8,"enemies":"Chosen","floor":20,"turns":5},{"damage":45,"enemies":"Centurion and Healer","floor":22,"turns":3},{"damage":65,"enemies":"Book of Stabbing","floor":24,"turns":6}],"seed_played":"7689138155634222229","potions_obtained":[{"floor":11,"key":"Swift Potion"},{"floor":14,"key":"LiquidBronze"},{"floor":16,"key":"Poison Potion"}],"is_trial":false,"path_per_floor":["M","?","?","M","?","M","R","M","T","R","E","T","R","M","R","B",null,"M","?","M","$","M","R","E"],"character_chosen":"THE_SILENT","items_purchased":["HandDrill","Tiny Chest","Finesse"],"campfire_rested":3,"item_purchase_floors":[21,21,21],"current_hp_per_floor":[70,70,80,70,70,70,70,70,70,70,59,59,80,47,71,21,80,83,83,78,78,33,58,0],"gold":33,"neow_bonus":"","is_prod":false,"is_daily":true,"chose_seed":false,"campfire_upgraded":2,"win_rate":0,"timestamp":1552495312,"path_taken":["M","?","?","?","?","M","R","M","T","R","E","?","R","?","R","BOSS","M","?","M","$","M","R","E"],"build_version":"2019-01-23","purchased_purges":0,"victory":false,"max_hp_per_floor":[70,70,80,80,80,80,80,80,80,80,80,80,80,80,80,80,80,83,83,86,86,86,86,86],"card_choices":[{"not_picked":["Compile Driver","Blur"],"picked":"Sword Boomerang","floor":1},{"not_picked":["Cleave","Evolve"],"picked":"White Noise","floor":4},{"not_picked":["Iron Wave","Sever Soul"],"picked":"Caltrops","floor":6},{"not_picked":["Deadly Poison","Infinite Blades"],"picked":"Infernal Blade","floor":8},{"not_picked":["Crippling Poison","Steam Power"],"picked":"Blur","floor":11},{"not_picked":["Reflex","Quick Slash"],"picked":"Dagger Spray","floor":14},{"not_picked":["Seek","Storm of Steel"],"picked":"Feed","floor":16},{"not_picked":["Corruption","Undo"],"picked":"Thunderclap","floor":17},{"not_picked":["Poisoned Stab","Underhanded Strike"],"picked":"Twin Strike","floor":17},{"not_picked":["Reprogram","Headbutt"],"picked":"Escape Plan","floor":17},{"not_picked":["Perfected Strike","Shrug It Off"],"picked":"Cold Snap","floor":17},{"not_picked":["Meteor Strike","Bane"],"picked":"Slice","floor":17},{"not_picked":["Iron Wave","Deflect"],"picked":"Armaments+1","floor":18},{"not_picked":["Deflect","Shockwave"],"picked":"Shrug It Off+1","floor":20},{"not_picked":["Spot Weakness+1","Dropkick"],"picked":"Steam+1","floor":22}],"player_experience":300906,"relics_obtained":[{"floor":9,"key":"Singing Bowl"},{"floor":11,"key":"The Courier"},{"floor":12,"key":"Ginger"}],"event_choices":[{"damage_healed":0,"gold_gain":0,"player_choice":"Ignored","damage_taken":0,"max_hp_gain":0,"max_hp_loss":0,"event_name":"Golden Wing","floor":2,"gold_loss":0},{"cards_removed":["Buffer"],"damage_healed":0,"gold_gain":0,"player_choice":"Offered Rare","damage_taken":0,"max_hp_gain":10,"max_hp_loss":0,"event_name":"Bonfire Elementals","floor":3,"gold_loss":0},{"damage_healed":0,"gold_gain":0,"player_choice":"Leave","damage_taken":0,"max_hp_gain":0,"max_hp_loss":0,"event_name":"The Cleric","floor":5,"gold_loss":0},{"damage_healed":0,"gold_gain":0,"player_choice":"Cursed","damage_taken":0,"max_hp_gain":0,"max_hp_loss":0,"event_name":"Wheel of Change","floor":19,"gold_loss":0,"cards_obtained":["Decay"]}],"is_beta":false,"boss_relics":[{"not_picked":["Snecko Eye","HoveringKite"],"picked":"Orrery"}],"items_purged_floors":[],"is_endless":false,"potions_floor_spawned":[11,14,16],"killed_by":"Book of Stabbing","ascension_level":0}