{"gold_per_floor":[113,113,113,136,136,171,171,235,235,0,51,92,130,158,158,287,287,310,310,310,335,335,373,393,393,418,456,59,94,94,130,130,256,256,274,0,0,13,36,80,99,99],"floor_reached":42,"playtime":3769,"items_purged":[],"score":732,"play_id":"47e0a2b0-a2f4-403a-ae95-279f03bec480","local_time":"20190324100407","is_ascension_mode":true,"campfire_choices":[{"floor":7.0,"key":"REST"},{"floor":15.0,"key":"REST"},{"floor":32.0,"key":"REST"}],"neow_cost":"NONE","seed_source_timestamp":0,"circlet_count":0,"master_deck":["Survivor","Neutralize","Leg Sweep","Quick Slash+1","Flying Knee+1","After Image","Dagger Throw+1","Slice+1","Flechettes+1","Corpse Explosion","Adrenaline","Deadly Poison","Skewer+1","Skewer+1","Heel Hook+1","Well Laid Plans","Deadly Poison","A Thousand Cuts","Unload+1","Flying Knee+1","Skewer+1","Tactician","Cloak And Dagger","Dash+1","Finisher+1","Good Instincts","Dagger Throw+1","Escape Plan","Flying Knee+1","Riddle With Holes+1","Bouncing Flask","A Thousand Cuts","Cloak And Dagger+1","Adrenaline","Outmaneuver+1","Flechettes+1","Accuracy+1","Outmaneuver+1"],"special_seed":0,"relics":["Ring of the Snake","Golden Idol","Molten Egg 2","Bag of Preparation","Pocketwatch","PreservedInsect","Blood Vial","Lantern","WingedGreaves","Potion Belt","Odd Mushroom","Pandora\u0027s Box","MutagenicStrength","WarpedTongs","Tough Bandages","Kunai","Vajra","Ninja Scroll","Boot","Omamori","Sundial","WristBlade","Red Mask","Incense Burner"],"potions_floor_usage":[41],"damage_taken":[{"damage":4.0,"enemies":"Jaw Worm","floor":1.0,"turns":7.0},{"damage":0.0,"enemies":"Small Slimes","floor":4.0,"turns":5.0},{"damage":52.0,"enemies":"Lagavulin","floor":6.0,"turns":10.0},{"damage":0.0,"enemies":"3 Sentries","floor":12.0,"turns":6.0},{"damage":4.0,"enemies":"Gremlin Nob","floor":13.0,"turns":3.0},{"damage":13.0,"enemies":"The Mushroom Lair","floor":14.0,"turns":4.0},{"damage":35.0,"enemies":"Slime Boss","floor":16.0,"turns":11.0},{"damage":6.0,"enemies":"Shell Parasite","floor":18.0,"turns":3.0},{"damage":16.0,"enemies":"2 Thieves","floor":21.0,"turns":2.0},{"damage":19.0,"enemies":"Book of Stabbing","floor":23.0,"turns":3.0},{"damage":19.0,"enemies":"Chosen and Byrds","floor":24.0,"turns":4.0},{"damage":0.0,"enemies":"Slavers","floor":27.0,"turns":1.0},{"damage":5.0,"enemies":"Book of Stabbing","floor":29.0,"turns":2.0},{"damage":0.0,"enemies":"Gremlin Leader","floor":31.0,"turns":3.0},{"damage":27.0,"enemies":"Collector","floor":33.0,"turns":5.0},{"damage":21.0,"enemies":"3 Darklings","floor":35.0,"turns":3.0},{"damage":10.0,"enemies":"3 Shapes","floor":38.0,"turns":1.0},{"damage":17.0,"enemies":"Transient","floor":39.0,"turns":5.0},{"damage":11.0,"enemies":"Reptomancer","floor":40.0,"turns":4.0},{"damage":11,"enemies":"3 Darklings","floor":41,"turns":3},{"damage":13,"enemies":"2 Orb Walkers","floor":42,"turns":2}],"seed_played":"-6324626223170144126","potions_obtained":[{"floor":1.0,"key":"AttackPotion"},{"floor":12.0,"key":"PowerPotion"},{"floor":13.0,"key":"Swift Potion"},{"floor":23.0,"key":"Regen Potion"},{"floor":24.0,"key":"Energy Potion"},{"floor":29.0,"key":"Weak Potion"},{"floor":31.0,"key":"Block Potion"},{"floor":39.0,"key":"Swift Potion"}],"is_trial":false,"path_per_floor":["M","?","?","M","?","E","R","?","T","$","T","E","E","?","R","B",null,"M","?","?","M","?","E","M","T","T","E","$","E","?","E","R","B",null,"M","?","?","M","M","E","M","?"],"character_chosen":"THE_SILENT","items_purchased":["Blood Vial","After Image","Boot","Good Instincts","Dagger Throw+1","Escape Plan","Flying Knee+1"],"campfire_rested":3,"item_purchase_floors":[10,10,28,28,28,28,28],"current_hp_per_floor":[73,71,71,71,59,7,28,28,28,28,28,30,28,17,38,5,71,65,65,65,51,51,34,29,29,29,31,31,28,28,30,51,26,71,50,50,50,42,27,18,9,0],"gold":99,"neow_bonus":"TEN_PERCENT_HP_BONUS","is_prod":false,"is_daily":false,"chose_seed":false,"campfire_upgraded":0,"win_rate":0,"timestamp":1553421847,"path_taken":["M","?","?","?","?","E","R","?","T","$","?","E","E","?","R","BOSS","M","?","?","?","?","E","M","?","T","E","$","E","?","E","R","BOSS","M","?","?","M","?","E","M","?"],"build_version":"2019-01-23","purchased_purges":0,"victory":false,"max_hp_per_floor":[77,71,71,71,71,71,71,71,71,71,71,71,71,71,71,71,71,71,71,71,71,71,71,71,71,71,71,71,71,71,71,71,71,71,71,71,71,71,71,71,71,71],"card_choices":[{"not_picked":["PiercingWail","Dodge and Roll"],"picked":"Leg Sweep","floor":1.0},{"not_picked":["Distraction","PiercingWail"],"picked":"Quick Slash+1","floor":4.0},{"not_picked":["Flechettes+1","Blade Dance"],"picked":"Flying Knee+1","floor":6.0},{"not_picked":["Wraith Form v2","Masterful Stab+1"],"picked":"Dagger Throw+1","floor":12.0},{"not_picked":["Noxious Fumes","Caltrops"],"picked":"Slice+1","floor":13.0},{"not_picked":["Sucker Punch+1","Flying Knee+1"],"picked":"Flechettes+1","floor":14.0},{"not_picked":["Burst","Grand Finale+1"],"picked":"Corpse Explosion","floor":16.0},{"not_picked":["Bane+1","Quick Slash+1"],"picked":"Flying Knee+1","floor":18.0},{"not_picked":["Leg Sweep","Dagger Throw+1"],"picked":"Skewer+1","floor":21.0},{"not_picked":["Deflect","Burst"],"picked":"Cloak And Dagger","floor":23.0},{"not_picked":["Dagger Throw+1","Eviscerate+1"],"picked":"Dash+1","floor":24.0},{"not_picked":["Concentrate","Prepared+1"],"picked":"Finisher+1","floor":27.0},{"not_picked":["Dodge and Roll","PiercingWail"],"picked":"Riddle With Holes+1","floor":29.0},{"not_picked":["Cloak And Dagger","Deadly Poison"],"picked":"Bouncing Flask","floor":31.0},{"not_picked":["Malaise","Tools of the Trade"],"picked":"A Thousand Cuts","floor":33.0},{"not_picked":["Prepared","Backflip+1"],"picked":"Cloak And Dagger+1","floor":35.0},{"not_picked":["Dash+1","Underhanded Strike+1"],"picked":"Outmaneuver+1","floor":38.0},{"not_picked":["PiercingWail+1","Leg Sweep+1"],"picked":"Flechettes+1","floor":39.0},{"not_picked":["Crippling Poison+1","Acrobatics"],"picked":"Accuracy+1","floor":40.0},{"not_picked":["Riddle With Holes+1","Quick Slash+1"],"picked":"Outmaneuver+1","floor":41}],"player_experience":374431,"relics_obtained":[{"floor":6.0,"key":"Pocketwatch"},{"floor":9.0,"key":"PreservedInsect"},{"floor":11.0,"key":"Lantern"},{"floor":12.0,"key":"WingedGreaves"},{"floor":13.0,"key":"Potion Belt"},{"floor":14.0,"key":"Odd Mushroom"},{"floor":23.0,"key":"Tough Bandages"},{"floor":25.0,"key":"Kunai"},{"floor":26.0,"key":"Vajra"},{"floor":27.0,"key":"Ninja Scroll"},{"floor":29.0,"key":"Omamori"},{"floor":31.0,"key":"Sundial"},{"floor":40.0,"key":"Incense Burner"}],"event_choices":[{"damage_healed":0.0,"max_hp_gain":0.0,"max_hp_loss":6.0,"gold_gain":0.0,"event_name":"Golden Idol","player_choice":"Lose Max HP","floor":2.0,"gold_loss":0.0,"damage_taken":0.0,"relics_obtained":["Golden Idol"]},{"damage_healed":0.0,"max_hp_gain":0.0,"max_hp_loss":0.0,"gold_gain":0.0,"event_name":"WeMeetAgain","player_choice":"Gave Potion","floor":3.0,"gold_loss":0.0,"damage_taken":0.0,"relics_obtained":["Molten Egg 2"]},{"damage_healed":0.0,"max_hp_gain":0.0,"max_hp_loss":0.0,"gold_gain":0.0,"event_name":"Scrap Ooze","player_choice":"Success","floor":5.0,"gold_loss":0.0,"damage_taken":12.0,"relics_obtained":["Bag of Preparation"]},{"damage_healed":0.0,"max_hp_gain":0.0,"max_hp_loss":0.0,"gold_gain":64.0,"event_name":"Golden Wing","player_choice":"Gained Gold","floor":8.0,"gold_loss":0.0,"damage_taken":0.0},{"damage_healed":0.0,"max_hp_gain":0.0,"max_hp_loss":0.0,"gold_gain":0.0,"event_name":"Mushrooms","player_choice":"Fought Mushrooms","floor":14.0,"gold_loss":0.0,"damage_taken":0.0},{"damage_healed":0.0,"max_hp_gain":0.0,"max_hp_loss":0.0,"gold_gain":0.0,"event_name":"Drug Dealer","player_choice":"Inject Mutagens","floor":19.0,"gold_loss":0.0,"damage_taken":0.0,"relics_obtained":["MutagenicStrength"]},{"damage_healed":0.0,"max_hp_gain":0.0,"max_hp_loss":0.0,"gold_gain":0.0,"event_name":"Accursed Blacksmith","player_choice":"Rummage","floor":20.0,"gold_loss":0.0,"damage_taken":0.0,"relics_obtained":["WarpedTongs"],"cards_obtained":["Pain"]},{"damage_healed":0.0,"max_hp_gain":0.0,"max_hp_loss":0.0,"gold_gain":0.0,"cards_transformed":["Flechettes"],"event_name":"Transmorgrifier","player_choice":"Transformed","floor":22.0,"gold_loss":0.0,"damage_taken":0.0,"cards_obtained":["Tactician"]},{"cards_removed":["Pain"],"damage_healed":0.0,"max_hp_gain":0.0,"max_hp_loss":0.0,"gold_gain":0.0,"event_name":"Back to Basics","player_choice":"Elegance","floor":30.0,"gold_loss":0.0,"damage_taken":0.0},{"damage_healed":0.0,"max_hp_gain":0.0,"max_hp_loss":0.0,"gold_gain":0.0,"event_name":"Tomb of Lord Red Mask","player_choice":"Paid","floor":36.0,"gold_loss":274.0,"damage_taken":0.0,"relics_obtained":["Red Mask"]},{"damage_healed":0.0,"max_hp_gain":0.0,"max_hp_loss":0.0,"gold_gain":0.0,"event_name":"Duplicator","player_choice":"Copied","floor":37.0,"gold_loss":0.0,"damage_taken":0.0,"cards_obtained":["Adrenaline"]},{"damage_healed":0,"gold_gain":0,"player_choice":"Fight","damage_taken":0,"max_hp_gain":0,"max_hp_loss":0,"event_name":"Mysterious Sphere","floor":42,"gold_loss":0}],"is_beta":false,"boss_relics":[{"not_picked":["Lizard Tail","Sozu"],"picked":"Pandora\u0027s Box"},{"not_picked":["Fusion Hammer","Tiny House"],"picked":"WristBlade"}],"items_purged_floors":[],"is_endless":false,"potions_floor_spawned":[1,12,13,23,24,29,31,39],"killed_by":"2 Orb Walkers","ascension_level":3}