{"gold_per_floor":[111,186,186,198,21,52,52,4,4,4,34,46,58,74,74,178,178,188,188,288,203,215,257,269,313,325,348,388,400,4,4,4,102,102,114,133,408,427,367,395,395,730,730,730,811,839,839,839,839,839,839,839,28,59,59],"floor_reached":55,"playtime":3858,"items_purged":[],"score":1055,"play_id":"66a57bb1-e244-4f27-9bdf-92e83391bbae","local_time":"20190314223945","is_ascension_mode":true,"campfire_choices":[{"floor":7,"key":"REST"},{"floor":10,"key":"RECALL"},{"floor":15,"key":"REST"},{"floor":24,"key":"REST"},{"floor":29,"key":"REST"},{"floor":32,"key":"REST"},{"data":"Violence","floor":41,"key":"SMITH"},{"data":"Scrape","floor":44,"key":"SMITH"},{"data":"Seek","floor":49,"key":"SMITH"},{"data":"Rainbow","floor":52,"key":"SMITH"}],"neow_cost":"NONE","seed_source_timestamp":1141842987548500,"circlet_count":0,"master_deck":["Strike_B+1","Strike_B+1","Strike_B+1","Strike_B+1","Defend_B+1","Defend_B+1","Defend_B+1","Defend_B+1","Scrape+1","Streamline+1","Turbo+1","Gash+1","Compile Driver+1","Gash+1","Sweeping Beam+1","Self Repair+1","Seek+1","Buffer+1","Doubt","Writhe","Shame","Compile Driver+1","Cold Snap+1","Go for the Eyes+1","Echo Form+1","Cold Snap+1","Static Discharge+1","Violence+1","Dark Shackles","Rainbow+1","Doom and Gloom+1","Stack","Regret","Cold Snap+1","Buffer+1","Static Discharge+1","All For One+1","Static Discharge+1","Ball Lightning+1","Finesse","Static Discharge+1","Turbo","Streamline+1","Scrape+1","Secret Weapon","Core Surge+1"],"relics":["Cracked Core","Molten Egg 2","Blood Vial","Unceasing Top","Frozen Egg 2","PreservedInsect","Calling Bell","Lantern","Mercury Hourglass","Incense Burner","FossilizedHelix","Bottled Flame","MawBank","Juzu Bracelet","Art of War","Dead Branch","Strawberry","War Paint","Black Star","Question Card","Bottled Lightning","Pear","Old Coin","Du-Vu Doll","Shuriken","Omamori","Nunchaku","Bottled Tornado","Anchor","Bag of Marbles"],"potions_floor_usage":[14,16,20,23,25,33,36,36,50,50,54,55],"damage_taken":[{"damage":0,"enemies":"2 Louse","floor":1,"turns":2},{"damage":1,"enemies":"Cultist","floor":4,"turns":3},{"damage":30,"enemies":"Lagavulin","floor":6,"turns":5},{"damage":28,"enemies":"3 Sentries","floor":11,"turns":6},{"damage":7,"enemies":"Jaw Worm","floor":12,"turns":2},{"damage":3,"enemies":"Blue Slaver","floor":13,"turns":3},{"damage":9,"enemies":"3 Louse","floor":14,"turns":3},{"damage":60,"enemies":"The Guardian","floor":16,"turns":7},{"damage":0,"enemies":"Spheric Guardian","floor":18,"turns":3},{"damage":24,"enemies":"Colosseum Slavers","floor":20,"turns":3},{"damage":47,"enemies":"Colosseum Nobs","floor":20,"turns":4},{"damage":7,"enemies":"Book of Stabbing","floor":23,"turns":3},{"damage":19,"enemies":"Gremlin Leader","floor":25,"turns":4},{"damage":12,"enemies":"Shell Parasite","floor":27,"turns":5},{"damage":26,"enemies":"Slavers","floor":28,"turns":4},{"damage":35,"enemies":"Champ","floor":33,"turns":9},{"damage":12,"enemies":"Orb Walker","floor":35,"turns":5},{"damage":0,"enemies":"3 Shapes","floor":36,"turns":2},{"damage":2,"enemies":"Maw","floor":38,"turns":9},{"damage":24,"enemies":"Reptomancer","floor":40,"turns":6},{"damage":46,"enemies":"Giant Head","floor":42,"turns":7},{"damage":9,"enemies":"Nemesis","floor":46,"turns":5},{"damage":15,"enemies":"Time Eater","floor":50,"turns":10},{"damage":60,"enemies":"Shield and Spear","floor":54,"turns":3},{"damage":43,"enemies":"The Heart","floor":55,"turns":6}],"seed_played":"-6125871185142229967","potions_obtained":[{"floor":1,"key":"Strength Potion"},{"floor":13,"key":"Block Potion"},{"floor":14,"key":"Block Potion"},{"floor":16,"key":"Swift Potion"},{"floor":20,"key":"AttackPotion"},{"floor":23,"key":"AttackPotion"},{"floor":28,"key":"SpeedPotion"},{"floor":33,"key":"FocusPotion"},{"floor":35,"key":"SkillPotion"},{"floor":38,"key":"Ancient Potion"},{"floor":46,"key":"Weak Potion"}],"is_trial":false,"path_per_floor":["M","?","?","M","$","E","R","$","T","R","E","M","M","M","R","B",null,"M","?","?","?","?","E","R","E","T","M","E","R","$","?","R","B",null,"M","M","?","M","?","E","R","E","T","R","T","E","?","?","R","B",null,"R","$","E","B"],"character_chosen":"DEFECT","items_purchased":["Blood Vial","Turbo","Compile Driver+1","War Paint","Violence","Dark Shackles","Bottled Tornado","Finesse","Static Discharge+1","Turbo","Streamline+1","Scrape+1","Secret Weapon","PowerPotion","Swift Potion"],"campfire_rested":5,"item_purchase_floors":[5,5,8,30,30,30,53,53,53,53,53,53,53,53,53],"current_hp_per_floor":[82,71,71,70,70,42,66,66,66,66,40,35,34,37,61,3,82,82,82,23,23,23,18,42,45,45,35,18,44,44,44,70,47,89,87,89,89,87,87,85,85,71,71,71,71,74,99,99,99,94,99,99,99,39,0],"gold":59,"neow_bonus":"TEN_PERCENT_HP_BONUS","is_prod":false,"is_daily":false,"chose_seed":false,"campfire_upgraded":4,"win_rate":0,"timestamp":1552603185,"path_taken":["M","?","?","?","$","E","R","?","T","R","E","?","M","M","R","BOSS","M","?","?","?","?","E","R","E","T","M","E","R","$","?","R","BOSS","M","M","?","M","?","E","R","E","T","R","?","E","?","?","R","BOSS","R","$","E","BOSS"],"build_version":"2019-01-23","purchased_purges":0,"victory":false,"max_hp_per_floor":[82,82,82,82,82,82,82,82,82,82,82,82,82,82,82,82,82,82,82,82,82,82,82,82,82,82,82,89,89,89,89,89,89,89,89,89,89,89,89,89,89,99,99,99,99,99,99,99,99,99,99,99,99,99,99],"card_choices":[{"not_picked":["Chaos","Stack"],"picked":"Scrape","floor":1},{"not_picked":["Steam","Coolheaded"],"picked":"Streamline+1","floor":4},{"not_picked":["Seek","Barrage+1"],"picked":"Gash+1","floor":6},{"not_picked":["Beam Cell+1","Rebound+1"],"picked":"Gash+1","floor":11},{"not_picked":["Capacitor+1","Barrage+1"],"picked":"Sweeping Beam+1","floor":12},{"not_picked":["Ball Lightning+1","Compile Driver+1"],"picked":"Self Repair+1","floor":13},{"not_picked":["Streamline+1","Reinforced Body"],"picked":"Seek","floor":14},{"not_picked":["Creative AI+1","Hyperbeam+1"],"picked":"Buffer+1","floor":16},{"not_picked":["Coolheaded","Recycle"],"picked":"Compile Driver+1","floor":18},{"not_picked":["Reprogram","Stack"],"picked":"Go for the Eyes+1","floor":20},{"not_picked":["Heatsinks+1","Rebound+1"],"picked":"Echo Form+1","floor":23},{"not_picked":["Leap+1","Sunder+1"],"picked":"Cold Snap+1","floor":25},{"not_picked":["Go for the Eyes+1","Beam Cell+1"],"picked":"Static Discharge+1","floor":27},{"not_picked":["Recycle+1","Rebound+1"],"picked":"Beam Cell+1","floor":28},{"not_picked":["Creative AI+1","Echo Form+1"],"picked":"Rainbow","floor":33},{"not_picked":["Sweeping Beam+1","Compile Driver+1"],"picked":"Doom and Gloom+1","floor":35},{"not_picked":["Streamline+1","Go for the Eyes+1"],"picked":"Stack","floor":36},{"not_picked":["Turbo","Stack+1"],"picked":"Cold Snap+1","floor":38},{"not_picked":["Defragment+1","Barrage+1"],"picked":"All For One+1","floor":40},{"not_picked":["Chaos","Steam","Blizzard+1"],"picked":"Static Discharge+1","floor":42},{"not_picked":["White Noise","Redo+1","Sweeping Beam+1"],"picked":"Ball Lightning+1","floor":46},{"not_picked":["Cold Snap+1","Streamline+1","Redo"],"picked":"Core Surge+1","floor":54}],"player_experience":316420,"relics_obtained":[{"floor":6,"key":"Unceasing Top"},{"floor":9,"key":"Frozen Egg 2"},{"floor":11,"key":"PreservedInsect"},{"floor":17,"key":"Lantern"},{"floor":17,"key":"Mercury Hourglass"},{"floor":17,"key":"Incense Burner"},{"floor":20,"key":"FossilizedHelix"},{"floor":20,"key":"Bottled Flame"},{"floor":23,"key":"Art of War"},{"floor":25,"key":"Dead Branch"},{"floor":28,"key":"Strawberry"},{"floor":40,"key":"Question Card"},{"floor":40,"key":"Bottled Lightning"},{"floor":42,"key":"Pear"},{"floor":42,"key":"Old Coin"},{"floor":43,"key":"Du-Vu Doll"},{"floor":45,"key":"Shuriken"},{"floor":46,"key":"Omamori"},{"floor":46,"key":"Nunchaku"},{"floor":54,"key":"Anchor"},{"floor":54,"key":"Bag of Marbles"}],"event_choices":[{"damage_healed":0,"gold_gain":75,"player_choice":"Gather Gold","damage_taken":11,"max_hp_gain":0,"max_hp_loss":0,"event_name":"World of Goop","floor":2,"gold_loss":0},{"damage_healed":0,"gold_gain":0,"player_choice":"Gave Potion","damage_taken":0,"relics_obtained":["Molten Egg 2"],"max_hp_gain":0,"max_hp_loss":0,"event_name":"WeMeetAgain","floor":3,"gold_loss":0},{"damage_healed":0,"gold_gain":0,"player_choice":"Read","damage_taken":0,"max_hp_gain":0,"max_hp_loss":0,"event_name":"The Library","floor":19,"gold_loss":0,"cards_obtained":["Cold Snap"]},{"damage_healed":0,"gold_gain":0,"player_choice":"Fight","damage_taken":0,"max_hp_gain":0,"max_hp_loss":0,"event_name":"Colosseum","floor":20,"gold_loss":0},{"damage_healed":0,"gold_gain":0,"player_choice":"Fought Nobs","damage_taken":0,"max_hp_gain":0,"max_hp_loss":0,"event_name":"Colosseum","floor":20,"gold_loss":0},{"damage_healed":0,"gold_gain":0,"player_choice":"Obtained Relic","damage_taken":0,"relics_obtained":["MawBank"],"max_hp_gain":0,"max_hp_loss":0,"event_name":"Addict","floor":21,"gold_loss":85},{"damage_healed":0,"gold_gain":0,"player_choice":"Opened","damage_taken":0,"relics_obtained":["Juzu Bracelet"],"max_hp_gain":0,"max_hp_loss":0,"event_name":"The Mausoleum","floor":22,"gold_loss":0},{"damage_healed":0,"gold_gain":0,"player_choice":"Simplicity","damage_taken":0,"max_hp_gain":0,"max_hp_loss":0,"event_name":"Back to Basics","floor":31,"gold_loss":0,"cards_upgraded":["Strike_B","Strike_B","Strike_B","Strike_B","Defend_B","Defend_B","Defend_B"]},{"damage_healed":0,"gold_gain":275,"player_choice":"Desecrate","damage_taken":0,"max_hp_gain":0,"max_hp_loss":0,"event_name":"Golden Shrine","floor":37,"gold_loss":0,"cards_obtained":["Regret"]},{"damage_healed":0,"gold_gain":0,"cards_transformed":["Zap","Dualcast"],"player_choice":"Transformed Cards","damage_taken":0,"max_hp_gain":0,"max_hp_loss":0,"event_name":"Designer","floor":39,"gold_loss":60,"cards_obtained":["Buffer","Static Discharge"]},{"damage_healed":25,"gold_gain":0,"player_choice":"Writhe","damage_taken":0,"max_hp_gain":0,"max_hp_loss":0,"event_name":"Winding Halls","floor":47,"gold_loss":0,"cards_obtained":["Writhe"]},{"cards_removed":["Beam Cell"],"damage_healed":0,"gold_gain":0,"player_choice":"Removed Attack","damage_taken":0,"max_hp_gain":0,"max_hp_loss":0,"event_name":"Falling","floor":48,"gold_loss":0}],"is_beta":false,"boss_relics":[{"not_picked":["Lizard Tail","Coffee Dripper"],"picked":"Calling Bell"},{"not_picked":["Tiny House","Runic Pyramid"],"picked":"Black Star"}],"items_purged_floors":[],"is_endless":false,"potions_floor_spawned":[1,13,14,16,20,20,23,28,33,35,38,46],"killed_by":"The Heart","ascension_level":3}