{"gold_per_floor":[118,118,36,52,65,65,95,95,175,25,42,62,62],"floor_reached":13,"playtime":750,"items_purged":[],"score":95,"play_id":"3bc0cb1e-ec30-40e8-9794-1a6eb59e1a0c","local_time":"20190322214544","is_ascension_mode":true,"campfire_choices":[{"floor":6,"key":"RECALL"},{"floor":8,"key":"REST"}],"neow_cost":"NONE","seed_source_timestamp":1832902984541100,"circlet_count":0,"master_deck":["Defend_G","Defend_G","Defend_G","Defend_G","Defend_G","Strike_G","Strike_G","Strike_G","Strike_G","Strike_G","Survivor","Neutralize","Deadly Poison","Deadly Poison","Distraction","Flying Knee","Poisoned Stab","After Image","Poisoned Stab","Good Instincts","Endless Agony","Well Laid Plans"],"relics":["Ring of the Snake","NeowsBlessing","Ancient Tea Set","Singing Bowl","Odd Mushroom"],"potions_floor_usage":[7,12],"damage_taken":[{"damage":0,"enemies":"2 Louse","floor":1,"turns":1},{"damage":0,"enemies":"Cultist","floor":4,"turns":1},{"damage":0,"enemies":"Jaw Worm","floor":5,"turns":1},{"damage":35,"enemies":"3 Sentries","floor":7,"turns":8},{"damage":6,"enemies":"Blue Slaver","floor":11,"turns":3},{"damage":26,"enemies":"The Mushroom Lair","floor":12,"turns":4},{"damage":19,"enemies":"Lagavulin","floor":13,"turns":5}],"seed_played":"4399649245734726287","potions_obtained":[{"floor":5,"key":"Energy Potion"},{"floor":7,"key":"SteroidPotion"}],"is_trial":false,"path_per_floor":["M","?","$","M","M","R","E","R","T","$","M","?","E"],"character_chosen":"THE_SILENT","items_purchased":["Deadly Poison","Distraction","Poisoned Stab","Good Instincts"],"campfire_rested":1,"item_purchase_floors":[3,3,10,10],"current_hp_per_floor":[70,63,63,63,63,63,28,49,49,49,43,17,0],"gold":62,"neow_bonus":"THREE_ENEMY_KILL","is_prod":false,"is_daily":false,"chose_seed":false,"campfire_upgraded":0,"win_rate":0,"timestamp":1553291144,"path_taken":["M","?","?","?","M","R","E","R","T","$","M","?","E"],"build_version":"2019-01-23","purchased_purges":0,"victory":false,"max_hp_per_floor":[70,70,70,70,70,70,70,70,70,70,70,70,70],"card_choices":[{"not_picked":["PiercingWail","Bane"],"picked":"Deadly Poison","floor":1},{"not_picked":["Slice","PiercingWail"],"picked":"Flying Knee","floor":4},{"not_picked":["Predator","Dodge and Roll"],"picked":"Poisoned Stab","floor":5},{"not_picked":["Blade Dance","Bane"],"picked":"After Image","floor":7},{"not_picked":["Quick Slash","Flying Knee"],"picked":"Endless Agony","floor":11},{"not_picked":["Caltrops","Dagger Throw"],"picked":"Well Laid Plans","floor":12}],"player_experience":369266,"relics_obtained":[{"floor":7,"key":"Ancient Tea Set"},{"floor":9,"key":"Singing Bowl"},{"floor":12,"key":"Odd Mushroom"}],"event_choices":[{"damage_healed":0,"gold_gain":0,"player_choice":"Damaged","damage_taken":7,"max_hp_gain":0,"max_hp_loss":0,"event_name":"Wheel of Change","floor":2,"gold_loss":0},{"damage_healed":0,"gold_gain":0,"player_choice":"Fought Mushrooms","damage_taken":0,"max_hp_gain":0,"max_hp_loss":0,"event_name":"Mushrooms","floor":12,"gold_loss":0}],"is_beta":false,"boss_relics":[],"items_purged_floors":[],"is_endless":false,"potions_floor_spawned":[5,7],"killed_by":"Lagavulin","ascension_level":3}