{"gold_per_floor":[18,18,34,34,48,48,68,91,137,137,212,41,41,55,55,150,150,163,188,168,191,210,210,210,225,225,250,250,291,291,310,310,310],"floor_reached":33,"playtime":2045,"items_purged":[],"score":482,"play_id":"4f9d67f0-1768-4fb9-a23d-a023270103d8","local_time":"20190629034540","is_ascension_mode":true,"campfire_choices":[{"data":"Neutralize","floor":6.0,"key":"SMITH"},{"floor":10.0,"key":"REST"},{"floor":13.0,"key":"REST"},{"data":"Burst","floor":15.0,"key":"SMITH"},{"floor":23.0,"key":"REST"},{"data":"Blade Dance","floor":30.0,"key":"SMITH"},{"floor":32.0,"key":"REST"}],"neow_cost":"NO_GOLD","seed_source_timestamp":0,"circlet_count":0,"master_deck":["AscendersBane","Defend_G","Defend_G","Defend_G","Strike_G","Survivor","Neutralize+1","Dagger Spray","Blade Dance+1","Crippling Poison","Burst+1","Well Laid Plans","Die Die Die","Distraction+1","Sucker Punch+1","Die Die Die+1","Dodge and Roll","Flechettes","Finisher","Well Laid Plans","Adrenaline"],"special_seed":0,"relics":["Ring of the Snake","Golden Idol","Bag of Marbles","Bronze Scales","Astrolabe","Lantern","Red Mask"],"potions_floor_usage":[33,33],"damage_taken":[{"damage":11.0,"enemies":"Jaw Worm","floor":1.0,"turns":8.0},{"damage":1.0,"enemies":"Small Slimes","floor":3.0,"turns":4.0},{"damage":1.0,"enemies":"2 Louse","floor":5.0,"turns":3.0},{"damage":18.0,"enemies":"Exordium Thugs","floor":7.0,"turns":6.0},{"damage":5.0,"enemies":"Blue Slaver","floor":8.0,"turns":5.0},{"damage":6.0,"enemies":"Red Slaver","floor":14.0,"turns":4.0},{"damage":13.0,"enemies":"The Guardian","floor":16.0,"turns":19.0},{"damage":23.0,"enemies":"Shell Parasite","floor":18.0,"turns":4.0},{"damage":0.0,"enemies":"3 Byrds","floor":19.0,"turns":1.0},{"damage":12.0,"enemies":"Centurion and Healer","floor":21.0,"turns":11.0},{"damage":3.0,"enemies":"Snake Plant","floor":22.0,"turns":4.0},{"damage":24.0,"enemies":"Sentry and Sphere","floor":25.0,"turns":6.0},{"damage":8.0,"enemies":"Cultist and Chosen","floor":27.0,"turns":4.0},{"damage":0.0,"enemies":"Masked Bandits","floor":29.0,"turns":1.0},{"damage":22.0,"enemies":"Chosen and Byrds","floor":31.0,"turns":5.0},{"damage":38,"enemies":"Automaton","floor":33,"turns":6}],"seed_played":"7148157215396283445","potions_obtained":[{"floor":3.0,"key":"Regen Potion"},{"floor":7.0,"key":"Ancient Potion"},{"floor":8.0,"key":"Block Potion"},{"floor":14.0,"key":"Swift Potion"},{"floor":18.0,"key":"Block Potion"},{"floor":20.0,"key":"SpeedPotion"},{"floor":25.0,"key":"Swift Potion"},{"floor":27.0,"key":"LiquidBronze"},{"floor":31.0,"key":"PowerPotion"}],"is_trial":false,"path_per_floor":["M","?","M","?","M","R","M","M","T","R","?","$","R","M","R","B",null,"M","M","?","M","M","R","?","M","T","M","?","?","R","M","R","B"],"character_chosen":"THE_SILENT","items_purchased":["Bronze Scales"],"campfire_rested":4,"item_purchase_floors":[12],"current_hp_per_floor":[48,41,40,17,25,25,7,2,2,21,10,10,29,23,23,10,52,29,29,29,17,14,33,66,42,42,34,34,34,34,12,31,0],"gold":310,"neow_bonus":"REMOVE_TWO","is_prod":false,"is_daily":false,"chose_seed":false,"campfire_upgraded":3,"win_rate":0,"timestamp":1561747540,"path_taken":["M","?","M","?","M","R","M","M","T","R","?","$","R","?","R","BOSS","M","M","?","?","M","R","?","?","T","M","?","?","R","M","R","BOSS"],"build_version":"2019-01-23","purchased_purges":0,"victory":false,"max_hp_per_floor":[66,66,66,66,66,66,66,66,66,66,66,66,66,66,66,66,66,66,66,66,66,66,66,66,66,66,66,66,66,66,66,66,66],"card_choices":[{"not_picked":["Blade Dance","Tactician"],"picked":"Dagger Spray","floor":1.0},{"not_picked":["Prepared","Slice"],"picked":"Blade Dance","floor":3.0},{"not_picked":["Dagger Throw","Prepared"],"picked":"Crippling Poison","floor":5.0},{"not_picked":["Acrobatics","Quick Slash"],"picked":"Burst","floor":7.0},{"not_picked":["Calculated Gamble","Dagger Spray"],"picked":"Well Laid Plans","floor":8.0},{"not_picked":["Poisoned Stab","Blade Dance","Sucker Punch"],"picked":"SKIP","floor":14.0},{"not_picked":["Night Terror","Venomology"],"picked":"Die Die Die","floor":16.0},{"not_picked":["Choke","Slice"],"picked":"Dodge and Roll","floor":18.0},{"not_picked":["Blade Dance","Dagger Spray","Choke"],"picked":"SKIP","floor":19.0},{"not_picked":["Distraction","PiercingWail"],"picked":"Flechettes","floor":21.0},{"not_picked":["Slice","Blade Dance","All Out Attack+1"],"picked":"SKIP","floor":22.0},{"not_picked":["Quick Slash","Deflect"],"picked":"Finisher","floor":25.0},{"not_picked":["Prepared","Deadly Poison"],"picked":"Well Laid Plans","floor":27.0},{"not_picked":["Escape Plan","Blur"],"picked":"Adrenaline","floor":29.0},{"not_picked":["Acrobatics","Dodge and Roll","Catalyst"],"picked":"SKIP","floor":31.0}],"player_experience":1021675,"relics_obtained":[{"floor":9.0,"key":"Bag of Marbles"},{"floor":26.0,"key":"Lantern"},{"floor":29.0,"key":"Red Mask"}],"event_choices":[{"cards_removed":["Defend_G"],"damage_healed":0.0,"max_hp_gain":0.0,"max_hp_loss":0.0,"gold_gain":0.0,"event_name":"Golden Wing","player_choice":"Card Removal","floor":2.0,"gold_loss":0.0,"damage_taken":7.0},{"damage_healed":0.0,"max_hp_gain":0.0,"max_hp_loss":0.0,"gold_gain":0.0,"event_name":"Golden Idol","player_choice":"Take Damage","floor":4.0,"gold_loss":0.0,"damage_taken":23.0,"relics_obtained":["Golden Idol"]},{"damage_healed":0.0,"max_hp_gain":0.0,"max_hp_loss":0.0,"gold_gain":75.0,"event_name":"World of Goop","player_choice":"Gather Gold","floor":11.0,"gold_loss":0.0,"damage_taken":11.0},{"damage_healed":0.0,"max_hp_gain":0.0,"max_hp_loss":0.0,"gold_gain":0.0,"event_name":"The Woman in Blue","player_choice":"Bought 1 Potion","floor":20.0,"gold_loss":0.0,"damage_taken":0.0},{"damage_healed":33.0,"max_hp_gain":0.0,"max_hp_loss":0.0,"gold_gain":0.0,"event_name":"Wheel of Change","player_choice":"Full Heal","floor":24.0,"gold_loss":0.0,"damage_taken":0.0},{"damage_healed":0.0,"max_hp_gain":0.0,"max_hp_loss":0.0,"gold_gain":0.0,"event_name":"Ghosts","player_choice":"Ignored","floor":28.0,"gold_loss":0.0,"damage_taken":0.0},{"damage_healed":0.0,"max_hp_gain":0.0,"max_hp_loss":0.0,"gold_gain":0.0,"event_name":"Masked Bandits","player_choice":"Fought Bandits","floor":29.0,"gold_loss":0.0,"damage_taken":0.0}],"is_beta":false,"boss_relics":[{"not_picked":["Eternal Feather","Lizard Tail"],"picked":"Astrolabe"}],"items_purged_floors":[],"is_endless":false,"potions_floor_spawned":[3,7,8,14,18,25,27,31],"killed_by":"Automaton","ascension_level":20}