{"gold_per_floor":[109,127,127,127,145,145,181,181,181,256,300,315,27,27,27,150,150,150,150,150,16,16,16,16,16,16,16,16,16,16,16,16,16,16,16,16,16,16,16,16,16,16,16,16,16,16,16,16,16,16],"floor_reached":51,"playtime":3129,"items_purged":["Strike_G","Strike_G"],"score":922,"play_id":"2d392d62-4414-4bce-9241-38d59dc59777","local_time":"20190114124809","is_ascension_mode":true,"campfire_choices":[{"data":"After Image","floor":6.0,"key":"SMITH"},{"data":"Poisoned Stab","floor":8.0,"key":"SMITH"},{"floor":15.0,"key":"REST"},{"data":"RitualDagger","floor":24,"key":"SMITH"},{"data":"Blade Dance","floor":27,"key":"SMITH"},{"floor":32,"key":"REST"},{"floor":41,"key":"REST"},{"data":"Shame","floor":47,"key":"PURGE"},{"data":"Calculated Gamble","floor":49,"key":"PURGE"}],"neow_cost":"NONE","seed_source_timestamp":0,"circlet_count":0,"master_deck":["Survivor","Neutralize","After Image+1","Blade Dance+1","Leg Sweep","Poisoned Stab+1","Footwork+1","Backstab","Well Laid Plans+1","Footwork+1","Footwork+1","Deadly Poison","Blade Dance","A Thousand Cuts+1","Blur","PiercingWail+1","Well Laid Plans+1","RitualDagger+1","A Thousand Cuts+1","Infinite Blades+1","Corpse Explosion","PiercingWail+1","Malaise","Distraction","Flying Knee","Backflip","Catalyst","PiercingWail","Bane","Expertise","Blur","Backflip+1","Caltrops+1","Accuracy+1"],"special_seed":0,"relics":["Ring of the Snake","Golden Idol","The Courier","Frozen Egg 2","Bronze Scales","Thread and Needle","Ectoplasm","Torii","MawBank","Pocketwatch","Nunchaku","Pandora\u0027s Box","Boot","FossilizedHelix","Dream Catcher","Peace Pipe","Potion Belt","Shuriken"],"potions_floor_usage":[33,42,42,50,50],"damage_taken":[{"damage":0.0,"enemies":"Jaw Worm","floor":1.0,"turns":4.0},{"damage":0.0,"enemies":"Small Slimes","floor":2.0,"turns":3.0},{"damage":1.0,"enemies":"2 Louse","floor":5.0,"turns":3.0},{"damage":7.0,"enemies":"3 Sentries","floor":7.0,"turns":15.0},{"damage":22.0,"enemies":"Gremlin Nob","floor":11.0,"turns":5.0},{"damage":0.0,"enemies":"Large Slime","floor":12.0,"turns":8.0},{"damage":10.0,"enemies":"Slime Boss","floor":16.0,"turns":12.0},{"damage":4,"enemies":"Chosen","floor":18,"turns":6},{"damage":0,"enemies":"3 Byrds","floor":19,"turns":2},{"damage":11,"enemies":"Shelled Parasite and Fungi","floor":20,"turns":6},{"damage":0,"enemies":"Book of Stabbing","floor":23,"turns":7},{"damage":11,"enemies":"Sentry and Sphere","floor":25,"turns":6},{"damage":17,"enemies":"Slavers","floor":29,"turns":10},{"damage":0,"enemies":"Chosen and Byrds","floor":31,"turns":3},{"damage":10,"enemies":"Collector","floor":33,"turns":9},{"damage":8,"enemies":"Orb Walker","floor":35,"turns":3},{"damage":0,"enemies":"3 Shapes","floor":37,"turns":4},{"damage":43,"enemies":"2 Orb Walkers","floor":38,"turns":6},{"damage":0,"enemies":"Spire Growth","floor":39,"turns":5},{"damage":0,"enemies":"Giant Head","floor":40,"turns":9},{"damage":1,"enemies":"Reptomancer","floor":42,"turns":7},{"damage":0,"enemies":"Giant Head","floor":44,"turns":8},{"damage":0,"enemies":"Time Eater","floor":50,"turns":11}],"seed_played":"-4626581275354908993","potions_obtained":[{"floor":7.0,"key":"Weak Potion"},{"floor":16.0,"key":"Energy Potion"},{"floor":19,"key":"SpeedPotion"},{"floor":35,"key":"Energy Potion"},{"floor":39,"key":"Swift Potion"},{"floor":42,"key":"Fire Potion"},{"floor":44,"key":"Ancient Potion"}],"is_trial":false,"path_per_floor":["M","M","?","?","M","R","E","R","T","?","E","M","$","T","R","B",null,"M","M","M","$","?","E","R","M","T","R","?","E","?","M","R","B",null,"M","?","M","?","M","E","R","E","T","E","?","$","R","?","R","B",null],"character_chosen":"THE_SILENT","items_purchased":["Well Laid Plans+1","Footwork+1","Footwork+1","Deadly Poison","Blade Dance","Well Laid Plans+1"],"campfire_rested":3,"item_purchase_floors":[13,13,13,13,13,21],"current_hp_per_floor":[70,70,53,53,52,52,45,45,45,34,12,12,12,12,33,23,70,66,66,55,55,49,49,49,38,38,38,61,44,44,44,65,55,70,62,62,62,19,19,19,40,39,39,39,39,39,39,61,61,61],"gold":16,"neow_bonus":"ONE_RANDOM_RARE_CARD","is_prod":false,"is_daily":false,"chose_seed":false,"campfire_upgraded":4,"win_rate":0,"timestamp":1547488089,"path_taken":["M","M","?","?","M","R","E","R","T","?","E","M","$","?","R","BOSS","M","M","M","$","?","E","R","M","T","R","?","E","?","M","R","BOSS","M","?","?","?","M","E","R","E","T","E","?","?","R","?","R","BOSS"],"build_version":"2019-01-10","purchased_purges":2,"victory":true,"max_hp_per_floor":[70,70,70,70,70,70,70,70,70,70,70,70,70,70,70,70,70,70,70,70,70,70,70,70,70,70,70,70,70,70,70,70,70,70,70,70,70,70,70,70,70,70,70,70,70,70,70,61,61,61],"card_choices":[{"not_picked":["Acrobatics","Outmaneuver"],"picked":"Blade Dance","floor":1.0},{"not_picked":["Bouncing Flask","Flying Knee"],"picked":"Leg Sweep","floor":2.0},{"not_picked":["Backflip","Flying Knee"],"picked":"Calculated Gamble","floor":5.0},{"not_picked":["PiercingWail","Leg Sweep"],"picked":"Poisoned Stab","floor":7.0},{"not_picked":["Bullet Time","Distraction"],"picked":"Footwork+1","floor":11.0},{"not_picked":["Underhanded Strike","Predator"],"picked":"Backstab","floor":12.0},{"not_picked":["Corpse Explosion","Burst"],"picked":"A Thousand Cuts+1","floor":16.0},{"not_picked":["Sucker Punch","Terror"],"picked":"Blur","floor":18},{"not_picked":["Flechettes","Sucker Punch+1"],"picked":"PiercingWail+1","floor":19},{"not_picked":["Predator","Underhanded Strike+1","Backflip"],"picked":"SKIP","floor":20},{"not_picked":["Blade Dance+1","PiercingWail"],"picked":"A Thousand Cuts+1","floor":23},{"not_picked":["Dodge and Roll","Skewer+1"],"picked":"Infinite Blades+1","floor":25},{"not_picked":["Distraction","Doppelganger"],"picked":"Corpse Explosion","floor":29},{"not_picked":["Dagger Spray","Outmaneuver"],"picked":"PiercingWail+1","floor":31},{"not_picked":["Doppelganger","Grand Finale"],"picked":"Malaise","floor":33},{"not_picked":["Riddle With Holes+1","Sucker Punch+1"],"picked":"Backflip+1","floor":35},{"not_picked":["Predator+1","Dodge and Roll+1","PiercingWail"],"picked":"SKIP","floor":37},{"not_picked":["Dagger Throw+1","Underhanded Strike+1"],"picked":"Caltrops+1","floor":38},{"not_picked":["Well Laid Plans+1","Deflect","Predator"],"picked":"SKIP","floor":39},{"not_picked":["Dagger Spray","Underhanded Strike+1","Backflip"],"picked":"SKIP","floor":40},{"not_picked":["Prepared+1","Caltrops+1"],"picked":"Accuracy+1","floor":42},{"not_picked":["Backflip+1","Corpse Explosion"],"picked":"Slice+1","floor":44}],"player_experience":206160,"relics_obtained":[{"floor":7.0,"key":"The Courier"},{"floor":9.0,"key":"Frozen Egg 2"},{"floor":11.0,"key":"Bronze Scales"},{"floor":14.0,"key":"Thread and Needle"},{"floor":23,"key":"Torii"},{"floor":26,"key":"MawBank"},{"floor":29,"key":"Pocketwatch"},{"floor":38,"key":"FossilizedHelix"},{"floor":40,"key":"Dream Catcher"},{"floor":42,"key":"Peace Pipe"},{"floor":43,"key":"Potion Belt"},{"floor":44,"key":"Shuriken"}],"event_choices":[{"damage_healed":0.0,"max_hp_gain":0.0,"max_hp_loss":0.0,"gold_gain":0.0,"event_name":"Golden Idol","player_choice":"Take Damage","floor":3.0,"gold_loss":0.0,"damage_taken":17.0,"relics_obtained":["Golden Idol"]},{"damage_healed":0.0,"max_hp_gain":0.0,"max_hp_loss":0.0,"gold_gain":0.0,"event_name":"Liars Game","player_choice":"Ignored","floor":4.0,"gold_loss":0.0,"damage_taken":0.0},{"damage_healed":0.0,"max_hp_gain":0.0,"max_hp_loss":0.0,"gold_gain":75.0,"event_name":"World of Goop","player_choice":"Gather Gold","floor":10.0,"gold_loss":0.0,"damage_taken":11.0},{"damage_healed":0,"gold_gain":0,"player_choice":"Joined the Cult","damage_taken":6,"max_hp_gain":0,"max_hp_loss":0,"event_name":"Nest","floor":22,"gold_loss":0,"cards_obtained":["RitualDagger"]},{"damage_healed":23,"gold_gain":0,"player_choice":"Heal","damage_taken":0,"max_hp_gain":0,"max_hp_loss":0,"event_name":"The Library","floor":28,"gold_loss":0},{"damage_healed":0,"gold_gain":0,"player_choice":"Stole Relic","damage_taken":0,"relics_obtained":["Nunchaku"],"max_hp_gain":0,"max_hp_loss":0,"event_name":"Addict","floor":30,"gold_loss":0,"cards_obtained":["Shame"]},{"damage_healed":0,"gold_gain":0,"player_choice":"Gave Potion","damage_taken":0,"relics_obtained":["Boot"],"max_hp_gain":0,"max_hp_loss":0,"event_name":"WeMeetAgain","floor":36,"gold_loss":0},{"damage_healed":0,"gold_gain":0,"player_choice":"Fight","damage_taken":0,"max_hp_gain":0,"max_hp_loss":0,"event_name":"Mysterious Sphere","floor":38,"gold_loss":0},{"cards_removed":["Slice"],"damage_healed":0,"gold_gain":0,"player_choice":"Removed Attack","damage_taken":0,"max_hp_gain":0,"max_hp_loss":0,"event_name":"Falling","floor":45,"gold_loss":0},{"damage_healed":61,"gold_gain":0,"player_choice":"Heal","damage_taken":0,"max_hp_gain":0,"max_hp_loss":9,"event_name":"The Moai Head","floor":48,"gold_loss":0}],"is_beta":false,"boss_relics":[{"not_picked":["HoveringKite","Coffee Dripper"],"picked":"Ectoplasm"},{"not_picked":["Lizard Tail","Black Star"],"picked":"Pandora\u0027s Box"}],"items_purged_floors":[13,21],"is_endless":false,"potions_floor_spawned":[7,16,19,20,23,35,39,42,44],"ascension_level":1}