{"gold_per_floor":[110,110,110,185,6,41,56,83,83,105,122,122],"floor_reached":12,"playtime":510,"items_purged":[],"score":128,"play_id":"d4a30cb4-52b6-4c11-96a3-e24cb4e48a20","local_time":"20190322215427","is_ascension_mode":true,"campfire_choices":[],"neow_cost":"NONE","seed_source_timestamp":1833665217121700,"circlet_count":0,"master_deck":["Defend_G","Defend_G","Defend_G","Defend_G","Strike_G","Strike_G","Strike_G","Strike_G","Strike_G","Survivor","Neutralize","Cloak And Dagger","Acrobatics","Accuracy","Blade Dance","Sucker Punch","Glass Knife","Skewer","Blur","Distraction","Blade Dance"],"relics":["Ring of the Snake","NeowsBlessing","Bottled Lightning","Bronze Scales","Anchor","Odd Mushroom"],"potions_floor_usage":[8,12],"damage_taken":[{"damage":0,"enemies":"2 Louse","floor":1,"turns":1},{"damage":0,"enemies":"3 Sentries","floor":6,"turns":1},{"damage":0,"enemies":"Small Slimes","floor":7,"turns":1},{"damage":33,"enemies":"Lagavulin","floor":8,"turns":7},{"damage":21,"enemies":"The Mushroom Lair","floor":10,"turns":4},{"damage":0,"enemies":"Jaw Worm","floor":11,"turns":3},{"damage":21,"enemies":"Gremlin Nob","floor":12,"turns":3}],"seed_played":"-4156371138246808261","potions_obtained":[{"floor":6,"key":"Regen Potion"},{"floor":10,"key":"Fire Potion"}],"is_trial":false,"path_per_floor":["M","?","?","?","$","E","M","E","T","?","M","E"],"character_chosen":"THE_SILENT","items_purchased":["Accuracy","Blade Dance","Sucker Punch"],"campfire_rested":0,"item_purchase_floors":[5,5,5],"current_hp_per_floor":[70,70,70,59,59,59,59,41,41,20,20,0],"gold":122,"neow_bonus":"THREE_ENEMY_KILL","is_prod":false,"is_daily":false,"chose_seed":false,"campfire_upgraded":0,"win_rate":0,"timestamp":1553291667,"path_taken":["M","?","?","?","$","E","M","E","T","?","?","E"],"build_version":"2019-01-23","purchased_purges":0,"victory":false,"max_hp_per_floor":[70,70,70,70,70,70,70,70,70,70,70,70],"card_choices":[{"not_picked":["Underhanded Strike","Backflip"],"picked":"Cloak And Dagger","floor":1},{"not_picked":["Outmaneuver","Backflip"],"picked":"Glass Knife","floor":6},{"not_picked":["Concentrate","PiercingWail"],"picked":"Skewer","floor":7},{"not_picked":["Dagger Spray","Prepared"],"picked":"Blur","floor":8},{"not_picked":["Dodge and Roll","Acrobatics"],"picked":"Distraction","floor":10},{"not_picked":["Leg Sweep","Calculated Gamble"],"picked":"Blade Dance","floor":11}],"player_experience":370016,"relics_obtained":[{"floor":6,"key":"Bottled Lightning"},{"floor":8,"key":"Bronze Scales"},{"floor":9,"key":"Anchor"},{"floor":10,"key":"Odd Mushroom"}],"event_choices":[{"damage_healed":0,"gold_gain":0,"cards_transformed":["Defend_G"],"player_choice":"Change","damage_taken":0,"max_hp_gain":0,"max_hp_loss":0,"event_name":"Living Wall","floor":2,"gold_loss":0,"cards_obtained":["Acrobatics"]},{"damage_healed":0,"gold_gain":0,"player_choice":"Leave","damage_taken":0,"max_hp_gain":0,"max_hp_loss":0,"event_name":"The Cleric","floor":3,"gold_loss":0},{"damage_healed":0,"gold_gain":75,"player_choice":"Gather Gold","damage_taken":11,"max_hp_gain":0,"max_hp_loss":0,"event_name":"World of Goop","floor":4,"gold_loss":0},{"damage_healed":0,"gold_gain":0,"player_choice":"Fought Mushrooms","damage_taken":0,"max_hp_gain":0,"max_hp_loss":0,"event_name":"Mushrooms","floor":10,"gold_loss":0}],"is_beta":false,"boss_relics":[],"items_purged_floors":[],"is_endless":false,"potions_floor_spawned":[6,10],"killed_by":"Gremlin Nob","ascension_level":3}