{"gold_per_floor":[115,115,115,190,205,205,240,240,240,275,293,304,304,479,479,580,580,597,19,19,31,131,131,151,179,204,204,204,238,255,255,255,356,356,368,468,480,498,62,62,81,81,106,121,36,64,0,0,0,0],"floor_reached":50,"playtime":4513,"items_purged":[],"score":668,"play_id":"0ef6484b-22eb-4fb8-b275-04cfa1a27fe8","local_time":"20190314205432","is_ascension_mode":true,"campfire_choices":[{"floor":6,"key":"REST"},{"floor":8,"key":"REST"},{"floor":15,"key":"REST"},{"floor":23,"key":"REST"},{"floor":28,"key":"REST"},{"floor":32,"key":"REST"},{"floor":40,"key":"RECALL"},{"floor":42,"key":"REST"},{"data":"1","floor":49,"key":"LIFT"}],"neow_cost":"NONE","seed_source_timestamp":1134874308957900,"circlet_count":0,"master_deck":["Strike_B+1","Strike_B","Strike_B+1","Strike_B","Defend_B","Defend_B","Defend_B","Defend_B","Zap","Compile Driver","White Noise","Defragment","Sweeping Beam","Sweeping Beam","Loop","Parasite","Doubt","Amplify","Steam","Mind Blast","Apotheosis","Rip and Tear","Heatsinks","Writhe","Compile Driver+1","Go for the Eyes+1","Stack+1","Turbo","Scrape+1","Gash+1","Electrodynamics","Steam+1","Melter+1","Hologram+1","Gash+1","Ball Lightning+1","Finesse","Barrage+1","Beam Cell+1","Madness","Chill"],"relics":["Cracked Core","Mango","Anchor","PreservedInsect","Blood Vial","Sozu","Orichalcum","Bronze Scales","Gambling Chip","Ornamental Fan","Centennial Puzzle","Whetstone","Molten Egg 2","Enchiridion","Nuclear Battery","Thread and Needle","Turnip","Girya","Red Mask"],"potions_floor_usage":[7,10,16],"damage_taken":[{"damage":2,"enemies":"Jaw Worm","floor":1,"turns":3},{"damage":0,"enemies":"Small Slimes","floor":5,"turns":2},{"damage":50,"enemies":"3 Sentries","floor":7,"turns":9},{"damage":42,"enemies":"Gremlin Nob","floor":10,"turns":3},{"damage":7,"enemies":"2 Louse","floor":11,"turns":3},{"damage":1,"enemies":"Looter","floor":12,"turns":4},{"damage":60,"enemies":"Hexaghost","floor":16,"turns":10},{"damage":24,"enemies":"Chosen","floor":18,"turns":5},{"damage":12,"enemies":"3 Byrds","floor":21,"turns":2},{"damage":19,"enemies":"Colosseum Slavers","floor":22,"turns":4},{"damage":4,"enemies":"Colosseum Nobs","floor":22,"turns":3},{"damage":21,"enemies":"Snecko","floor":24,"turns":5},{"damage":17,"enemies":"Gremlin Leader","floor":25,"turns":5},{"damage":17,"enemies":"Book of Stabbing","floor":29,"turns":4},{"damage":17,"enemies":"Cultist and Chosen","floor":30,"turns":6},{"damage":48,"enemies":"Collector","floor":33,"turns":8},{"damage":4,"enemies":"3 Shapes","floor":35,"turns":3},{"damage":19,"enemies":"Mind Bloom Boss Battle","floor":36,"turns":6},{"damage":0,"enemies":"Orb Walker","floor":37,"turns":2},{"damage":12,"enemies":"Maw","floor":38,"turns":7},{"damage":11,"enemies":"Transient","floor":41,"turns":5},{"damage":2,"enemies":"Sphere and 2 Shapes","floor":44,"turns":3},{"damage":59,"enemies":"Nemesis","floor":46,"turns":5},{"damage":46,"enemies":"Awakened One","floor":50,"turns":5}],"seed_played":"2105235856469973549","potions_obtained":[{"floor":1,"key":"Weak Potion"},{"floor":7,"key":"Energy Potion"},{"floor":12,"key":"Fire Potion"}],"is_trial":false,"path_per_floor":["M","?","?","?","M","R","E","R","T","E","M","M","?","?","R","B",null,"M","$","?","M","?","R","M","E","T","?","R","E","M","?","R","B",null,"M","?","M","M","$","R","M","R","T","M","$","E","?","$","R","B"],"character_chosen":"DEFECT","items_purchased":["Orichalcum","Mind Blast","Apotheosis","Rip and Tear","Heatsinks","Ball Lightning+1","Finesse","Turnip","Madness"],"campfire_rested":7,"item_purchase_floors":[19,19,19,19,19,39,39,39,45],"current_hp_per_floor":[80,69,62,51,51,79,29,57,57,15,10,11,35,35,63,5,96,72,72,72,62,43,71,52,37,37,37,65,50,35,19,47,1,96,92,75,77,67,67,67,58,86,86,86,86,29,29,29,29,0],"gold":0,"neow_bonus":"TEN_PERCENT_HP_BONUS","is_prod":false,"is_daily":false,"chose_seed":false,"campfire_upgraded":0,"win_rate":0,"timestamp":1552596872,"path_taken":["M","?","?","?","M","R","E","R","T","E","M","?","?","?","R","BOSS","M","$","?","M","?","R","M","E","T","?","R","E","?","?","R","BOSS","M","?","M","M","$","R","M","R","T","M","$","E","?","?","R","BOSS"],"build_version":"2019-01-23","purchased_purges":0,"victory":false,"max_hp_per_floor":[82,96,96,96,96,96,96,96,96,96,96,96,96,96,96,96,96,96,96,96,96,96,96,96,96,96,96,96,96,96,96,96,96,96,96,96,96,96,96,96,96,96,96,96,96,96,96,96,96,96],"card_choices":[{"not_picked":["Undo","Streamline"],"picked":"Compile Driver","floor":1},{"not_picked":["Sweeping Beam","Cold Snap"],"picked":"White Noise","floor":5},{"not_picked":["Hologram","Capacitor"],"picked":"Defragment","floor":7},{"not_picked":["Reprogram","Gash"],"picked":"Sweeping Beam","floor":10},{"not_picked":["Sunder","Steam Power"],"picked":"Sweeping Beam","floor":11},{"not_picked":["Doom and Gloom","Double Energy"],"picked":"Loop","floor":12},{"not_picked":["Multi-Cast","Core Surge"],"picked":"Amplify","floor":16},{"not_picked":["Undo+1","Turbo"],"picked":"Steam","floor":18},{"not_picked":["Steam","Leap+1"],"picked":"Compile Driver+1","floor":21},{"not_picked":["Darkness","Heatsinks"],"picked":"Go for the Eyes+1","floor":22},{"not_picked":["Consume","Chill"],"picked":"Stack+1","floor":24},{"not_picked":["Machine Learning","Hologram"],"picked":"Turbo","floor":25},{"not_picked":["Heatsinks","Sweeping Beam"],"picked":"Scrape+1","floor":29},{"not_picked":["Reprogram","Turbo"],"picked":"Gash+1","floor":30},{"not_picked":["Buffer","Creative AI"],"picked":"Electrodynamics","floor":33},{"not_picked":["Turbo","Heatsinks+1"],"picked":"Steam+1","floor":35},{"not_picked":["Coolheaded+1","Cold Snap+1"],"picked":"Melter+1","floor":36},{"not_picked":["Sweeping Beam+1","Compile Driver+1"],"picked":"Hologram+1","floor":37},{"not_picked":["Leap","Rebound+1"],"picked":"Gash+1","floor":38},{"not_picked":["Coolheaded","Tempest"],"picked":"Barrage+1","floor":41},{"not_picked":["Compile Driver+1","Go for the Eyes+1"],"picked":"Beam Cell+1","floor":44},{"not_picked":["Reinforced Body","Leap"],"picked":"Chill","floor":46}],"player_experience":309511,"relics_obtained":[{"floor":7,"key":"Anchor"},{"floor":9,"key":"PreservedInsect"},{"floor":10,"key":"Blood Vial"},{"floor":22,"key":"Gambling Chip"},{"floor":22,"key":"Ornamental Fan"},{"floor":25,"key":"Centennial Puzzle"},{"floor":26,"key":"Whetstone"},{"floor":29,"key":"Molten Egg 2"},{"floor":31,"key":"Enchiridion"},{"floor":36,"key":"Thread and Needle"},{"floor":46,"key":"Girya"}],"event_choices":[{"damage_healed":0,"gold_gain":0,"player_choice":"Success","damage_taken":25,"relics_obtained":["Mango"],"max_hp_gain":0,"max_hp_loss":0,"event_name":"Scrap Ooze","floor":2,"gold_loss":0},{"cards_removed":["Dualcast"],"damage_healed":0,"gold_gain":0,"player_choice":"Card Removal","damage_taken":7,"max_hp_gain":0,"max_hp_loss":0,"event_name":"Golden Wing","floor":3,"gold_loss":0},{"damage_healed":0,"gold_gain":75,"player_choice":"Gather Gold","damage_taken":11,"max_hp_gain":0,"max_hp_loss":0,"event_name":"World of Goop","floor":4,"gold_loss":0},{"damage_healed":24,"gold_gain":0,"player_choice":"Healed and dodged fight","damage_taken":0,"max_hp_gain":0,"max_hp_loss":0,"event_name":"Mushrooms","floor":13,"gold_loss":0,"cards_obtained":["Parasite"]},{"damage_healed":0,"gold_gain":175,"player_choice":"AGREE","damage_taken":0,"max_hp_gain":0,"max_hp_loss":0,"event_name":"Liars Game","floor":14,"gold_loss":0,"cards_obtained":["Doubt"]},{"damage_healed":0,"gold_gain":0,"player_choice":"Opened","damage_taken":0,"relics_obtained":["Bronze Scales"],"max_hp_gain":0,"max_hp_loss":0,"event_name":"The Mausoleum","floor":20,"gold_loss":0,"cards_obtained":["Writhe"]},{"damage_healed":0,"gold_gain":0,"player_choice":"Fight","damage_taken":0,"max_hp_gain":0,"max_hp_loss":0,"event_name":"Colosseum","floor":22,"gold_loss":0},{"damage_healed":0,"gold_gain":0,"player_choice":"Fought Nobs","damage_taken":0,"max_hp_gain":0,"max_hp_loss":0,"event_name":"Colosseum","floor":22,"gold_loss":0},{"damage_healed":0,"gold_gain":0,"player_choice":"Bought 0 Potions","damage_taken":0,"max_hp_gain":0,"max_hp_loss":0,"event_name":"The Woman in Blue","floor":27,"gold_loss":0},{"damage_healed":0,"gold_gain":0,"player_choice":"Obtained Book","damage_taken":16,"max_hp_gain":0,"max_hp_loss":0,"event_name":"Cursed Tome","floor":31,"gold_loss":0},{"damage_healed":0,"gold_gain":0,"player_choice":"Fight","damage_taken":0,"max_hp_gain":0,"max_hp_loss":0,"event_name":"MindBloom","floor":36,"gold_loss":0},{"damage_healed":0,"gold_gain":0,"player_choice":"Paid","damage_taken":0,"relics_obtained":["Red Mask"],"max_hp_gain":0,"max_hp_loss":0,"event_name":"Tomb of Lord Red Mask","floor":47,"gold_loss":64}],"is_beta":false,"boss_relics":[{"not_picked":["Pandora\u0027s Box","Empty Cage"],"picked":"Sozu"},{"not_picked":["Runic Dome","Inserter"],"picked":"Nuclear Battery"}],"items_purged_floors":[],"is_endless":false,"potions_floor_spawned":[1,7,12,18,22,24,30,33,46],"killed_by":"Awakened One","ascension_level":3}