{"gold_per_floor":[110,122,122,122,149,161,217,254,291,346,372,403,434,446],"floor_reached":14,"playtime":467,"items_purged":[],"score":127,"play_id":"fabf85d4-89ab-4d10-b453-a6051abb2b95","local_time":"20181022232956","is_ascension_mode":false,"campfire_choices":[{"data":"Dodge and Roll","floor":6,"key":"SMITH"}],"neow_cost":"NONE","seed_source_timestamp":1082824322895926,"circlet_count":0,"master_deck":["Defend_G","Defend_G","Defend_G","Defend_G","Defend_G","Strike_G","Strike_G","Strike_G","Strike_G","Strike_G","Survivor","Neutralize+1","Bouncing Flask+1","Dodge and Roll+1","Deadly Poison","PiercingWail","Prepared","Deadly Poison","Flying Knee"],"relics":["Ring of the Snake","NeowsBlessing","Golden Idol","MawBank","Torii","Vajra","Calipers"],"potions_floor_usage":[10,12],"damage_taken":[{"damage":0,"enemies":"Cultist","floor":1,"turns":1},{"damage":0,"enemies":"2 Louse","floor":2,"turns":1},{"damage":0,"enemies":"Lagavulin","floor":7,"turns":1},{"damage":8,"enemies":"Small Slimes","floor":8,"turns":3},{"damage":10,"enemies":"Gremlin Nob","floor":10,"turns":4},{"damage":8,"enemies":"2 Fungi Beasts","floor":11,"turns":5},{"damage":8,"enemies":"Gremlin Gang","floor":12,"turns":2},{"damage":2,"enemies":"Blue Slaver","floor":13,"turns":3},{"damage":10,"enemies":"Red Slaver","floor":14,"turns":4}],"seed_played":"2752396271174827618","potions_obtained":[{"floor":1,"key":"Weak Potion"},{"floor":2,"key":"Explosive Potion"},{"floor":8,"key":"AttackPotion"}],"is_trial":false,"path_per_floor":["M","M","?","?","T","R","E","M","T","E","M","M","M"],"character_chosen":"THE_SILENT","items_purchased":[],"campfire_rested":0,"item_purchase_floors":[],"current_hp_per_floor":[70,70,56,39,39,39,39,31,31,21,13,5,3,0],"gold":446,"neow_bonus":"THREE_ENEMY_KILL","is_prod":false,"is_daily":false,"chose_seed":false,"campfire_upgraded":1,"win_rate":0,"timestamp":1540265396,"path_taken":["M","?","?","?","?","R","E","M","T","E","M","M","M","M"],"build_version":"2018-10-18","purchased_purges":0,"victory":false,"max_hp_per_floor":[70,70,70,70,70,70,70,70,70,70,70,70,70,70],"card_choices":[{"not_picked":["Endless Agony","Crippling Poison"],"picked":"Bouncing Flask","floor":1},{"not_picked":["Dagger Throw","All Out Attack"],"picked":"Dodge and Roll","floor":2},{"not_picked":["Bullet Time","Well Laid Plans"],"picked":"Deadly Poison","floor":7},{"not_picked":["Outmaneuver","Acrobatics"],"picked":"PiercingWail","floor":8},{"not_picked":["Skewer","Acrobatics","Flying Knee"],"picked":"SKIP","floor":10},{"not_picked":["Underhanded Strike","Dodge and Roll"],"picked":"Prepared","floor":11},{"not_picked":["Predator","Dagger Throw"],"picked":"Deadly Poison","floor":12},{"not_picked":["Blur","Deflect"],"picked":"Flying Knee","floor":13}],"player_experience":62645,"relics_obtained":[{"floor":5,"key":"MawBank"},{"floor":7,"key":"Torii"},{"floor":9,"key":"Vajra"},{"floor":10,"key":"Calipers"}],"event_choices":[{"damage_healed":0,"gold_gain":0,"player_choice":"Entered Light","damage_taken":14,"max_hp_gain":0,"max_hp_loss":0,"event_name":"Shining Light","floor":3,"gold_loss":0,"cards_upgraded":["Neutralize","Bouncing Flask"]},{"damage_healed":0,"gold_gain":0,"player_choice":"Take Damage","damage_taken":17,"relics_obtained":["Golden Idol"],"max_hp_gain":0,"max_hp_loss":0,"event_name":"Golden Idol","floor":4,"gold_loss":0}],"is_beta":false,"boss_relics":[],"items_purged_floors":[],"is_endless":false,"potions_floor_spawned":[1,2,8],"killed_by":"Red Slaver","ascension_level":0}