{"gold_per_floor":[109,124,124,143,158,184,184,217,291,291,316,23,43,70,70,166,166,178,189,199,213,244,244,58,68,68,68],"floor_reached":27,"playtime":1368,"items_purged":["Strike_G"],"score":331,"play_id":"7c84b9f5-80dc-4b9d-ba45-3618fa916a46","local_time":"20190615161539","is_ascension_mode":true,"campfire_choices":[{"data":"Night Terror","floor":7,"key":"SMITH"},{"floor":10,"key":"REST"},{"floor":15,"key":"REST"},{"floor":23,"key":"REST"}],"neow_cost":"NONE","seed_source_timestamp":102414811419300,"circlet_count":0,"master_deck":["Defend_G","Defend_G","Defend_G","Defend_G","Defend_G","Strike_G","Strike_G","Strike_G","Survivor","Neutralize","Dagger Spray","Crippling Poison","Poisoned Stab","Night Terror+1","Deadly Poison","Backflip","Crippling Poison","Deflect","After Image","Backflip+1","Deflect","Well Laid Plans","Blur"],"relics":["Ring of the Snake","FossilizedHelix","StoneCalendar","Gremlin Horn","Centennial Puzzle","ClockworkSouvenir","Potion Belt","Velvet Choker","Red Mask","Bottled Tornado"],"potions_floor_usage":[22],"damage_taken":[{"damage":2,"enemies":"2 Louse","floor":1,"turns":3},{"damage":0,"enemies":"Cultist","floor":2,"turns":4},{"damage":0,"enemies":"Small Slimes","floor":4,"turns":4},{"damage":0,"enemies":"2 Fungi Beasts","floor":5,"turns":3},{"damage":37,"enemies":"Gremlin Nob","floor":6,"turns":5},{"damage":5,"enemies":"Lagavulin","floor":8,"turns":5},{"damage":17,"enemies":"Gremlin Nob","floor":11,"turns":5},{"damage":0,"enemies":"3 Louse","floor":13,"turns":3},{"damage":12,"enemies":"Lagavulin","floor":14,"turns":7},{"damage":22,"enemies":"Hexaghost","floor":16,"turns":9},{"damage":7,"enemies":"Spheric Guardian","floor":18,"turns":5},{"damage":0,"enemies":"Chosen","floor":19,"turns":7},{"damage":7,"enemies":"Snake Plant","floor":20,"turns":6},{"damage":2,"enemies":"Shelled Parasite and Fungi","floor":21,"turns":7},{"damage":36,"enemies":"Masked Bandits","floor":22,"turns":6},{"damage":9,"enemies":"Centurion and Healer","floor":25,"turns":7},{"damage":31,"enemies":"Book of Stabbing","floor":27,"turns":7}],"seed_played":"-4519939560080191638","potions_obtained":[{"floor":1,"key":"SkillPotion"},{"floor":6,"key":"Weak Potion"},{"floor":11,"key":"GamblersBrew"},{"floor":16,"key":"Regen Potion"},{"floor":19,"key":"Fruit Juice"}],"is_trial":false,"path_per_floor":["M","M","?","M","M","E","R","E","T","R","E","$","M","E","R","B",null,"M","M","M","M","?","R","$","M","T","E"],"character_chosen":"THE_SILENT","items_purchased":["ClockworkSouvenir","Crippling Poison","Deflect","Well Laid Plans","Blur"],"campfire_rested":3,"item_purchase_floors":[12,12,12,24,24],"current_hp_per_floor":[61,61,61,61,61,24,24,19,19,40,23,23,23,11,32,10,55,48,48,41,39,17,38,38,29,29,0],"gold":68,"neow_bonus":"REMOVE_CARD","is_prod":false,"is_daily":false,"chose_seed":false,"campfire_upgraded":1,"win_rate":0,"timestamp":1560629739,"path_taken":["M","M","?","?","M","E","R","E","T","R","E","$","M","E","R","BOSS","M","M","M","M","?","R","$","M","T","E"],"build_version":"2019-01-23","purchased_purges":1,"victory":false,"max_hp_per_floor":[70,70,70,70,70,70,70,70,70,70,70,70,70,70,70,70,70,70,70,70,70,70,70,70,70,70,70],"card_choices":[{"not_picked":["Choke","Dodge and Roll"],"picked":"Dagger Spray","floor":1},{"not_picked":["Cloak And Dagger","Blade Dance"],"picked":"Crippling Poison","floor":2},{"not_picked":["Acrobatics","Concentrate"],"picked":"Poisoned Stab","floor":4},{"not_picked":["Setup","Choke"],"picked":"Night Terror","floor":5},{"not_picked":["Quick Slash","Prepared"],"picked":"Deadly Poison","floor":6},{"not_picked":["Acrobatics","Flying Knee"],"picked":"Backflip","floor":8},{"not_picked":["Eviscerate","Terror","Predator"],"picked":"SKIP","floor":11},{"not_picked":["Prepared","Bane","Sucker Punch"],"picked":"SKIP","floor":13},{"not_picked":["Setup","Calculated Gamble","Sucker Punch"],"picked":"SKIP","floor":14},{"not_picked":["Die Die Die","Tools of the Trade"],"picked":"After Image","floor":16},{"not_picked":["Prepared","Bouncing Flask"],"picked":"Backflip+1","floor":18},{"not_picked":["Quick Slash","Dagger Spray+1","Heel Hook+1"],"picked":"SKIP","floor":19},{"not_picked":["Underhanded Strike","Bouncing Flask+1","Setup"],"picked":"SKIP","floor":20},{"not_picked":["Poisoned Stab","Masterful Stab","Expertise"],"picked":"SKIP","floor":21},{"not_picked":["Poisoned Stab","Acrobatics+1"],"picked":"Deflect","floor":22},{"not_picked":["Outmaneuver","Tactician+1","Dagger Throw"],"picked":"SKIP","floor":25}],"player_experience":260630,"relics_obtained":[{"floor":6,"key":"FossilizedHelix"},{"floor":8,"key":"StoneCalendar"},{"floor":9,"key":"Gremlin Horn"},{"floor":11,"key":"Centennial Puzzle"},{"floor":14,"key":"Potion Belt"},{"floor":22,"key":"Red Mask"},{"floor":26,"key":"Bottled Tornado"}],"event_choices":[{"damage_healed":0,"gold_gain":0,"player_choice":"Bought 0 Potions","damage_taken":0,"max_hp_gain":0,"max_hp_loss":0,"event_name":"The Woman in Blue","floor":3,"gold_loss":0},{"damage_healed":0,"gold_gain":0,"player_choice":"Fought Bandits","damage_taken":0,"max_hp_gain":0,"max_hp_loss":0,"event_name":"Masked Bandits","floor":22,"gold_loss":0}],"is_beta":false,"boss_relics":[{"not_picked":["Tiny House","WristBlade"],"picked":"Velvet Choker"}],"items_purged_floors":[24],"is_endless":false,"potions_floor_spawned":[1,6,11,16,19,21],"killed_by":"Book of Stabbing","ascension_level":7}