{"gold_per_floor":[117,133,186,198,213,238,238,263,263,296,296,315,315,349,349,454,454,467,485,498,573,58,58,89,89,89,89,119,138,157,182,182,280,280,291,303,303,403,403,403,437,449,495,527,544,544,100,115,115,115,115,115,35,60,60],"floor_reached":55,"playtime":4468,"items_purged":[],"score":980,"play_id":"6ca4282b-307e-45c3-b4fa-0c3894141b77","local_time":"20190308133705","is_ascension_mode":true,"campfire_choices":[{"floor":7,"key":"REST"},{"floor":11,"key":"REST"},{"floor":13,"key":"RECALL"},{"data":"Armaments","floor":15,"key":"SMITH"},{"floor":23,"key":"REST"},{"data":"Inflame","floor":27,"key":"SMITH"},{"floor":32,"key":"REST"},{"data":"Limit Break","floor":40,"key":"SMITH"},{"floor":46,"key":"REST"},{"data":"Limit Break","floor":49,"key":"SMITH"},{"data":"Inflame","floor":52,"key":"SMITH"}],"neow_cost":"NONE","seed_source_timestamp":590275815209500,"circlet_count":0,"master_deck":["Strike_R","Strike_R","Strike_R","Strike_R","Strike_R","Defend_R","Defend_R","Defend_R","Defend_R+1","Bash","Bloodletting","Cleave","Carnage","Iron Wave","Iron Wave","Armaments+1","Inflame+1","Sword Boomerang","Carnage","Feed","Sword Boomerang","Headbutt+1","Iron Wave+1","Spot Weakness","Metallicize","Rage","Limit Break+1","Metallicize+1","Whirlwind","Limit Break+1","Pommel Strike+1","Cleave+1","Madness","Madness+1","Iron Wave","Armaments+1","Anger+1","Pummel+1","Inflame+1","Bandage Up","Searing Blow+1","Pummel+1","Flex+1"],"relics":["Burning Blood","Red Skull","Happy Flower","Bronze Scales","Anchor","Incense Burner","White Beast Statue","Matryoshka","Sundial","Pantograph","Potion Belt","Bottled Tornado","Omamori","Meat on the Bone","Runic Pyramid","Ice Cream","Gremlin Horn","PreservedInsect","Pen Nib","Molten Egg 2","Sling","Oddly Smooth Stone","War Paint"],"potions_floor_usage":[4,6,10,16,16,19,20,24,28,29,30,31,33,36,36,36,36,36,36,41,42,42,42,45,48,50,55],"damage_taken":[{"damage":11,"enemies":"Cultist","floor":1,"turns":4},{"damage":7,"enemies":"Small Slimes","floor":2,"turns":4},{"damage":12,"enemies":"Jaw Worm","floor":4,"turns":3},{"damage":15,"enemies":"Exordium Wildlife","floor":5,"turns":3},{"damage":38,"enemies":"Lagavulin","floor":6,"turns":7},{"damage":20,"enemies":"3 Sentries","floor":8,"turns":6},{"damage":4,"enemies":"Gremlin Nob","floor":10,"turns":4},{"damage":0,"enemies":"Large Slime","floor":12,"turns":5},{"damage":15,"enemies":"3 Sentries","floor":14,"turns":5},{"damage":5,"enemies":"Slime Boss","floor":16,"turns":7},{"damage":16,"enemies":"2 Thieves","floor":18,"turns":3},{"damage":3,"enemies":"Chosen","floor":19,"turns":4},{"damage":10,"enemies":"Snake Plant","floor":20,"turns":4},{"damage":28,"enemies":"Book of Stabbing","floor":24,"turns":5},{"damage":17,"enemies":"Slavers","floor":28,"turns":5},{"damage":7,"enemies":"Cultist and Chosen","floor":29,"turns":4},{"damage":12,"enemies":"3 Cultists","floor":30,"turns":5},{"damage":50,"enemies":"Gremlin Leader","floor":31,"turns":4},{"damage":37,"enemies":"Champ","floor":33,"turns":8},{"damage":44,"enemies":"3 Shapes","floor":35,"turns":3},{"damage":3,"enemies":"3 Darklings","floor":36,"turns":3},{"damage":0,"enemies":"Mind Bloom Boss Battle","floor":38,"turns":4},{"damage":39,"enemies":"Giant Head","floor":41,"turns":6},{"damage":3,"enemies":"Transient","floor":42,"turns":5},{"damage":4,"enemies":"Reptomancer","floor":44,"turns":3},{"damage":36,"enemies":"4 Shapes","floor":45,"turns":2},{"damage":6,"enemies":"Writhing Mass","floor":48,"turns":4},{"damage":91,"enemies":"Donu and Deca","floor":50,"turns":8},{"damage":71,"enemies":"Shield and Spear","floor":54,"turns":4},{"damage":88,"enemies":"The Heart","floor":55,"turns":6}],"seed_played":"-3338793950590129303","potions_obtained":[{"floor":2,"key":"Regen Potion"},{"floor":4,"key":"Dexterity Potion"},{"floor":8,"key":"EssenceOfSteel"},{"floor":12,"key":"Strength Potion"},{"floor":14,"key":"LiquidBronze"},{"floor":18,"key":"Poison Potion"},{"floor":19,"key":"EssenceOfSteel"},{"floor":20,"key":"Weak Potion"},{"floor":24,"key":"Strength Potion"},{"floor":28,"key":"PowerPotion"},{"floor":29,"key":"Explosive Potion"},{"floor":30,"key":"Explosive Potion"},{"floor":31,"key":"Poison Potion"},{"floor":33,"key":"BloodPotion"},{"floor":35,"key":"EntropicBrew"},{"floor":36,"key":"PowerPotion"},{"floor":38,"key":"FearPotion"},{"floor":41,"key":"EssenceOfSteel"},{"floor":42,"key":"GamblersBrew"},{"floor":44,"key":"Poison Potion"},{"floor":45,"key":"Fire Potion"},{"floor":48,"key":"Fire Potion"},{"floor":54,"key":"SpeedPotion"}],"is_trial":false,"path_per_floor":["M","M","T","M","M","E","R","E","T","E","R","M","R","E","R","B",null,"M","M","M","?","$","R","E","?","T","R","E","M","M","E","R","B",null,"M","M","?","?","?","R","E","M","T","E","M","R","$","M","R","B",null,"R","$","E","B"],"character_chosen":"IRONCLAD","items_purchased":["Matryoshka","Sundial","Sling","Oddly Smooth Stone","Bandage Up","Pummel+1"],"campfire_rested":5,"item_purchase_floors":[22,22,47,47,47,53],"current_hp_per_floor":[83,82,82,85,76,44,70,56,56,58,84,88,88,79,79,80,88,78,81,77,69,69,88,66,66,66,66,58,60,54,10,38,44,94,59,80,68,97,97,97,64,67,67,69,54,84,84,90,90,35,104,104,104,58,0],"gold":60,"neow_bonus":"TEN_PERCENT_HP_BONUS","is_prod":false,"is_daily":false,"chose_seed":false,"campfire_upgraded":5,"win_rate":0,"timestamp":1552052225,"path_taken":["M","M","?","M","M","E","R","E","T","E","R","M","R","E","R","BOSS","M","M","?","?","?","R","E","?","T","R","E","M","M","E","R","BOSS","M","M","?","?","?","R","E","M","T","E","?","R","$","M","R","BOSS","R","$","E","BOSS"],"build_version":"2019-01-23","purchased_purges":0,"victory":false,"max_hp_per_floor":[88,88,88,88,88,88,88,88,88,88,88,88,88,88,88,88,88,88,88,88,88,88,88,88,88,88,88,91,94,94,94,94,94,94,97,97,97,97,97,97,97,97,97,97,100,100,100,100,100,104,104,104,104,107,107],"card_choices":[{"not_picked":["True Grit","Iron Wave"],"picked":"Bloodletting","floor":1},{"not_picked":["Clash","Headbutt"],"picked":"Cleave","floor":2},{"not_picked":["Headbutt","Clash"],"picked":"Carnage","floor":4},{"not_picked":["Dropkick","Havoc"],"picked":"Iron Wave","floor":5},{"not_picked":["Sentinel","Wild Strike"],"picked":"Iron Wave","floor":6},{"not_picked":["Sentinel","Perfected Strike"],"picked":"Armaments","floor":8},{"not_picked":["Feel No Pain","Pommel Strike"],"picked":"Inflame","floor":10},{"not_picked":["Headbutt","Hemokinesis"],"picked":"Sword Boomerang","floor":12},{"not_picked":["Offering","Flex"],"picked":"Carnage","floor":14},{"not_picked":["Juggernaut","Exhume"],"picked":"Feed","floor":16},{"not_picked":["Perfected Strike","Wild Strike"],"picked":"Sword Boomerang","floor":18},{"not_picked":["Body Slam","Shrug It Off"],"picked":"Headbutt+1","floor":19},{"not_picked":["Perfected Strike+1","Anger"],"picked":"Iron Wave+1","floor":20},{"not_picked":["Ghostly Armor+1","Evolve"],"picked":"Spot Weakness","floor":24},{"not_picked":["Thunderclap","Sentinel+1"],"picked":"Rage","floor":28},{"not_picked":["Dropkick","Perfected Strike"],"picked":"Limit Break","floor":29},{"not_picked":["Headbutt","Dropkick"],"picked":"Metallicize+1","floor":30},{"not_picked":["Dark Embrace","Clothesline+1"],"picked":"Whirlwind","floor":31},{"not_picked":["Feed","Offering"],"picked":"Limit Break","floor":33},{"not_picked":["Armaments","Warcry"],"picked":"Pommel Strike+1","floor":35},{"not_picked":["Double Tap","Power Through"],"picked":"Cleave+1","floor":36},{"not_picked":["Wild Strike+1","Perfected Strike"],"picked":"Iron Wave","floor":38},{"not_picked":["Whirlwind","Dropkick"],"picked":"Armaments+1","floor":41},{"not_picked":["Perfected Strike+1","Flame Barrier+1"],"picked":"Anger+1","floor":42},{"not_picked":["Shrug It Off+1","Rampage"],"picked":"Pummel+1","floor":44},{"not_picked":["Seeing Red","Pommel Strike+1"],"picked":"Inflame","floor":45},{"not_picked":["Thunderclap+1","Perfected Strike+1"],"picked":"Searing Blow+1","floor":48},{"not_picked":["Sentinel+1","Cleave+1"],"picked":"Flex+1","floor":54}],"player_experience":277793,"relics_obtained":[{"floor":3,"key":"Red Skull"},{"floor":6,"key":"Happy Flower"},{"floor":8,"key":"Bronze Scales"},{"floor":10,"key":"Anchor"},{"floor":14,"key":"Incense Burner"},{"floor":24,"key":"Pantograph"},{"floor":26,"key":"Potion Belt"},{"floor":26,"key":"Bottled Tornado"},{"floor":28,"key":"Omamori"},{"floor":31,"key":"Meat on the Bone"},{"floor":38,"key":"Ice Cream"},{"floor":41,"key":"Gremlin Horn"},{"floor":43,"key":"PreservedInsect"},{"floor":43,"key":"Pen Nib"},{"floor":44,"key":"Molten Egg 2"},{"floor":54,"key":"War Paint"}],"event_choices":[{"damage_healed":0,"gold_gain":75,"player_choice":"Touch","damage_taken":8,"max_hp_gain":0,"max_hp_loss":0,"event_name":"FaceTrader","floor":21,"gold_loss":0},{"damage_healed":0,"gold_gain":0,"player_choice":"Read","damage_taken":0,"max_hp_gain":0,"max_hp_loss":0,"event_name":"The Library","floor":25,"gold_loss":0,"cards_obtained":["Metallicize"]},{"damage_healed":0,"gold_gain":0,"player_choice":"Embrace Madness","damage_taken":12,"max_hp_gain":0,"max_hp_loss":0,"event_name":"Winding Halls","floor":37,"gold_loss":0,"cards_obtained":["Madness","Madness"]},{"damage_healed":0,"gold_gain":0,"player_choice":"Fight","damage_taken":0,"max_hp_gain":0,"max_hp_loss":0,"event_name":"MindBloom","floor":38,"gold_loss":0},{"damage_healed":0,"gold_gain":0,"player_choice":"Ignored","damage_taken":0,"max_hp_gain":0,"max_hp_loss":0,"event_name":"SecretPortal","floor":39,"gold_loss":0}],"is_beta":false,"boss_relics":[{"not_picked":["Runic Dome","Snecko Eye"],"picked":"White Beast Statue"},{"not_picked":["Empty Cage","Pandora\u0027s Box"],"picked":"Runic Pyramid"}],"items_purged_floors":[],"is_endless":false,"potions_floor_spawned":[2,4,8,12,14,18,19,20,24,28,29,30,31,33,35,36,38,41,42,44,45,48,54],"killed_by":"The Heart","ascension_level":3}