{"gold_per_floor":[369,369,114,131,149,178,178,188,238,13,13,49,24,24,24,145,145,169,189,189,288,38,74,74,349,373,373],"floor_reached":27,"playtime":1596,"items_purged":[],"score":323,"play_id":"64c86e47-f58e-4abc-89f1-79fb87f64b7c","local_time":"20190221203311","is_ascension_mode":true,"campfire_choices":[{"floor":7,"key":"REST"},{"floor":15,"key":"REST"}],"neow_cost":"PERCENT_DAMAGE","seed_source_timestamp":399168259756700,"circlet_count":0,"master_deck":["Defend_B","Defend_B","Defend_B","Defend_B","Zap","Coolheaded","Capacitor","Discovery","Cold Snap","Turbo","Loop","Coolheaded","Conserve Battery","White Noise","Self Repair","Injury","Barrage+1","Ball Lightning","Core Surge+1","Amplify","Cold Snap+1","Capacitor+1","Bite","Bite","Bite","Bite","Bite","Chaos","Chrysalis","Creative AI","Regret"],"relics":["Cracked Core","Pear","Orichalcum","Golden Idol","Bronze Scales","Runic Pyramid","Art of War","Whetstone","Boot"],"potions_floor_usage":[12,19,19,23],"damage_taken":[{"damage":0,"enemies":"2 Louse","floor":1,"turns":1},{"damage":0,"enemies":"Cultist","floor":4,"turns":3},{"damage":7,"enemies":"Jaw Worm","floor":5,"turns":2},{"damage":14,"enemies":"3 Sentries","floor":6,"turns":5},{"damage":6,"enemies":"Blue Slaver","floor":8,"turns":5},{"damage":25,"enemies":"Lagavulin","floor":12,"turns":6},{"damage":25,"enemies":"The Guardian","floor":16,"turns":13},{"damage":11,"enemies":"3 Byrds","floor":18,"turns":3},{"damage":6,"enemies":"Spheric Guardian","floor":19,"turns":4},{"damage":52,"enemies":"Book of Stabbing","floor":23,"turns":6},{"damage":18,"enemies":"3 Cultists","floor":27,"turns":3}],"seed_played":"5455895064757252821","potions_obtained":[{"floor":4,"key":"Energy Potion"},{"floor":8,"key":"Poison Potion"},{"floor":16,"key":"Block Potion"},{"floor":18,"key":"Dexterity Potion"}],"is_trial":false,"path_per_floor":["M","?","$","M","M","E","R","M","T","$","?","E","$","?","R","B",null,"M","M","?","?","$","E","T","?","T","M"],"character_chosen":"DEFECT","items_purchased":["Capacitor","Discovery","Cold Snap","Turbo","Orichalcum","Self Repair","Ball Lightning","Chaos","Chrysalis"],"campfire_rested":2,"item_purchase_floors":[3,3,3,3,10,10,13,22,22],"current_hp_per_floor":[54,54,54,54,47,43,68,62,62,62,62,44,44,44,69,51,85,81,85,59,59,59,13,13,13,13,0],"gold":373,"neow_bonus":"TWO_FIFTY_GOLD","is_prod":false,"is_daily":false,"chose_seed":false,"campfire_upgraded":0,"win_rate":0,"timestamp":1550781191,"path_taken":["M","?","$","M","M","E","R","?","T","?","?","E","$","?","R","BOSS","M","?","?","?","$","E","?","?","T","?"],"build_version":"2019-01-23","purchased_purges":0,"victory":false,"max_hp_per_floor":[75,75,75,75,75,85,85,85,85,85,85,85,85,85,85,85,85,85,85,59,59,59,59,59,59,59,59],"card_choices":[{"not_picked":["Compile Driver","Stack"],"picked":"Coolheaded","floor":1},{"not_picked":["Rip and Tear","Ball Lightning"],"picked":"Loop","floor":4},{"not_picked":["Hologram","Sweeping Beam"],"picked":"Coolheaded","floor":5},{"not_picked":["Reboot","Gash"],"picked":"Conserve Battery","floor":6},{"not_picked":["Cold Snap","Beam Cell"],"picked":"White Noise","floor":8},{"not_picked":["Cold Snap","Aggregate"],"picked":"Barrage","floor":12},{"not_picked":["Hyperbeam","All For One"],"picked":"Amplify","floor":16},{"not_picked":["Stack","Conserve Battery"],"picked":"Cold Snap+1","floor":18},{"not_picked":["Stack","Force Field+1"],"picked":"Capacitor+1","floor":19},{"not_picked":["Turbo+1","Steam"],"picked":"Creative AI","floor":23}],"player_experience":209279,"relics_obtained":[{"floor":6,"key":"Pear"},{"floor":12,"key":"Bronze Scales"},{"floor":23,"key":"Art of War"},{"floor":24,"key":"Whetstone"},{"floor":26,"key":"Boot"}],"event_choices":[{"cards_removed":["Dualcast"],"damage_healed":0,"gold_gain":0,"player_choice":"Offered Basic","damage_taken":0,"max_hp_gain":0,"max_hp_loss":0,"event_name":"Bonfire Elementals","floor":2,"gold_loss":0},{"damage_healed":0,"gold_gain":0,"player_choice":"Take Wound","damage_taken":0,"relics_obtained":["Golden Idol"],"max_hp_gain":0,"max_hp_loss":0,"event_name":"Golden Idol","floor":11,"gold_loss":0,"cards_obtained":["Injury"]},{"damage_healed":0,"gold_gain":0,"player_choice":"1 cards matched","damage_taken":0,"max_hp_gain":0,"max_hp_loss":0,"event_name":"Match and Keep!","floor":14,"gold_loss":0,"cards_obtained":["Core Surge"]},{"damage_healed":0,"gold_gain":0,"player_choice":"Became a vampire","damage_taken":0,"max_hp_gain":0,"max_hp_loss":26,"event_name":"Vampires","floor":20,"gold_loss":0,"cards_obtained":["Bite","Bite","Bite","Bite","Bite"]},{"damage_healed":0,"gold_gain":99,"player_choice":"Stole From Cult","damage_taken":0,"max_hp_gain":0,"max_hp_loss":0,"event_name":"Nest","floor":21,"gold_loss":0},{"damage_healed":0,"gold_gain":275,"player_choice":"Desecrate","damage_taken":0,"max_hp_gain":0,"max_hp_loss":0,"event_name":"Golden Shrine","floor":25,"gold_loss":0,"cards_obtained":["Regret"]}],"is_beta":false,"boss_relics":[{"not_picked":["Eternal Feather","Cursed Key"],"picked":"Runic Pyramid"}],"items_purged_floors":[],"is_endless":false,"potions_floor_spawned":[4,8,16,18],"killed_by":"3 Cultists","ascension_level":3}