{"gold_per_floor":[114,129,129,129,148,148,186,186,211,211,211,230,230,268,268,393,393,412,222,137,156,156,186,186,201,201,201,201,216,231,246,246,346,396,411,426,426],"floor_reached":37,"playtime":2914,"items_purged":[],"score":399,"play_id":"cc9a6309-694c-4028-a0d8-2cc24884da3d","local_time":"20190315181738","daily_mods":["Heirloom","ControlledChaos","Night Terrors"],"is_ascension_mode":false,"campfire_choices":[{"floor":6,"key":"REST"},{"floor":8,"key":"REST"},{"data":"Biased Cognition","floor":15,"key":"SMITH"},{"floor":24,"key":"REST"},{"data":"Defragment","floor":32,"key":"SMITH"}],"neow_cost":"","seed_source_timestamp":0,"circlet_count":0,"master_deck":["Strike_B+1","Strike_B","Strike_B","Strike_B","Defend_B+1","Defend_B","Defend_B","Defend_B","Zap","Rebound","Ball Lightning","Compile Driver+1","Machine Learning","Leap","Biased Cognition+1","Gash","Regret","Defragment+1","Reboot","Auto Shields+1","Melter","Aggregate","Genetic Algorithm","Redo+1","Defragment+1","Hologram+1","Static Discharge","Echo Form","Sweeping Beam+1","Hologram","Doom and Gloom"],"special_seed":17970,"relics":["Cracked Core","Frozen Eye","Incense Burner","Bloody Idol","Dodecahedron","Whetstone","Pear","WingedGreaves","Black Star","Anchor","Symbiotic Virus","Pen Nib","Meat on the Bone","Bottled Lightning","Thread and Needle","Nilry\u0027s Codex","Tiny House"],"potions_floor_usage":[7,14,23,23,25,31,33,37,37],"damage_taken":[{"damage":6,"enemies":"Jaw Worm","floor":1,"turns":3},{"damage":3,"enemies":"Small Slimes","floor":2,"turns":3},{"damage":1,"enemies":"Cultist","floor":5,"turns":3},{"damage":27,"enemies":"3 Sentries","floor":7,"turns":5},{"damage":0,"enemies":"3 Louse","floor":12,"turns":2},{"damage":18,"enemies":"Lagavulin","floor":14,"turns":6},{"damage":37,"enemies":"Slime Boss","floor":16,"turns":9},{"damage":40,"enemies":"2 Thieves","floor":18,"turns":3},{"damage":4,"enemies":"3 Byrds","floor":21,"turns":4},{"damage":25,"enemies":"Slavers","floor":23,"turns":6},{"damage":2,"enemies":"Centurion and Healer","floor":25,"turns":6},{"damage":17,"enemies":"Snecko","floor":29,"turns":5},{"damage":3,"enemies":"Chosen and Byrds","floor":30,"turns":4},{"damage":0,"enemies":"3 Cultists","floor":31,"turns":3},{"damage":35,"enemies":"Champ","floor":33,"turns":10},{"damage":46,"enemies":"3 Darklings","floor":35,"turns":6},{"damage":11,"enemies":"Orb Walker","floor":36,"turns":5},{"damage":60,"enemies":"2 Orb Walkers","floor":37,"turns":3}],"seed_played":"1956191728071383589","potions_obtained":[{"floor":1,"key":"SpeedPotion"},{"floor":2,"key":"Regen Potion"},{"floor":21,"key":"EntropicBrew"},{"floor":23,"key":"FocusPotion"},{"floor":30,"key":"PowerPotion"},{"floor":31,"key":"Energy Potion"},{"floor":34,"key":"Dexterity Potion"}],"is_trial":false,"path_per_floor":["M","M","?","?","M","R","E","R","T","?","?","M","?","E","R","B",null,"M","$","?","M","?","E","R","M","T","?","?","M","M","M","R","B",null,"M","M","?"],"character_chosen":"DEFECT","items_purchased":["Anchor","Melter"],"campfire_rested":3,"item_purchase_floors":[19,19],"current_hp_per_floor":[69,66,66,66,65,64,49,59,59,59,59,59,69,51,51,14,69,29,29,29,25,25,11,64,64,64,64,48,48,50,55,55,37,69,40,46,0],"gold":426,"neow_bonus":"","is_prod":false,"is_daily":true,"chose_seed":false,"campfire_upgraded":2,"win_rate":0,"timestamp":1552673858,"path_taken":["M","M","?","?","?","R","E","R","T","?","?","?","?","E","R","BOSS","M","$","?","M","?","E","R","M","T","?","?","M","M","?","R","BOSS","M","?","?"],"build_version":"2019-01-23","purchased_purges":0,"victory":false,"max_hp_per_floor":[75,75,69,69,69,64,64,59,59,59,59,59,69,69,69,69,69,69,69,69,69,69,69,64,64,64,64,64,64,64,64,64,64,69,69,69,69],"card_choices":[{"not_picked":["Leap","Reprogram"],"picked":"Rebound","floor":1},{"not_picked":["Barrage","Compile Driver"],"picked":"Ball Lightning","floor":2},{"not_picked":["Beam Cell","Fission"],"picked":"Compile Driver","floor":5},{"not_picked":["Hologram","Conserve Battery"],"picked":"Machine Learning","floor":7},{"not_picked":["Turbo","Force Field"],"picked":"Gash","floor":12},{"not_picked":["Hologram","White Noise"],"picked":"Defragment","floor":14},{"not_picked":["Machine Learning","Buffer"],"picked":"Reboot","floor":16},{"not_picked":["Compile Driver","Streamline"],"picked":"Auto Shields+1","floor":18},{"not_picked":["Auto Shields","Turbo+1"],"picked":"Aggregate","floor":21},{"not_picked":["Streamline","Doom and Gloom"],"picked":"Genetic Algorithm","floor":23},{"not_picked":["Hologram","Leap"],"picked":"Redo+1","floor":25},{"not_picked":["Go for the Eyes","Consume"],"picked":"Defragment+1","floor":29},{"not_picked":["Ball Lightning","Cold Snap"],"picked":"Hologram+1","floor":30},{"not_picked":["Leap","Recycle"],"picked":"Static Discharge","floor":31},{"not_picked":["Seek","Hyperbeam"],"picked":"Echo Form","floor":33},{"not_picked":["Streamline+1","Sunder+1"],"picked":"Sweeping Beam+1","floor":34},{"not_picked":["Rebound","Steam"],"picked":"Hologram","floor":35},{"not_picked":["Steam+1","Core Surge"],"picked":"Doom and Gloom","floor":36}],"player_experience":320937,"relics_obtained":[{"floor":7,"key":"Dodecahedron"},{"floor":9,"key":"Whetstone"},{"floor":14,"key":"WingedGreaves"},{"floor":23,"key":"Pen Nib"},{"floor":23,"key":"Meat on the Bone"},{"floor":26,"key":"Bottled Lightning"},{"floor":28,"key":"Nilry\u0027s Codex"}],"event_choices":[{"damage_healed":0,"gold_gain":0,"player_choice":"Lose Max HP","damage_taken":0,"relics_obtained":["Golden Idol"],"max_hp_gain":0,"max_hp_loss":6,"event_name":"Golden Idol","floor":3,"gold_loss":0},{"cards_removed":["Dualcast"],"damage_healed":0,"gold_gain":0,"player_choice":"Offered Basic","damage_taken":0,"max_hp_gain":0,"max_hp_loss":0,"event_name":"Bonfire Elementals","floor":4,"gold_loss":0},{"damage_healed":0,"gold_gain":0,"player_choice":"Leave","damage_taken":0,"max_hp_gain":0,"max_hp_loss":0,"event_name":"The Cleric","floor":10,"gold_loss":0},{"damage_healed":0,"gold_gain":0,"player_choice":"2 cards matched","damage_taken":0,"max_hp_gain":0,"max_hp_loss":0,"event_name":"Match and Keep!","floor":11,"gold_loss":0,"cards_obtained":["Leap","Biased Cognition"]},{"damage_healed":0,"gold_gain":0,"player_choice":"Box","damage_taken":0,"relics_obtained":["Pear"],"max_hp_gain":0,"max_hp_loss":0,"event_name":"Big Fish","floor":13,"gold_loss":0,"cards_obtained":["Regret"]},{"damage_healed":0,"gold_gain":0,"player_choice":"Obtained Relic","damage_taken":0,"relics_obtained":["Symbiotic Virus"],"max_hp_gain":0,"max_hp_loss":0,"event_name":"Addict","floor":20,"gold_loss":85},{"damage_healed":0,"gold_gain":0,"player_choice":"Gave Idol","damage_taken":0,"relics_obtained":["Bloody Idol"],"max_hp_gain":0,"max_hp_loss":0,"event_name":"Forgotten Altar","floor":22,"relics_lost":["Golden Idol"],"gold_loss":0},{"damage_healed":0,"gold_gain":0,"player_choice":"Opened","damage_taken":0,"relics_obtained":["Thread and Needle"],"max_hp_gain":0,"max_hp_loss":0,"event_name":"The Mausoleum","floor":27,"gold_loss":0},{"damage_healed":0,"gold_gain":0,"player_choice":"Obtained Book","damage_taken":16,"max_hp_gain":0,"max_hp_loss":0,"event_name":"Cursed Tome","floor":28,"gold_loss":0},{"damage_healed":0,"gold_gain":0,"player_choice":"Fight","damage_taken":0,"max_hp_gain":0,"max_hp_loss":0,"event_name":"Mysterious Sphere","floor":37,"gold_loss":0}],"is_beta":false,"boss_relics":[{"not_picked":["Snecko Eye","Inserter"],"picked":"Black Star"},{"not_picked":["Eternal Feather","Philosopher\u0027s Stone"],"picked":"Tiny House"}],"items_purged_floors":[],"is_endless":false,"potions_floor_spawned":[1,2,21,23,30,31],"killed_by":"2 Orb Walkers","ascension_level":0}