{"gold_per_floor":[210,210,37,0,0,0,32,43,113,113,141,141,154,173,173,247,247,263,143,160,160,183,183,202,230,230,130,130,140,152,164,164,243,243,254,154,169,185,203,203,215,230,230,230,244,257,257,269,269,269],"floor_reached":51,"playtime":2727,"items_purged":["Strike_B","Self Repair+1"],"score":1293,"play_id":"895f87b0-212e-4e10-88c5-d8e81ffe8b51","local_time":"20190630101722","is_ascension_mode":true,"campfire_choices":[{"data":"Apotheosis","floor":6.0,"key":"SMITH"},{"data":"Defragment","floor":10.0,"key":"SMITH"},{"data":"Coolheaded","floor":12.0,"key":"SMITH"},{"floor":15.0,"key":"REST"},{"data":"Melter","floor":23.0,"key":"SMITH"},{"data":"Genetic Algorithm","floor":28.0,"key":"SMITH"},{"floor":32.0,"key":"REST"},{"floor":40.0,"key":"REST"},{"data":"Static Discharge","floor":44.0,"key":"SMITH"},{"data":"Zap","floor":47,"key":"SMITH"},{"floor":49,"key":"REST"}],"neow_cost":"NONE","seed_source_timestamp":0,"circlet_count":0,"master_deck":["AscendersBane","Defend_B","Defend_B","Defend_B","Defend_B","Zap+1","Dualcast","Coolheaded+1","Apotheosis+1","Defragment+1","Electrodynamics","BootSequence","Conserve Battery","Seek","Melter+1","Static Discharge+1","Steam","Self Repair+1","Genetic Algorithm+1","Gash","Core Surge","Thunder Strike","Machine Learning+1","Doom and Gloom+1","Ball Lightning","Go for the Eyes+1","Reinforced Body+1","FTL+1"],"special_seed":0,"relics":["Cracked Core","Matryoshka","Meat on the Bone","Regal Pillow","Symbiotic Virus","Question Card","White Beast Statue","MutagenicStrength","Lantern","Bronze Scales","WingedGreaves","Calipers","Astrolabe","Potion Belt"],"potions_floor_usage":[50,50,50],"damage_taken":[{"damage":1.0,"enemies":"2 Louse","floor":1.0,"turns":3.0},{"damage":6.0,"enemies":"3 Sentries","floor":7.0,"turns":8.0},{"damage":9.0,"enemies":"Small Slimes","floor":8.0,"turns":5.0},{"damage":0.0,"enemies":"Lagavulin","floor":11.0,"turns":6.0},{"damage":0.0,"enemies":"Cultist","floor":13.0,"turns":3.0},{"damage":0.0,"enemies":"Exordium Wildlife","floor":14.0,"turns":2.0},{"damage":0.0,"enemies":"Slime Boss","floor":16.0,"turns":6.0},{"damage":4.0,"enemies":"Shell Parasite","floor":18.0,"turns":6.0},{"damage":0.0,"enemies":"Chosen","floor":20.0,"turns":4.0},{"damage":1.0,"enemies":"Centurion and Healer","floor":24.0,"turns":3.0},{"damage":19.0,"enemies":"Book of Stabbing","floor":25.0,"turns":4.0},{"damage":36.0,"enemies":"Snecko","floor":29.0,"turns":6.0},{"damage":18.0,"enemies":"Sentry and Sphere","floor":30.0,"turns":3.0},{"damage":36.0,"enemies":"Cultist and Chosen","floor":31.0,"turns":6.0},{"damage":33.0,"enemies":"Automaton","floor":33.0,"turns":12.0},{"damage":15.0,"enemies":"3 Darklings","floor":35.0,"turns":3.0},{"damage":27.0,"enemies":"Orb Walker","floor":37.0,"turns":4.0},{"damage":12.0,"enemies":"4 Shapes","floor":38.0,"turns":4.0},{"damage":45.0,"enemies":"Jaw Worm Horde","floor":39.0,"turns":6.0},{"damage":36.0,"enemies":"Maw","floor":41.0,"turns":8.0},{"damage":25.0,"enemies":"3 Darklings","floor":42.0,"turns":3.0},{"damage":19.0,"enemies":"Transient","floor":45.0,"turns":5.0},{"damage":16,"enemies":"Sphere and 2 Shapes","floor":46,"turns":4},{"damage":16,"enemies":"Maw","floor":48,"turns":8},{"damage":36,"enemies":"Donu and Deca","floor":50,"turns":9}],"seed_played":"-1220239773087201012","potions_obtained":[{"floor":8.0,"key":"LiquidBronze"},{"floor":13.0,"key":"LiquidBronze"},{"floor":24.0,"key":"Block Potion"},{"floor":25.0,"key":"SteroidPotion"},{"floor":29.0,"key":"SpeedPotion"},{"floor":33.0,"key":"SpeedPotion"},{"floor":45.0,"key":"SkillPotion"},{"floor":46,"key":"Poison Potion"},{"floor":48,"key":"SkillPotion"}],"is_trial":false,"path_per_floor":["M","?","$","?","?","R","E","M","T","R","E","R","M","M","R","B",null,"M","$","M","?","T","R","M","E","T","$","R","M","M","M","R","B",null,"M","$","M","M","M","R","M","M","T","R","M","M","R","M","R","B",null],"character_chosen":"DEFECT","items_purchased":["Apotheosis","Melter","Static Discharge","Gash"],"campfire_rested":4,"item_purchase_floors":[3,19,19,27],"current_hp_per_floor":[67,55,55,55,55,55,49,40,40,40,40,40,40,40,75,75,75,71,71,71,71,71,71,70,61,61,61,61,47,41,27,64,53,70,65,65,48,58,35,72,58,45,45,45,48,44,44,50,75,49],"gold":269,"neow_bonus":"HUNDRED_GOLD","is_prod":false,"is_daily":false,"chose_seed":false,"campfire_upgraded":7,"win_rate":0,"timestamp":1561861042,"path_taken":["M","?","$","?","?","R","E","M","T","R","E","R","M","M","R","BOSS","M","$","M","?","?","R","M","E","T","$","R","M","M","M","R","BOSS","M","$","M","M","M","R","M","M","T","R","M","M","R","M","R","BOSS"],"build_version":"2019-01-23","purchased_purges":2,"victory":true,"max_hp_per_floor":[75,75,75,75,75,75,75,75,75,75,75,75,75,75,75,75,75,75,75,75,75,75,75,75,75,75,75,75,75,75,75,75,75,75,75,75,75,75,75,75,75,75,75,75,75,75,75,75,75,75],"card_choices":[{"not_picked":["Go for the Eyes","Beam Cell"],"picked":"Coolheaded","floor":1.0},{"not_picked":["Steam Power","Tempest","Turbo"],"picked":"SKIP","floor":7.0},{"not_picked":["Rip and Tear","Hologram"],"picked":"Defragment","floor":8.0},{"not_picked":["Melter","Heatsinks"],"picked":"Electrodynamics","floor":11.0},{"not_picked":["Blizzard","Cold Snap","Fusion"],"picked":"BootSequence","floor":13.0},{"not_picked":["Steam","Redo","Loop"],"picked":"Conserve Battery","floor":14.0},{"not_picked":["Creative AI","Fission","Machine Learning"],"picked":"Seek","floor":16.0},{"not_picked":["Consume","Rebound","Recycle","Doom and Gloom"],"picked":"SKIP","floor":18.0},{"not_picked":["Loop","Streamline","Barrage"],"picked":"Steam","floor":20.0},{"not_picked":["Redo","Sweeping Beam","Reinforced Body+1"],"picked":"Self Repair+1","floor":24.0},{"not_picked":["Sweeping Beam","Turbo","Conserve Battery"],"picked":"Genetic Algorithm","floor":25.0},{"not_picked":["Scrape","Coolheaded","Turbo","Rebound"],"picked":"SKIP","floor":29.0},{"not_picked":["Sweeping Beam","Compile Driver","Rebound"],"picked":"Core Surge","floor":30.0},{"not_picked":["Darkness","Hologram","Redo","Self Repair"],"picked":"SKIP","floor":31.0},{"not_picked":["Core Surge","Machine Learning","Meteor Strike"],"picked":"Thunder Strike","floor":33.0},{"not_picked":["Scrape","Hologram+1","Beam Cell"],"picked":"Ball Lightning","floor":35.0},{"not_picked":["Turbo","Cold Snap","Rebound"],"picked":"Go for the Eyes+1","floor":37.0},{"not_picked":["Sunder","Beam Cell","Cold Snap","Double Energy"],"picked":"SKIP","floor":38.0},{"not_picked":["Steam Power","Ball Lightning","Cold Snap+1"],"picked":"Reinforced Body+1","floor":39.0},{"not_picked":["Genetic Algorithm","Coolheaded+1","Leap","Recycle"],"picked":"SKIP","floor":41.0},{"not_picked":["Hello World","Rip and Tear","Redo","Blizzard"],"picked":"SKIP","floor":42.0},{"not_picked":["Heatsinks","Streamline","Undo+1","Rip and Tear"],"picked":"SKIP","floor":45.0},{"not_picked":["Fission","Reinforced Body","Redo","Coolheaded"],"picked":"SKIP","floor":46},{"not_picked":["Beam Cell","Streamline","Self Repair+1"],"picked":"FTL+1","floor":48}],"player_experience":813083,"relics_obtained":[{"floor":7.0,"key":"Meat on the Bone"},{"floor":9.0,"key":"Regal Pillow"},{"floor":9.0,"key":"Symbiotic Virus"},{"floor":11.0,"key":"Question Card"},{"floor":22.0,"key":"Lantern"},{"floor":22.0,"key":"Bronze Scales"},{"floor":25.0,"key":"WingedGreaves"},{"floor":26.0,"key":"Calipers"},{"floor":43.0,"key":"Potion Belt"}],"event_choices":[{"damage_healed":0.0,"max_hp_gain":0.0,"max_hp_loss":0.0,"gold_gain":0.0,"event_name":"Scrap Ooze","player_choice":"Success","floor":2.0,"gold_loss":0.0,"damage_taken":12.0,"relics_obtained":["Matryoshka"]},{"damage_healed":0.0,"max_hp_gain":0.0,"max_hp_loss":0.0,"gold_gain":0.0,"event_name":"World of Goop","player_choice":"Left Gold","floor":4.0,"gold_loss":37.0,"damage_taken":0.0},{"damage_healed":0.0,"max_hp_gain":0.0,"max_hp_loss":0.0,"gold_gain":0.0,"event_name":"FaceTrader","player_choice":"Leave","floor":5.0,"gold_loss":0.0,"damage_taken":0.0},{"damage_healed":0.0,"max_hp_gain":0.0,"max_hp_loss":0.0,"gold_gain":0.0,"event_name":"Drug Dealer","player_choice":"Inject Mutagens","floor":21.0,"gold_loss":0.0,"damage_taken":0.0,"relics_obtained":["MutagenicStrength"]}],"is_beta":false,"boss_relics":[{"not_picked":["Philosopher\u0027s Stone","Empty Cage"],"picked":"White Beast Statue"},{"not_picked":["Orrery","Black Star"],"picked":"Astrolabe"}],"items_purged_floors":[27,36],"is_endless":false,"potions_floor_spawned":[8,13,18,20,24,25,29,30,31,33,35,37,38,39,41,42,45,46,48],"ascension_level":13}