{"gold_per_floor":[113,188,200,200,211,266,266,280,303,318,353,353,367,395,395,492,492,512,523,523,227,241,276,276,308,308,342,358,358,373,373,373,474,474,497,509,533,545,557],"floor_reached":39,"playtime":2899,"items_purged":[],"score":630,"play_id":"697a0d5d-ac6d-419c-9201-a49f412b7278","local_time":"20190308101413","is_ascension_mode":true,"campfire_choices":[{"data":"Inflame","floor":7,"key":"SMITH"},{"floor":15,"key":"REST"},{"floor":24,"key":"REST"},{"floor":29,"key":"REST"},{"floor":32,"key":"REST"}],"neow_cost":"NONE","seed_source_timestamp":579676048275800,"circlet_count":0,"master_deck":["Defend_R","Defend_R","Defend_R","Defend_R","Bash","Anger","Thunderclap","Anger","Inflame+1","Cleave","Anger","Cleave","Pommel Strike","Pommel Strike","Iron Wave","Juggernaut","Pommel Strike","Sword Boomerang+1","Anger","Fire Breathing+1","Anger","Feed","Cleave","Combust+1","Rage+1","Pommel Strike","Heavy Blade+1","Sword Boomerang","Bite","Bite","Bite","Bite","Bite","Armaments+1","Feed","Shame","Parasite","Regret","Headbutt+1","Madness","Madness","Whirlwind+1","Parasite"],"relics":["Burning Blood","Orichalcum","Art of War","Tiny Chest","Vajra","Dream Catcher","Girya","Sozu","Frozen Egg 2","Brimstone","Champion Belt","Ornamental Fan","Pantograph","Shovel","Calling Bell","MawBank","Sundial","Unceasing Top"],"potions_floor_usage":[6,6,14,16],"damage_taken":[{"damage":6,"enemies":"Jaw Worm","floor":1,"turns":2},{"damage":0,"enemies":"Small Slimes","floor":3,"turns":3},{"damage":4,"enemies":"2 Louse","floor":5,"turns":4},{"damage":19,"enemies":"Lagavulin","floor":6,"turns":7},{"damage":6,"enemies":"Looter","floor":8,"turns":3},{"damage":7,"enemies":"3 Louse","floor":10,"turns":3},{"damage":23,"enemies":"Gremlin Nob","floor":11,"turns":4},{"damage":8,"enemies":"Red Slaver","floor":13,"turns":2},{"damage":18,"enemies":"3 Sentries","floor":14,"turns":4},{"damage":13,"enemies":"Hexaghost","floor":16,"turns":7},{"damage":14,"enemies":"Shell Parasite","floor":18,"turns":3},{"damage":0,"enemies":"3 Byrds","floor":19,"turns":4},{"damage":10,"enemies":"3 Cultists","floor":22,"turns":3},{"damage":48,"enemies":"Book of Stabbing","floor":23,"turns":4},{"damage":30,"enemies":"Gremlin Leader","floor":25,"turns":4},{"damage":29,"enemies":"Book of Stabbing","floor":27,"turns":3},{"damage":8,"enemies":"Snake Plant","floor":28,"turns":2},{"damage":0,"enemies":"Centurion and Healer","floor":30,"turns":3},{"damage":24,"enemies":"Automaton","floor":33,"turns":5},{"damage":10,"enemies":"Orb Walker","floor":35,"turns":2},{"damage":18,"enemies":"3 Darklings","floor":37,"turns":2},{"damage":64,"enemies":"Writhing Mass","floor":39,"turns":3}],"seed_played":"-3250201071569361792","potions_obtained":[{"floor":1,"key":"Dexterity Potion"},{"floor":5,"key":"Weak Potion"},{"floor":13,"key":"Ancient Potion"},{"floor":14,"key":"Dexterity Potion"}],"is_trial":false,"path_per_floor":["M","?","M","?","M","E","R","M","T","M","E","?","M","E","R","B",null,"M","M","?","$","M","E","R","E","T","E","M","R","M","?","R","B",null,"M","?","M","?","M"],"character_chosen":"IRONCLAD","items_purchased":["Brimstone","Anger","Fire Breathing+1"],"campfire_rested":4,"item_purchase_floors":[21,21,21],"current_hp_per_floor":[80,69,75,75,77,64,64,64,64,63,46,39,37,25,49,42,80,72,78,78,78,74,32,56,32,32,9,7,31,37,37,53,38,56,52,45,37,37,0],"gold":557,"neow_bonus":"RANDOM_COMMON_RELIC","is_prod":false,"is_daily":false,"chose_seed":false,"campfire_upgraded":1,"win_rate":0,"timestamp":1552040053,"path_taken":["M","?","M","?","M","E","R","M","T","M","E","?","M","E","R","BOSS","M","M","?","$","M","E","R","E","T","E","M","R","M","?","R","BOSS","M","?","M","?","?"],"build_version":"2019-01-23","purchased_purges":0,"victory":false,"max_hp_per_floor":[80,80,80,80,80,80,80,80,80,80,80,80,80,80,80,80,80,80,80,80,80,80,80,80,80,80,80,80,80,80,56,56,56,56,56,56,56,56,56],"card_choices":[{"not_picked":["Sever Soul","Pummel"],"picked":"Anger","floor":1},{"not_picked":["Clothesline","Infernal Blade"],"picked":"Thunderclap","floor":3},{"not_picked":["Thunderclap","Perfected Strike"],"picked":"Anger","floor":5},{"not_picked":["Limit Break","Sever Soul"],"picked":"Inflame","floor":6},{"not_picked":["Seeing Red","Entrench"],"picked":"Cleave","floor":8},{"not_picked":["Evolve","Havoc"],"picked":"Anger","floor":10},{"not_picked":["Anger","Headbutt"],"picked":"Cleave","floor":11},{"not_picked":["Corruption","Uppercut"],"picked":"Pommel Strike","floor":13},{"not_picked":["Warcry","Clothesline"],"picked":"Pommel Strike","floor":14},{"not_picked":["Clothesline","Power Through"],"picked":"Iron Wave","floor":15},{"not_picked":["Double Tap","Impervious"],"picked":"Juggernaut","floor":16},{"not_picked":["Flex","Cleave"],"picked":"Pommel Strike","floor":18},{"not_picked":["Flex","Dual Wield"],"picked":"Sword Boomerang+1","floor":19},{"not_picked":["Clothesline","Perfected Strike"],"picked":"Anger","floor":22},{"not_picked":["Carnage","Combust+1"],"picked":"Feed","floor":23},{"not_picked":["Wild Strike","Armaments"],"picked":"Cleave","floor":24},{"not_picked":["Uppercut","Body Slam+1"],"picked":"Combust+1","floor":25},{"not_picked":["Inflame+1","Sword Boomerang+1"],"picked":"Rage+1","floor":27},{"not_picked":["Anger","True Grit"],"picked":"Pommel Strike","floor":28},{"not_picked":["Power Through","Body Slam+1"],"picked":"Heavy Blade+1","floor":29},{"not_picked":["Wild Strike","Power Through+1"],"picked":"Sword Boomerang","floor":30},{"not_picked":["Wild Strike","Sever Soul"],"picked":"Armaments+1","floor":32},{"not_picked":["Exhume","Limit Break"],"picked":"Feed","floor":33},{"not_picked":["Carnage","Infernal Blade"],"picked":"Headbutt+1","floor":35},{"not_picked":["Iron Wave","Pommel Strike+1"],"picked":"Whirlwind+1","floor":37}],"player_experience":267338,"relics_obtained":[{"floor":6,"key":"Tiny Chest"},{"floor":9,"key":"Vajra"},{"floor":11,"key":"Dream Catcher"},{"floor":14,"key":"Girya"},{"floor":23,"key":"Champion Belt"},{"floor":25,"key":"Ornamental Fan"},{"floor":26,"key":"Pantograph"},{"floor":27,"key":"Shovel"},{"floor":34,"key":"MawBank"},{"floor":34,"key":"Sundial"},{"floor":34,"key":"Unceasing Top"}],"event_choices":[{"damage_healed":0,"gold_gain":75,"player_choice":"Gather Gold","damage_taken":11,"max_hp_gain":0,"max_hp_loss":0,"event_name":"World of Goop","floor":2,"gold_loss":0},{"damage_healed":0,"gold_gain":0,"player_choice":"Box","damage_taken":0,"relics_obtained":["Art of War"],"max_hp_gain":0,"max_hp_loss":0,"event_name":"Big Fish","floor":4,"gold_loss":0,"cards_obtained":["Regret"]},{"cards_removed":["Regret"],"damage_healed":0,"gold_gain":0,"player_choice":"Card Removal","damage_taken":7,"max_hp_gain":0,"max_hp_loss":0,"event_name":"Golden Wing","floor":12,"gold_loss":0},{"damage_healed":0,"gold_gain":0,"player_choice":"Opened","damage_taken":0,"relics_obtained":["Frozen Egg 2"],"max_hp_gain":0,"max_hp_loss":0,"event_name":"The Mausoleum","floor":20,"gold_loss":0},{"damage_healed":0,"gold_gain":0,"player_choice":"Became a vampire","damage_taken":0,"max_hp_gain":0,"max_hp_loss":24,"event_name":"Vampires","floor":31,"gold_loss":0,"cards_obtained":["Bite","Bite","Bite","Bite","Bite"]},{"damage_healed":0,"gold_gain":0,"player_choice":"Embrace Madness","damage_taken":7,"max_hp_gain":0,"max_hp_loss":0,"event_name":"Winding Halls","floor":36,"gold_loss":0,"cards_obtained":["Madness","Madness"]},{"damage_healed":0,"gold_gain":0,"player_choice":"Bought 0 Potions","damage_taken":0,"max_hp_gain":0,"max_hp_loss":0,"event_name":"The Woman in Blue","floor":38,"gold_loss":0}],"is_beta":false,"boss_relics":[{"not_picked":["Pandora\u0027s Box","Tiny House"],"picked":"Sozu"},{"not_picked":["Eternal Feather","Lizard Tail"],"picked":"Calling Bell"}],"items_purged_floors":[],"is_endless":false,"potions_floor_spawned":[1,5,13,14,18,22,28,30,33],"killed_by":"Writhing Mass","ascension_level":3}