{"gold_per_floor":[116,66,66,66,66,101,101,139,165,188,228,128,143,179,179,179],"floor_reached":16,"playtime":2178,"items_purged":["Defend_G"],"score":238,"play_id":"8d06d762-211e-4056-83c1-20aa90da075d","local_time":"20190627105237","is_ascension_mode":true,"campfire_choices":[{"data":"Neutralize","floor":7,"key":"SMITH"},{"data":"Wraith Form v2","floor":15,"key":"SMITH"}],"neow_cost":"NONE","seed_source_timestamp":167985934832300,"circlet_count":0,"master_deck":["Defend_G","Defend_G","Defend_G","Defend_G","Strike_G","Strike_G","Strike_G","Survivor","Neutralize+1","Well Laid Plans","Blur","Leg Sweep","Wraith Form v2+1","PiercingWail","Well Laid Plans"],"relics":["Ring of the Snake","NeowsBlessing","Golden Idol","Meat on the Bone","Letter Opener","Oddly Smooth Stone","Centennial Puzzle","Mummified Hand"],"potions_floor_usage":[16,16,16],"damage_taken":[{"damage":0,"enemies":"2 Louse","floor":1,"turns":1},{"damage":0,"enemies":"3 Sentries","floor":6,"turns":2},{"damage":0,"enemies":"Gremlin Nob","floor":8,"turns":1},{"damage":6,"enemies":"Small Slimes","floor":10,"turns":6},{"damage":24,"enemies":"Lagavulin","floor":11,"turns":19},{"damage":0,"enemies":"Cultist","floor":13,"turns":6},{"damage":17,"enemies":"3 Sentries","floor":14,"turns":15},{"damage":50,"enemies":"Slime Boss","floor":16,"turns":21}],"seed_played":"5911244866909051108","potions_obtained":[{"floor":1,"key":"Weak Potion"},{"floor":6,"key":"Block Potion"},{"floor":13,"key":"LiquidBronze"}],"is_trial":false,"path_per_floor":["M","?","?","?","?","E","R","E","T","M","E","$","M","E","R","B"],"character_chosen":"THE_SILENT","items_purchased":["PiercingWail"],"campfire_rested":0,"item_purchase_floors":[12],"current_hp_per_floor":[63,63,63,56,39,39,39,39,39,45,33,33,45,40,40,0],"gold":179,"neow_bonus":"THREE_ENEMY_KILL","is_prod":false,"is_daily":false,"chose_seed":false,"campfire_upgraded":2,"win_rate":0,"timestamp":1561647157,"path_taken":["M","?","?","?","?","E","R","E","T","M","E","$","M","E","R","BOSS"],"build_version":"2019-01-23","purchased_purges":1,"victory":false,"max_hp_per_floor":[70,70,70,70,70,70,70,70,70,70,70,70,70,70,70,70],"card_choices":[{"not_picked":["Concentrate","Distraction"],"picked":"Well Laid Plans","floor":1},{"not_picked":["Blade Dance","PiercingWail"],"picked":"Blur","floor":6},{"not_picked":["PiercingWail","Prepared"],"picked":"Leg Sweep","floor":8},{"not_picked":["Deadly Poison","Dagger Spray","Flying Knee"],"picked":"SKIP","floor":10},{"not_picked":["Sucker Punch","PiercingWail"],"picked":"Wraith Form v2","floor":11},{"not_picked":["Distraction","Sucker Punch","Underhanded Strike"],"picked":"SKIP","floor":13},{"not_picked":["All Out Attack","Infinite Blades"],"picked":"Well Laid Plans","floor":14}],"player_experience":88950,"relics_obtained":[{"floor":6,"key":"Meat on the Bone"},{"floor":8,"key":"Letter Opener"},{"floor":9,"key":"Oddly Smooth Stone"},{"floor":11,"key":"Centennial Puzzle"},{"floor":14,"key":"Mummified Hand"}],"event_choices":[{"cards_removed":["Strike_G"],"damage_healed":0,"gold_gain":0,"player_choice":"Card Removal","damage_taken":0,"max_hp_gain":0,"max_hp_loss":0,"event_name":"The Cleric","floor":2,"gold_loss":50},{"damage_healed":0,"gold_gain":0,"player_choice":"Ignored","damage_taken":0,"max_hp_gain":0,"max_hp_loss":0,"event_name":"Liars Game","floor":3,"gold_loss":0},{"cards_removed":["Strike_G"],"damage_healed":0,"gold_gain":0,"player_choice":"Card Removal","damage_taken":7,"max_hp_gain":0,"max_hp_loss":0,"event_name":"Golden Wing","floor":4,"gold_loss":0},{"damage_healed":0,"gold_gain":0,"player_choice":"Take Damage","damage_taken":17,"relics_obtained":["Golden Idol"],"max_hp_gain":0,"max_hp_loss":0,"event_name":"Golden Idol","floor":5,"gold_loss":0}],"is_beta":false,"boss_relics":[],"items_purged_floors":[12],"is_endless":false,"potions_floor_spawned":[1,6,13],"killed_by":"Slime Boss","ascension_level":7}