{"gold_per_floor":[114,114,129,144,159,174,189,219,244,259,289,289,304,319,319,419,419,434,449,449,464,479,509,509,539,539,539,554,554,42,42,42,142,142,157,172,172,187,287,317,344,371,408,435,447,474,486,513,525,537],"floor_reached":51,"playtime":1698,"items_purged":[],"score":1164,"play_id":"cba51ce1-f2ff-4285-8508-23224d99fa08","local_time":"20190322090551","daily_mods":["SealedDeck","Hoarder","Binary"],"is_ascension_mode":false,"campfire_choices":[{"floor":12,"key":"REST"},{"floor":15,"key":"REST"},{"data":"Machine Learning","floor":24,"key":"SMITH"},{"data":"Machine Learning","floor":27,"key":"SMITH"},{"data":"Defragment","floor":29,"key":"SMITH"},{"data":"Defragment","floor":32,"key":"SMITH"},{"data":"1","floor":47,"key":"LIFT"},{"data":"2","floor":49,"key":"LIFT"}],"neow_cost":"","seed_source_timestamp":0,"circlet_count":0,"master_deck":["Sweeping Beam","Sweeping Beam","Sweeping Beam","Gash","Gash","Gash","Melter","Melter","Melter","Gash","Gash","Gash","Cold Snap","Cold Snap","Cold Snap","Beam Cell","Beam Cell","Beam Cell","Beam Cell","Beam Cell","Beam Cell","Ball Lightning","Ball Lightning","Ball Lightning","Loop","Loop","Loop","Ball Lightning","Ball Lightning","Ball Lightning","Gash","Gash","Gash","Conserve Battery","Conserve Battery","Conserve Battery","Beam Cell","Beam Cell","Beam Cell","Thunder Strike","Thunder Strike","Thunder Strike","Beam Cell","Beam Cell","Beam Cell","Chaos","Chaos","Chaos","Sunder","Sunder","Sunder","Cold Snap","Cold Snap","Cold Snap","Ball Lightning","Ball Lightning","Ball Lightning","Sweeping Beam","Sweeping Beam","Sweeping Beam","Self Repair","Self Repair","Self Repair","Rainbow","Rainbow","Rainbow","Ball Lightning","Ball Lightning","Ball Lightning","Ball Lightning","Ball Lightning","Ball Lightning","Zap","Zap","Zap","Mind Blast","Mind Blast","Mind Blast","Go for the Eyes+1","Go for the Eyes+1","Go for the Eyes+1","Ball Lightning+1","Ball Lightning+1","Ball Lightning+1","Machine Learning+1","Machine Learning+1","Machine Learning","Defragment+1","Defragment","Defragment+1","Turbo","Turbo","Turbo","BootSequence","BootSequence","BootSequence","Gash","Gash","Gash","Enlightenment","Enlightenment","Enlightenment","Turbo","Turbo","Turbo","Echo Form","Echo Form","Echo Form","Hologram+1","Hologram+1","Hologram+1","Sweeping Beam+1","Sweeping Beam+1","Sweeping Beam+1","Panache","Panache","Panache","Mayhem","Mayhem","Mayhem","Flash of Steel","Flash of Steel","Flash of Steel","Cold Snap+1","Cold Snap+1","Cold Snap+1","Lockon+1","Lockon+1","Lockon+1","Compile Driver+1","Compile Driver+1","Compile Driver+1","Barrage+1","Barrage+1","Barrage+1","Stack","Stack","Stack","Cold Snap","Cold Snap","Cold Snap","BootSequence","BootSequence","BootSequence","Go for the Eyes","Go for the Eyes","Go for the Eyes"],"special_seed":17977,"relics":["Cracked Core","Orichalcum","DataDisk","Torii","Coffee Dripper","Ice Cream","Thread and Needle","Pen Nib","Happy Flower","Vajra","Nuclear Battery","Girya","MawBank","Omamori"],"potions_floor_usage":[5,14,16,16,16,33,33,36,38,44,50],"damage_taken":[{"damage":8,"enemies":"Small Slimes","floor":1,"turns":2},{"damage":0,"enemies":"Cultist","floor":3,"turns":2},{"damage":4,"enemies":"2 Louse","floor":4,"turns":2},{"damage":0,"enemies":"Lots of Slimes","floor":5,"turns":1},{"damage":5,"enemies":"3 Louse","floor":6,"turns":2},{"damage":10,"enemies":"Looter","floor":7,"turns":2},{"damage":18,"enemies":"Lagavulin","floor":8,"turns":3},{"damage":0,"enemies":"Large Slime","floor":10,"turns":3},{"damage":8,"enemies":"3 Sentries","floor":11,"turns":4},{"damage":0,"enemies":"Exordium Wildlife","floor":13,"turns":2},{"damage":1,"enemies":"Blue Slaver","floor":14,"turns":2},{"damage":0,"enemies":"Slime Boss","floor":16,"turns":4},{"damage":1,"enemies":"Spheric Guardian","floor":18,"turns":3},{"damage":1,"enemies":"Shell Parasite","floor":19,"turns":3},{"damage":1,"enemies":"Chosen and Byrds","floor":21,"turns":2},{"damage":0,"enemies":"Snake Plant","floor":22,"turns":1},{"damage":0,"enemies":"Gremlin Leader","floor":23,"turns":1},{"damage":1,"enemies":"Slavers","floor":25,"turns":2},{"damage":0,"enemies":"Centurion and Healer","floor":28,"turns":1},{"damage":28,"enemies":"Collector","floor":33,"turns":5},{"damage":0,"enemies":"3 Shapes","floor":35,"turns":1},{"damage":0,"enemies":"3 Darklings","floor":36,"turns":2},{"damage":6,"enemies":"4 Shapes","floor":38,"turns":2},{"damage":0,"enemies":"Mind Bloom Boss Battle","floor":39,"turns":1},{"damage":0,"enemies":"Reptomancer","floor":40,"turns":1},{"damage":0,"enemies":"Sphere and 2 Shapes","floor":41,"turns":3},{"damage":0,"enemies":"Maw","floor":42,"turns":1},{"damage":0,"enemies":"Jaw Worm Horde","floor":44,"turns":3},{"damage":0,"enemies":"Spire Growth","floor":46,"turns":1},{"damage":0,"enemies":"Writhing Mass","floor":48,"turns":1},{"damage":0,"enemies":"Awakened One","floor":50,"turns":3}],"seed_played":"-8450436515048289889","potions_obtained":[{"floor":1,"key":"AttackPotion"},{"floor":3,"key":"GamblersBrew"},{"floor":6,"key":"Energy Potion"},{"floor":11,"key":"SneckoOil"},{"floor":14,"key":"Swift Potion"},{"floor":22,"key":"SpeedPotion"},{"floor":23,"key":"GamblersBrew"},{"floor":25,"key":"Explosive Potion"},{"floor":28,"key":"Fruit Juice"},{"floor":33,"key":"Fire Potion"},{"floor":36,"key":"GamblersBrew"},{"floor":40,"key":"Block Potion"},{"floor":42,"key":"SpeedPotion"},{"floor":45,"key":"FearPotion"},{"floor":48,"key":"FocusPotion"}],"is_trial":false,"path_per_floor":["M","?","M","M","M","M","M","E","T","M","E","R","M","M","R","B",null,"M","M","?","M","M","E","R","E","T","R","M","R","$","?","R","B",null,"M","M","?","M","?","E","M","M","T","M","?","M","R","M","R","B",null],"character_chosen":"DEFECT","items_purchased":["BootSequence","Gash","Happy Flower","Vajra","Enlightenment"],"campfire_rested":2,"item_purchase_floors":[30,30,30,30,30],"current_hp_per_floor":[67,67,67,63,63,58,48,30,30,30,22,44,44,43,65,72,75,75,74,74,75,75,75,75,74,74,74,74,74,74,74,74,51,80,80,80,70,64,64,64,71,71,71,71,71,71,71,71,71,71],"gold":549,"neow_bonus":"","is_prod":false,"is_daily":true,"chose_seed":false,"campfire_upgraded":4,"win_rate":0,"timestamp":1553245551,"path_taken":["M","?","M","M","M","M","?","E","T","M","E","R","M","M","R","BOSS","M","M","?","?","M","E","R","E","T","R","M","R","$","?","R","BOSS","M","M","?","M","?","E","M","M","T","?","?","?","R","M","R","BOSS"],"build_version":"2019-01-23","purchased_purges":0,"victory":true,"max_hp_per_floor":[75,75,75,75,75,75,75,75,75,75,75,75,75,75,75,75,75,75,75,75,75,75,75,75,75,75,75,75,75,75,75,75,80,80,80,80,80,80,80,80,80,80,80,80,80,80,80,80,80,80],"card_choices":[{"not_picked":["Compile Driver"],"picked":"Gash","floor":1},{"not_picked":["Rebound"],"picked":"Conserve Battery","floor":3},{"not_picked":["Streamline"],"picked":"Beam Cell","floor":4},{"not_picked":["Compile Driver"],"picked":"Thunder Strike","floor":5},{"not_picked":["Recycle"],"picked":"Beam Cell","floor":6},{"not_picked":["Barrage"],"picked":"Chaos","floor":7},{"not_picked":["Streamline"],"picked":"Sunder","floor":8},{"not_picked":["Rebound"],"picked":"Cold Snap","floor":10},{"not_picked":["Conserve Battery"],"picked":"Ball Lightning","floor":11},{"not_picked":["Double Energy"],"picked":"Sweeping Beam","floor":13},{"not_picked":["Rainbow"],"picked":"Self Repair","floor":14},{"not_picked":["Buffer"],"picked":"Rainbow","floor":16},{"not_picked":["Hologram"],"picked":"Ball Lightning","floor":18},{"not_picked":["Storm"],"picked":"Ball Lightning","floor":19},{"not_picked":["Hologram+1"],"picked":"Go for the Eyes+1","floor":21},{"not_picked":["Sweeping Beam"],"picked":"Ball Lightning+1","floor":22},{"not_picked":["Conserve Battery"],"picked":"Machine Learning","floor":23},{"not_picked":["Steam"],"picked":"Defragment","floor":25},{"not_picked":["Hologram"],"picked":"Turbo","floor":28},{"not_picked":["Amplify"],"picked":"Echo Form","floor":33},{"not_picked":["Leap"],"picked":"Hologram+1","floor":35},{"not_picked":["Steam Power"],"picked":"Sweeping Beam+1","floor":36},{"not_picked":["Forethought"],"picked":"Panache","floor":37},{"not_picked":["Good Instincts"],"picked":"Mayhem","floor":37},{"not_picked":["Purity"],"picked":"Flash of Steel","floor":37},{"not_picked":["Reprogram"],"picked":"Cold Snap+1","floor":38},{"not_picked":["Blizzard+1"],"picked":"Lockon+1","floor":39},{"not_picked":["Hologram+1"],"picked":"Compile Driver+1","floor":40},{"not_picked":["Conserve Battery"],"picked":"Barrage+1","floor":41},{"not_picked":["Double Energy"],"picked":"Stack","floor":42},{"not_picked":["Compile Driver"],"picked":"Cold Snap","floor":44},{"not_picked":["Reinforced Body"],"picked":"BootSequence","floor":46},{"not_picked":["Force Field"],"picked":"Go for the Eyes","floor":48}],"player_experience":365153,"relics_obtained":[{"floor":8,"key":"Orichalcum"},{"floor":9,"key":"DataDisk"},{"floor":11,"key":"Torii"},{"floor":23,"key":"Ice Cream"},{"floor":25,"key":"Thread and Needle"},{"floor":26,"key":"Pen Nib"},{"floor":39,"key":"Girya"},{"floor":40,"key":"MawBank"},{"floor":43,"key":"Omamori"}],"event_choices":[{"damage_healed":0,"gold_gain":0,"player_choice":"Bought 0 Potions","damage_taken":0,"max_hp_gain":0,"max_hp_loss":0,"event_name":"The Woman in Blue","floor":2,"gold_loss":0},{"damage_healed":0,"gold_gain":0,"player_choice":"2 cards matched","damage_taken":0,"max_hp_gain":0,"max_hp_loss":0,"event_name":"Match and Keep!","floor":20,"gold_loss":0,"cards_obtained":["Zap","Mind Blast"]},{"damage_healed":0,"gold_gain":0,"player_choice":"Read","damage_taken":0,"max_hp_gain":0,"max_hp_loss":0,"event_name":"The Library","floor":31,"gold_loss":0,"cards_obtained":["Turbo"]},{"damage_healed":0,"gold_gain":0,"player_choice":"Memory 3","damage_taken":10,"max_hp_gain":0,"max_hp_loss":0,"event_name":"SensoryStone","floor":37,"gold_loss":0},{"damage_healed":0,"gold_gain":0,"player_choice":"Fight","damage_taken":0,"max_hp_gain":0,"max_hp_loss":0,"event_name":"MindBloom","floor":39,"gold_loss":0},{"damage_healed":0,"gold_gain":0,"player_choice":"Got Potions","damage_taken":0,"max_hp_gain":0,"max_hp_loss":0,"event_name":"Lab","floor":45,"gold_loss":0}],"is_beta":false,"boss_relics":[{"not_picked":["Ectoplasm","Velvet Choker"],"picked":"Coffee Dripper"},{"not_picked":["Tiny House","Calling Bell"],"picked":"Nuclear Battery"}],"items_purged_floors":[],"is_endless":false,"potions_floor_spawned":[1,3,6,11,14,22,23,25,28,33,36,40,42,48],"ascension_level":0}