{"gold_per_floor":[112,127,140,140,41,76,76,76,131,131,81,141,141,175,175,253,253,271,290,290],"floor_reached":20,"playtime":631,"items_purged":["Strike_B"],"score":297,"play_id":"069946dc-d3fb-4595-bfd8-75516caf7925","local_time":"20190629204213","is_ascension_mode":true,"campfire_choices":[{"data":"Defragment","floor":7,"key":"SMITH"},{"data":"Streamline","floor":10,"key":"SMITH"},{"data":"Leap","floor":13,"key":"SMITH"},{"floor":15,"key":"REST"}],"neow_cost":"NONE","seed_source_timestamp":77958123072184,"circlet_count":0,"master_deck":["AscendersBane","Strike_B","Strike_B","Defend_B","Defend_B","Defend_B","Defend_B","Zap+1","Dualcast","Leap+1","Defragment+1","Gash","Streamline+1","Loop","Electrodynamics","Genetic Algorithm","Go for the Eyes","FTL"],"relics":["Cracked Core","Vajra","Blood Vial","PreservedInsect","Prayer Wheel","Fusion Hammer"],"potions_floor_usage":[16,20],"damage_taken":[{"damage":2,"enemies":"Jaw Worm","floor":1,"turns":4},{"damage":0,"enemies":"Small Slimes","floor":2,"turns":3},{"damage":0,"enemies":"2 Louse","floor":3,"turns":2},{"damage":16,"enemies":"Lagavulin","floor":6,"turns":5},{"damage":23,"enemies":"Gremlin Nob","floor":14,"turns":4},{"damage":28,"enemies":"Slime Boss","floor":16,"turns":7},{"damage":23,"enemies":"Spheric Guardian","floor":18,"turns":4},{"damage":39,"enemies":"Shell Parasite","floor":19,"turns":5},{"damage":6,"enemies":"Chosen and Byrds","floor":20,"turns":1}],"seed_played":"8259290142171560892","potions_obtained":[{"floor":3,"key":"Fire Potion"},{"floor":19,"key":"SpeedPotion"}],"is_trial":false,"path_per_floor":["M","M","M","?","$","E","R","$","T","R","?","?","R","E","R","B",null,"M","M","M"],"character_chosen":"DEFECT","items_purchased":["Streamline"],"campfire_rested":1,"item_purchase_floors":[5],"current_hp_per_floor":[66,66,66,59,59,43,43,43,43,43,43,43,43,22,44,18,61,40,3,0],"gold":290,"neow_bonus":"UPGRADE_CARD","is_prod":false,"is_daily":false,"chose_seed":false,"campfire_upgraded":3,"win_rate":0,"timestamp":1561812133,"path_taken":["M","M","M","?","$","E","R","$","T","R","?","?","R","E","R","BOSS","M","M","M"],"build_version":"2019-01-23","purchased_purges":1,"victory":false,"max_hp_per_floor":[75,75,75,75,75,75,75,75,75,75,75,75,75,75,75,75,75,75,75,75],"card_choices":[{"not_picked":["Darkness","Rebound"],"picked":"Leap","floor":1},{"not_picked":["Fusion","Hologram"],"picked":"Defragment","floor":2},{"not_picked":["Storm","Consume"],"picked":"Gash","floor":3},{"not_picked":["Auto Shields","Consume"],"picked":"Loop","floor":6},{"not_picked":["Scrape","Beam Cell","Compile Driver"],"picked":"SKIP","floor":14},{"not_picked":["Thunder Strike","Fission"],"picked":"Electrodynamics","floor":16},{"not_picked":["Lockon","Consume"],"picked":"Genetic Algorithm","floor":18},{"not_picked":["Force Field","BootSequence"],"picked":"Go for the Eyes","floor":18},{"not_picked":["Storm","Cold Snap"],"picked":"FTL","floor":19},{"not_picked":["Redo","Aggregate","Ball Lightning"],"picked":"SKIP","floor":19}],"player_experience":812452,"relics_obtained":[{"floor":6,"key":"Blood Vial"},{"floor":9,"key":"PreservedInsect"},{"floor":14,"key":"Prayer Wheel"}],"event_choices":[{"damage_healed":0,"gold_gain":0,"player_choice":"Success","damage_taken":7,"relics_obtained":["Vajra"],"max_hp_gain":0,"max_hp_loss":0,"event_name":"Scrap Ooze","floor":4,"gold_loss":0},{"cards_removed":["Strike_B"],"damage_healed":0,"gold_gain":0,"player_choice":"Card Removal","damage_taken":0,"max_hp_gain":0,"max_hp_loss":0,"event_name":"The Cleric","floor":11,"gold_loss":50},{"damage_healed":0,"gold_gain":60,"player_choice":"Gained Gold","damage_taken":0,"max_hp_gain":0,"max_hp_loss":0,"event_name":"Golden Wing","floor":12,"gold_loss":0}],"is_beta":false,"boss_relics":[{"not_picked":["Orrery","Coffee Dripper"],"picked":"Fusion Hammer"}],"items_purged_floors":[5],"is_endless":false,"potions_floor_spawned":[3,19],"killed_by":"Chosen and Byrds","ascension_level":13}