{"gold_per_floor":[112,123,123,123,123,123,159,189,240,308,45,45,85,99,99,224,224,238,261,282,407,430,430,74,88,88,88,128,151,151,167,167,293,293,314,314,84,100,115,148,148,167,194,194,230,230,35,58,58,58],"floor_reached":51,"playtime":2009,"items_purged":["Strike_R","Strike_R"],"score":1019,"play_id":"55e6652b-0ab3-4405-b27d-a1f17713b82c","local_time":"20190115123247","is_ascension_mode":true,"campfire_choices":[{"data":"Bash","floor":6,"key":"SMITH"},{"data":"Thunderclap","floor":12,"key":"SMITH"},{"data":"Flame Barrier","floor":15,"key":"SMITH"},{"floor":23,"key":"REST"},{"data":"Disarm","floor":30,"key":"SMITH"},{"data":"Flame Barrier","floor":32,"key":"SMITH"},{"data":"Reaper","floor":41,"key":"SMITH"},{"data":"Pummel","floor":46,"key":"SMITH"},{"floor":49,"key":"REST"}],"neow_cost":"NONE","seed_source_timestamp":2296866156600,"circlet_count":0,"master_deck":["Strike_R","Strike_R","Defend_R","Defend_R","Defend_R","Defend_R","Bash+1","Warcry","Havoc","Shrug It Off","Wild Strike","Thunderclap+1","Metallicize+1","Demon Form+1","Flame Barrier+1","Limit Break+1","Clothesline","Sword Boomerang+1","Anger","Intimidate","Ghostly Armor+1","Metallicize+1","Corruption+1","Impervious","Flex+1","Spot Weakness","Disarm+1","Flame Barrier+1","Reaper+1","Dual Wield","Flex","Inflame+1","Fiend Fire","Pummel+1","Feel No Pain+1","Burning Pact","Armaments+1","Anger+1"],"relics":["Burning Blood","NeowsBlessing","Shuriken","Golden Idol","Prayer Wheel","Bronze Scales","Omamori","Paper Frog","Frozen Egg 2","Centennial Puzzle","Busted Crown","Champion Belt","Question Card","Anchor","Meat on the Bone","Darkstone Periapt","Runic Pyramid","Mercury Hourglass","Happy Flower","The Courier","Orichalcum","PreservedInsect"],"potions_floor_usage":[16,21,21,33,33,50],"damage_taken":[{"damage":0,"enemies":"2 Louse","floor":1,"turns":1},{"damage":0,"enemies":"Jaw Worm","floor":2,"turns":1},{"damage":0,"enemies":"Lagavulin","floor":7,"turns":1},{"damage":34,"enemies":"3 Sentries","floor":13,"turns":8},{"damage":0,"enemies":"Small Slimes","floor":14,"turns":3},{"damage":21,"enemies":"Hexaghost","floor":16,"turns":7},{"damage":7,"enemies":"Chosen","floor":18,"turns":4},{"damage":18,"enemies":"2 Thieves","floor":19,"turns":4},{"damage":11,"enemies":"Centurion and Healer","floor":20,"turns":6},{"damage":17,"enemies":"Colosseum Slavers","floor":21,"turns":3},{"damage":30,"enemies":"Colosseum Nobs","floor":21,"turns":5},{"damage":13,"enemies":"Snecko","floor":22,"turns":3},{"damage":2,"enemies":"Snake Plant","floor":25,"turns":4},{"damage":13,"enemies":"Book of Stabbing","floor":28,"turns":5},{"damage":19,"enemies":"Centurion and Healer","floor":29,"turns":4},{"damage":0,"enemies":"Chosen and Byrds","floor":31,"turns":3},{"damage":46,"enemies":"Collector","floor":33,"turns":8},{"damage":0,"enemies":"Orb Walker","floor":35,"turns":4},{"damage":5,"enemies":"3 Shapes","floor":38,"turns":4},{"damage":0,"enemies":"Writhing Mass","floor":39,"turns":5},{"damage":0,"enemies":"Nemesis","floor":40,"turns":3},{"damage":31,"enemies":"Jaw Worm Horde","floor":42,"turns":4},{"damage":10,"enemies":"Reptomancer","floor":45,"turns":5},{"damage":18,"enemies":"Spire Growth","floor":48,"turns":4},{"damage":42,"enemies":"Donu and Deca","floor":50,"turns":9}],"seed_played":"2755655204653769176","potions_obtained":[{"floor":13,"key":"GamblersBrew"},{"floor":14,"key":"Energy Potion"},{"floor":19,"key":"Regen Potion"},{"floor":20,"key":"Ancient Potion"},{"floor":21,"key":"EssenceOfSteel"},{"floor":25,"key":"EssenceOfSteel"},{"floor":38,"key":"Block Potion"},{"floor":39,"key":"Fire Potion"},{"floor":48,"key":"BloodPotion"}],"is_trial":false,"path_per_floor":["M","M","?","?","?","R","E","?","T","T","$","R","E","M","R","B",null,"M","M","M","?","M","R","$","M","T","?","E","M","R","M","R","B",null,"M","?","$","M","M","E","R","M","T","?","E","R","$","M","R","B",null],"character_chosen":"IRONCLAD","items_purchased":["Frozen Egg 2","Thunderclap","Corruption+1","Anchor","Impervious","Happy Flower","Feel No Pain+1","Burning Pact"],"campfire_rested":2,"item_purchase_floors":[11,11,24,24,24,37,47,47],"current_hp_per_floor":[80,80,80,62,42,42,48,48,48,48,48,48,20,26,26,11,63,62,50,45,24,17,41,41,45,45,45,50,49,49,55,55,27,67,73,73,73,74,80,80,80,78,78,80,80,80,80,68,80,67],"gold":58,"neow_bonus":"THREE_ENEMY_KILL","is_prod":false,"is_daily":false,"chose_seed":false,"campfire_upgraded":7,"win_rate":0,"timestamp":1547573567,"path_taken":["M","M","?","?","?","R","E","?","T","?","$","R","E","M","R","BOSS","M","M","M","?","M","R","$","M","T","?","E","M","R","M","R","BOSS","M","?","$","M","M","E","R","?","T","?","E","R","$","?","R","BOSS"],"build_version":"2019-01-10","purchased_purges":2,"victory":true,"max_hp_per_floor":[80,80,80,80,80,80,80,80,80,80,80,80,80,80,80,80,80,80,80,80,80,80,80,80,80,80,80,80,80,80,80,80,80,80,80,80,80,80,80,80,80,80,80,80,80,80,80,80,80,80],"card_choices":[{"not_picked":["Flex","Rage"],"picked":"Warcry","floor":1},{"not_picked":["Warcry","Heavy Blade"],"picked":"Havoc","floor":2},{"not_picked":["Cleave","Flex"],"picked":"Wild Strike","floor":7},{"not_picked":["Perfected Strike","True Grit"],"picked":"Metallicize+1","floor":13},{"not_picked":["Warcry","Thunderclap"],"picked":"Demon Form+1","floor":14},{"not_picked":["Disarm","Twin Strike"],"picked":"Flame Barrier","floor":14},{"not_picked":["Demon Form+1","Immolate"],"picked":"Limit Break","floor":16},{"not_picked":[],"picked":"Clothesline","floor":18},{"not_picked":[],"picked":"Sword Boomerang+1","floor":18},{"not_picked":["Sever Soul"],"picked":"SKIP","floor":19},{"not_picked":["Searing Blow"],"picked":"SKIP","floor":19},{"not_picked":[],"picked":"Anger","floor":20},{"not_picked":[],"picked":"Intimidate","floor":20},{"not_picked":["Perfected Strike"],"picked":"Ghostly Armor+1","floor":22},{"not_picked":["Flex"],"picked":"Metallicize+1","floor":22},{"not_picked":["Reckless Charge"],"picked":"Flex+1","floor":25},{"not_picked":["Corruption+1"],"picked":"Spot Weakness","floor":25},{"not_picked":["Sword Boomerang"],"picked":"Disarm","floor":28},{"not_picked":["Pommel Strike"],"picked":"Flame Barrier","floor":29},{"not_picked":["Carnage","Flex"],"picked":"SKIP","floor":29},{"not_picked":["Combust+1","Fire Breathing+1"],"picked":"SKIP","floor":31},{"not_picked":["Carnage","Warcry"],"picked":"SKIP","floor":31},{"not_picked":["Double Tap"],"picked":"Reaper","floor":33},{"not_picked":["Power Through+1","Hemokinesis+1"],"picked":"SKIP","floor":35},{"not_picked":["Body Slam","Evolve+1"],"picked":"SKIP","floor":35},{"not_picked":["Combust+1"],"picked":"Dual Wield","floor":38},{"not_picked":["Flame Barrier","Thunderclap+1"],"picked":"SKIP","floor":38},{"not_picked":["Thunderclap"],"picked":"Flex","floor":39},{"not_picked":["Heavy Blade+1"],"picked":"Inflame+1","floor":39},{"not_picked":["Power Through"],"picked":"Fiend Fire","floor":40},{"not_picked":["Combust+1","Flame Barrier"],"picked":"SKIP","floor":42},{"not_picked":["Havoc+1","Clash"],"picked":"SKIP","floor":42},{"not_picked":["Wild Strike"],"picked":"Pummel","floor":45},{"not_picked":["Second Wind+1"],"picked":"Armaments+1","floor":48},{"not_picked":["Bloodletting"],"picked":"Anger+1","floor":48}],"player_experience":211134,"relics_obtained":[{"floor":7,"key":"Prayer Wheel"},{"floor":9,"key":"Omamori"},{"floor":10,"key":"Paper Frog"},{"floor":13,"key":"Centennial Puzzle"},{"floor":21,"key":"Champion Belt"},{"floor":21,"key":"Question Card"},{"floor":26,"key":"Meat on the Bone"},{"floor":28,"key":"Darkstone Periapt"},{"floor":40,"key":"The Courier"},{"floor":43,"key":"Orichalcum"},{"floor":45,"key":"PreservedInsect"}],"event_choices":[{"damage_healed":0,"gold_gain":0,"cards_transformed":["Strike_R"],"player_choice":"Change","damage_taken":0,"max_hp_gain":0,"max_hp_loss":0,"event_name":"Living Wall","floor":3,"gold_loss":0,"cards_obtained":["Shrug It Off"]},{"damage_healed":0,"gold_gain":0,"player_choice":"Success","damage_taken":18,"relics_obtained":["Shuriken"],"max_hp_gain":0,"max_hp_loss":0,"event_name":"Scrap Ooze","floor":4,"gold_loss":0},{"damage_healed":0,"gold_gain":0,"player_choice":"Take Damage","damage_taken":20,"relics_obtained":["Golden Idol"],"max_hp_gain":0,"max_hp_loss":0,"event_name":"Golden Idol","floor":5,"gold_loss":0},{"damage_healed":0,"gold_gain":30,"player_choice":"Searched \u00273\u0027 times","damage_taken":0,"relics_obtained":["Bronze Scales"],"max_hp_gain":0,"max_hp_loss":0,"event_name":"Dead Adventurer","floor":8,"gold_loss":0},{"damage_healed":0,"gold_gain":0,"player_choice":"Fight","damage_taken":0,"max_hp_gain":0,"max_hp_loss":0,"event_name":"Colosseum","floor":21,"gold_loss":0},{"damage_healed":0,"gold_gain":0,"player_choice":"Fought Nobs","damage_taken":0,"max_hp_gain":0,"max_hp_loss":0,"event_name":"Colosseum","floor":21,"gold_loss":0},{"damage_healed":0,"gold_gain":0,"player_choice":"Forge","damage_taken":0,"max_hp_gain":0,"max_hp_loss":0,"event_name":"Accursed Blacksmith","floor":27,"gold_loss":0,"cards_upgraded":["Limit Break"]},{"damage_healed":0,"gold_gain":0,"player_choice":"Gave Potion","damage_taken":0,"relics_obtained":["Mercury Hourglass"],"max_hp_gain":0,"max_hp_loss":0,"event_name":"WeMeetAgain","floor":36,"gold_loss":0},{"damage_healed":2,"gold_gain":0,"player_choice":"Full Heal","damage_taken":0,"max_hp_gain":0,"max_hp_loss":0,"event_name":"Wheel of Change","floor":44,"gold_loss":0}],"is_beta":false,"boss_relics":[{"not_picked":["Orrery","Runic Dome"],"picked":"Busted Crown"},{"not_picked":["Eternal Feather","White Beast Statue"],"picked":"Runic Pyramid"}],"items_purged_floors":[37,47],"is_endless":false,"potions_floor_spawned":[13,14,19,20,21,25,38,39,48],"ascension_level":5}