{"gold_per_floor":[114,189,204,219,234,264,264,302,302,340,359,84,84,103,103,228,228,247,11,11,30,30,68,68,68,68,106,125,150,150,150,150,250,250,265,265,6,6,6,36,66,8,33,63,93,108,150,175,175,175],"floor_reached":50,"playtime":4143,"items_purged":[],"score":862,"play_id":"d2a17724-2069-4004-a85f-df85fec5775b","local_time":"20190310001151","daily_mods":["Allstar","Flight","Night Terrors"],"is_ascension_mode":false,"campfire_choices":[{"floor":13,"key":"REST"},{"data":"Infinite Blades","floor":15,"key":"SMITH"},{"floor":25,"key":"REST"},{"floor":32,"key":"REST"},{"floor":49,"key":"REST"}],"neow_cost":"","seed_source_timestamp":0,"circlet_count":0,"master_deck":["Defend_G","Defend_G","Defend_G+1","Defend_G","Defend_G","Strike_G","Strike_G","Strike_G","Strike_G","Strike_G","Survivor","Neutralize","Finesse","Dark Shackles","Mayhem","Mind Blast","Infinite Blades+1","Endless Agony","All Out Attack","Endless Agony","Injury","Slice","Dagger Throw","Dagger Throw","Caltrops","Flying Knee","After Image","Dagger Spray","Infinite Blades","Underhanded Strike+1","J.A.X.","Deflect+1","Pain","Quick Slash+1","Cloak And Dagger","Cloak And Dagger","Sucker Punch+1","Tools of the Trade","Shame","Decay","Shame","Flying Knee+1","Madness","Madness","Accuracy","Backstab+1","Accuracy+1","Infinite Blades","Dodge and Roll","Backflip","Cloak And Dagger","Slice+1","Dagger Spray+1","Slice+1","Riddle With Holes+1","Endless Agony+1"],"special_seed":17964,"relics":["Ring of the Snake","Pen Nib","Bloody Idol","Bronze Scales","Smiling Mask","Happy Flower","Toy Ornithopter","Black Star","Membership Card","Enchiridion","Dream Catcher","Strawberry","WarpedTongs","Gremlin Horn","Centennial Puzzle","Molten Egg 2","Juzu Bracelet","Calling Bell","War Paint","Sundial","Torii","Blood Vial","Tiny Chest","Sling","Bag of Marbles","Calipers","Anchor","The Courier","Shuriken","Potion Belt","Snake Skull","Prayer Wheel","Regal Pillow","Darkstone Periapt","Turnip","Bag of Preparation"],"potions_floor_usage":[6,8,16,16,16,21,30,41,50,50],"damage_taken":[{"damage":3,"enemies":"Small Slimes","floor":1,"turns":4},{"damage":0,"enemies":"Cultist","floor":3,"turns":3},{"damage":6,"enemies":"2 Louse","floor":4,"turns":3},{"damage":0,"enemies":"Looter","floor":5,"turns":3},{"damage":15,"enemies":"Lagavulin","floor":6,"turns":6},{"damage":26,"enemies":"Gremlin Nob","floor":8,"turns":4},{"damage":5,"enemies":"Lagavulin","floor":10,"turns":6},{"damage":6,"enemies":"3 Louse","floor":11,"turns":2},{"damage":0,"enemies":"Exordium Thugs","floor":14,"turns":3},{"damage":48,"enemies":"The Guardian","floor":16,"turns":6},{"damage":19,"enemies":"Spheric Guardian","floor":18,"turns":5},{"damage":3,"enemies":"2 Thieves","floor":21,"turns":3},{"damage":23,"enemies":"Book of Stabbing","floor":23,"turns":4},{"damage":36,"enemies":"Slavers","floor":27,"turns":4},{"damage":13,"enemies":"Snecko","floor":28,"turns":4},{"damage":11,"enemies":"Colosseum Slavers","floor":30,"turns":2},{"damage":34,"enemies":"Automaton","floor":33,"turns":6},{"damage":10,"enemies":"Orb Walker","floor":35,"turns":4},{"damage":29,"enemies":"Giant Head","floor":40,"turns":7},{"damage":3,"enemies":"Reptomancer","floor":41,"turns":3},{"damage":14,"enemies":"Nemesis","floor":44,"turns":5},{"damage":17,"enemies":"Giant Head","floor":45,"turns":6},{"damage":5,"enemies":"3 Darklings","floor":46,"turns":4},{"damage":13,"enemies":"2 Orb Walkers","floor":47,"turns":2},{"damage":68,"enemies":"Time Eater","floor":50,"turns":7}],"seed_played":"-1382854420231312037","potions_obtained":[{"floor":1,"key":"SteroidPotion"},{"floor":4,"key":"AttackPotion"},{"floor":6,"key":"PowerPotion"},{"floor":10,"key":"Fire Potion"},{"floor":11,"key":"SteroidPotion"},{"floor":18,"key":"AttackPotion"},{"floor":28,"key":"LiquidBronze"},{"floor":40,"key":"Energy Potion"},{"floor":46,"key":"Swift Potion"},{"floor":47,"key":"Swift Potion"}],"is_trial":false,"path_per_floor":["M","?","M","M","M","E","?","E","T","E","M","$","R","M","R","B",null,"M","$","?","M","?","E","?","R","T","E","M","T","?","?","R","B",null,"M","?","$","?","?","E","E","$","T","E","E","M","?","T","R","B"],"character_chosen":"THE_SILENT","items_purchased":["Toy Ornithopter","Caltrops","Membership Card","Infinite Blades","Blood Vial","Accuracy","Tiny Chest","Sling","Infinite Blades","Dodge and Roll","Backflip"],"campfire_rested":4,"item_purchase_floors":[12,12,19,19,37,37,37,37,42,42,42],"current_hp_per_floor":[67,60,60,54,54,39,39,13,13,8,2,2,65,65,65,26,65,46,46,30,32,32,16,16,67,67,31,18,18,12,12,62,33,62,57,49,54,54,62,38,47,47,52,45,35,37,31,36,57,0],"gold":175,"neow_bonus":"","is_prod":false,"is_daily":true,"chose_seed":false,"campfire_upgraded":1,"win_rate":0,"timestamp":1552176711,"path_taken":["M","?","?","?","?","E","?","E","T","E","M","$","R","M","R","BOSS","M","$","?","M","?","E","?","R","T","E","?","?","?","?","R","BOSS","M","?","$","?","?","E","E","$","T","E","E","M","?","?","R","BOSS"],"build_version":"2019-01-23","purchased_purges":0,"victory":false,"max_hp_per_floor":[70,70,70,70,70,70,70,70,70,70,70,70,65,65,65,65,65,65,65,65,65,65,72,72,67,67,67,67,67,67,67,62,62,62,62,62,62,62,62,62,62,62,62,62,62,62,62,62,57,57],"card_choices":[{"not_picked":["Noxious Fumes","Skewer"],"picked":"Infinite Blades","floor":1},{"not_picked":["Noxious Fumes","Deadly Poison"],"picked":"Endless Agony","floor":3},{"not_picked":["Dodge and Roll","Tactician"],"picked":"All Out Attack","floor":4},{"not_picked":["Acrobatics","Deflect"],"picked":"Endless Agony","floor":5},{"not_picked":["Underhanded Strike","Deadly Poison"],"picked":"Concentrate","floor":6},{"not_picked":["Choke","Flechettes"],"picked":"Slice","floor":8},{"not_picked":["Dash","Footwork"],"picked":"Dagger Throw","floor":10},{"not_picked":["Outmaneuver","Underhanded Strike"],"picked":"Dagger Throw","floor":11},{"not_picked":["Terror","Setup"],"picked":"Flying Knee","floor":14},{"not_picked":["Wraith Form v2","Die Die Die"],"picked":"After Image","floor":16},{"not_picked":["Setup+1","Escape Plan+1"],"picked":"Dagger Spray","floor":18},{"not_picked":["Acrobatics","Tactician"],"picked":"Underhanded Strike+1","floor":21},{"not_picked":["Outmaneuver","Flechettes"],"picked":"Deflect+1","floor":23},{"not_picked":["Underhanded Strike","Endless Agony"],"picked":"Quick Slash+1","floor":25},{"not_picked":["Leg Sweep","Well Laid Plans"],"picked":"Cloak And Dagger","floor":27},{"not_picked":["Poisoned Stab+1","Concentrate+1"],"picked":"Cloak And Dagger","floor":28},{"not_picked":["Skewer+1","Noxious Fumes"],"picked":"Sucker Punch+1","floor":32},{"not_picked":["Night Terror","Grand Finale+1"],"picked":"Tools of the Trade","floor":33},{"not_picked":["Acrobatics","Bane+1"],"picked":"Flying Knee+1","floor":35},{"not_picked":["Slice+1","Reflex"],"picked":"Backstab+1","floor":40},{"not_picked":["Acrobatics","Corpse Explosion"],"picked":"Accuracy+1","floor":41},{"not_picked":["Reflex+1","Heel Hook+1"],"picked":"Cloak And Dagger","floor":44},{"not_picked":["Eviscerate+1","Deadly Poison+1"],"picked":"Slice+1","floor":45},{"not_picked":["Prepared+1","Outmaneuver"],"picked":"Dagger Spray+1","floor":46},{"not_picked":["Sucker Punch+1","Dagger Throw+1"],"picked":"Slice+1","floor":46},{"not_picked":["Heel Hook+1","Sucker Punch+1"],"picked":"Riddle With Holes+1","floor":47},{"not_picked":["PiercingWail+1","After Image"],"picked":"Endless Agony+1","floor":49}],"player_experience":286603,"relics_obtained":[{"floor":6,"key":"Pen Nib"},{"floor":8,"key":"Bronze Scales"},{"floor":9,"key":"Smiling Mask"},{"floor":10,"key":"Happy Flower"},{"floor":20,"key":"Enchiridion"},{"floor":23,"key":"Dream Catcher"},{"floor":23,"key":"Strawberry"},{"floor":26,"key":"Gremlin Horn"},{"floor":27,"key":"Centennial Puzzle"},{"floor":27,"key":"Molten Egg 2"},{"floor":29,"key":"Juzu Bracelet"},{"floor":34,"key":"War Paint"},{"floor":34,"key":"Sundial"},{"floor":34,"key":"Torii"},{"floor":40,"key":"Calipers"},{"floor":40,"key":"Anchor"},{"floor":41,"key":"The Courier"},{"floor":41,"key":"Shuriken"},{"floor":43,"key":"Potion Belt"},{"floor":44,"key":"Snake Skull"},{"floor":44,"key":"Prayer Wheel"},{"floor":45,"key":"Regal Pillow"},{"floor":45,"key":"Darkstone Periapt"},{"floor":47,"key":"Turnip"},{"floor":48,"key":"Bag of Preparation"}],"event_choices":[{"damage_healed":0,"gold_gain":75,"player_choice":"Touch","damage_taken":7,"max_hp_gain":0,"max_hp_loss":0,"event_name":"FaceTrader","floor":2,"gold_loss":0},{"damage_healed":0,"gold_gain":0,"player_choice":"Take Wound","damage_taken":0,"relics_obtained":["Golden Idol"],"max_hp_gain":0,"max_hp_loss":0,"event_name":"Golden Idol","floor":7,"gold_loss":0,"cards_obtained":["Injury"]},{"damage_healed":0,"gold_gain":0,"player_choice":"Obtained Book","damage_taken":16,"max_hp_gain":0,"max_hp_loss":0,"event_name":"Cursed Tome","floor":20,"gold_loss":0},{"damage_healed":0,"gold_gain":0,"player_choice":"Obtain J.A.X.","damage_taken":0,"max_hp_gain":0,"max_hp_loss":0,"event_name":"Drug Dealer","floor":22,"gold_loss":0,"cards_obtained":["J.A.X."]},{"damage_healed":0,"gold_gain":0,"player_choice":"Rummage","damage_taken":0,"relics_obtained":["WarpedTongs"],"max_hp_gain":0,"max_hp_loss":0,"event_name":"Accursed Blacksmith","floor":24,"gold_loss":0,"cards_obtained":["Pain"]},{"damage_healed":0,"gold_gain":0,"player_choice":"Fight","damage_taken":0,"max_hp_gain":0,"max_hp_loss":0,"event_name":"Colosseum","floor":30,"gold_loss":0},{"damage_healed":0,"gold_gain":0,"player_choice":"Fled From Nobs","damage_taken":0,"max_hp_gain":0,"max_hp_loss":0,"event_name":"Colosseum","floor":30,"gold_loss":0},{"damage_healed":0,"gold_gain":0,"player_choice":"Gave Idol","damage_taken":0,"relics_obtained":["Bloody Idol"],"max_hp_gain":0,"max_hp_loss":0,"event_name":"Forgotten Altar","floor":31,"relics_lost":["Golden Idol"],"gold_loss":0},{"damage_healed":0,"gold_gain":0,"player_choice":"Embrace Madness","damage_taken":8,"max_hp_gain":0,"max_hp_loss":0,"event_name":"Winding Halls","floor":36,"gold_loss":0,"cards_obtained":["Madness","Madness"]},{"cards_removed":["Metamorphosis"],"damage_healed":0,"gold_gain":0,"player_choice":"Gave Card","damage_taken":0,"relics_obtained":["Bag of Marbles"],"max_hp_gain":0,"max_hp_loss":0,"event_name":"WeMeetAgain","floor":38,"gold_loss":0},{"cards_removed":["Concentrate"],"damage_healed":8,"gold_gain":0,"player_choice":"Offered Uncommon","damage_taken":0,"max_hp_gain":0,"max_hp_loss":0,"event_name":"Bonfire Elementals","floor":39,"gold_loss":0},{"damage_healed":0,"gold_gain":0,"player_choice":"Fight","damage_taken":0,"max_hp_gain":0,"max_hp_loss":0,"event_name":"Mysterious Sphere","floor":47,"gold_loss":0}],"is_beta":false,"boss_relics":[{"not_picked":["Orrery","Runic Dome"],"picked":"Black Star"},{"not_picked":["Velvet Choker","Ring of the Serpent"],"picked":"Calling Bell"}],"items_purged_floors":[],"is_endless":false,"potions_floor_spawned":[1,4,6,10,11,18,28,40,46,47],"killed_by":"Time Eater","ascension_level":0}