{"gold_per_floor":[15,31,31,31,55,99,99,132,159,159],"floor_reached":10,"playtime":376,"items_purged":[],"score":87,"play_id":"3e927cac-be15-4003-a46d-fa8a727849a5","local_time":"20190314212605","is_ascension_mode":true,"campfire_choices":[{"floor":7,"key":"REST"}],"neow_cost":"NO_GOLD","seed_source_timestamp":1140906394811500,"circlet_count":0,"master_deck":["Strike_B","Strike_B","Strike_B","Strike_B","Defend_B","Defend_B","Zap","Dualcast","Fission","Lockon","Ball Lightning","Sweeping Beam","Injury","Hello World","Ball Lightning","Cold Snap"],"relics":["Cracked Core","Anchor","Golden Idol","Omamori","Regal Pillow","Vajra"],"potions_floor_usage":[],"damage_taken":[{"damage":12,"enemies":"Jaw Worm","floor":1,"turns":2},{"damage":13,"enemies":"2 Louse","floor":2,"turns":2},{"damage":0,"enemies":"Cultist","floor":5,"turns":2},{"damage":22,"enemies":"3 Sentries","floor":6,"turns":5},{"damage":35,"enemies":"Lagavulin","floor":8,"turns":4},{"damage":8,"enemies":"Blue Slaver","floor":10,"turns":2}],"seed_played":"-1233482178709460076","potions_obtained":[{"floor":2,"key":"GamblersBrew"},{"floor":8,"key":"Block Potion"}],"is_trial":false,"path_per_floor":["M","M","?","?","M","E","R","E","T","M"],"character_chosen":"DEFECT","items_purchased":[],"campfire_rested":1,"item_purchase_floors":[],"current_hp_per_floor":[63,50,43,43,43,21,43,8,8,0],"gold":159,"neow_bonus":"TRANSFORM_TWO_CARDS","is_prod":false,"is_daily":false,"chose_seed":false,"campfire_upgraded":0,"win_rate":0,"timestamp":1552598765,"path_taken":["M","M","?","?","M","E","R","E","T","M"],"build_version":"2019-01-23","purchased_purges":0,"victory":false,"max_hp_per_floor":[75,75,75,75,75,75,75,75,75,75],"card_choices":[{"not_picked":["Turbo","Conserve Battery"],"picked":"Ball Lightning","floor":1},{"not_picked":["Streamline","Reboot"],"picked":"Sweeping Beam","floor":2},{"not_picked":["Hologram","Heatsinks"],"picked":"Hello World","floor":5},{"not_picked":["Steam","Barrage"],"picked":"Ball Lightning","floor":6},{"not_picked":["Rebound","Go for the Eyes"],"picked":"Cold Snap","floor":8}],"player_experience":315510,"relics_obtained":[{"floor":6,"key":"Omamori"},{"floor":8,"key":"Regal Pillow"},{"floor":9,"key":"Vajra"}],"event_choices":[{"damage_healed":0,"gold_gain":0,"player_choice":"Success","damage_taken":7,"relics_obtained":["Anchor"],"max_hp_gain":0,"max_hp_loss":0,"event_name":"Scrap Ooze","floor":3,"gold_loss":0},{"damage_healed":0,"gold_gain":0,"player_choice":"Take Wound","damage_taken":0,"relics_obtained":["Golden Idol"],"max_hp_gain":0,"max_hp_loss":0,"event_name":"Golden Idol","floor":4,"gold_loss":0,"cards_obtained":["Injury"]}],"is_beta":false,"boss_relics":[],"items_purged_floors":[],"is_endless":false,"potions_floor_spawned":[2,8],"killed_by":"Blue Slaver","ascension_level":3}