{"gold_per_floor":[110,129,139,139,39,39,51,65,65,85,85,114,114,147,147,244,244,264,264,277,297,96,124,124,124],"floor_reached":25,"playtime":997,"items_purged":["Strike_R"],"score":233,"play_id":"81d854a3-2d79-41fd-a255-0d5204c07ac2","local_time":"20181027150400","is_ascension_mode":false,"campfire_choices":[{"data":"Inflame","floor":6,"key":"SMITH"},{"data":"Heavy Blade","floor":11,"key":"SMITH"},{"data":"Entrench","floor":15,"key":"SMITH"},{"data":"Demon Form","floor":24,"key":"SMITH"}],"neow_cost":"NONE","seed_source_timestamp":1483942831200540,"circlet_count":0,"master_deck":["Strike_R","Strike_R","Strike_R","Defend_R","Defend_R","Defend_R","Defend_R","Bash","Reaper","Battle Trance","Anger","Inflame+1","Flex","Heavy Blade+1","Cleave","Entrench+1","Juggernaut","Demon Form+1","Metallicize","J.A.X.","Iron Wave"],"relics":["Burning Blood","Anchor","Lantern","Ornamental Fan","Bottled Tornado","Cursed Key","HandDrill","Oddly Smooth Stone"],"potions_floor_usage":[16,23],"damage_taken":[{"damage":10,"enemies":"Cultist","floor":1,"turns":5},{"damage":2,"enemies":"2 Louse","floor":2,"turns":4},{"damage":1,"enemies":"Jaw Worm","floor":3,"turns":3},{"damage":7,"enemies":"3 Louse","floor":7,"turns":2},{"damage":1,"enemies":"Large Slime","floor":8,"turns":4},{"damage":0,"enemies":"2 Fungi Beasts","floor":10,"turns":3},{"damage":15,"enemies":"Gremlin Nob","floor":12,"turns":3},{"damage":9,"enemies":"3 Sentries","floor":14,"turns":5},{"damage":38,"enemies":"Slime Boss","floor":16,"turns":7},{"damage":0,"enemies":"Chosen","floor":18,"turns":3},{"damage":8,"enemies":"Spheric Guardian","floor":20,"turns":3},{"damage":28,"enemies":"3 Cultists","floor":21,"turns":5},{"damage":65,"enemies":"Book of Stabbing","floor":23,"turns":6},{"damage":18,"enemies":"Shelled Parasite and Fungi","floor":25,"turns":3}],"seed_played":"3381125119179148937","potions_obtained":[{"floor":1,"key":"SteroidPotion"},{"floor":2,"key":"BloodPotion"},{"floor":12,"key":"PowerPotion"},{"floor":16,"key":"Energy Potion"},{"floor":23,"key":"Swift Potion"}],"is_trial":false,"path_per_floor":["M","M","M","?","$","R","M","M","T","M","R","E","?","E","R","B",null,"M","?","M","M","$","E","R"],"character_chosen":"IRONCLAD","items_purchased":["Flex","HandDrill"],"campfire_rested":0,"item_purchase_floors":[5,22],"current_hp_per_floor":[76,80,80,62,62,62,79,80,80,80,80,71,71,77,77,45,80,80,80,80,58,58,18,18,0],"gold":124,"neow_bonus":"TRANSFORM_CARD","is_prod":false,"is_daily":false,"chose_seed":false,"campfire_upgraded":4,"win_rate":0,"timestamp":1540667040,"path_taken":["M","M","M","?","$","R","M","M","T","M","R","E","?","E","R","BOSS","M","?","M","?","$","E","R","M"],"build_version":"2018-10-25v2","purchased_purges":1,"victory":false,"max_hp_per_floor":[80,80,80,80,80,80,80,80,80,80,80,80,80,80,80,80,80,80,80,80,80,80,80,80,80],"card_choices":[{"not_picked":["Seeing Red","Wild Strike"],"picked":"Battle Trance","floor":1},{"not_picked":["Clash","Sword Boomerang"],"picked":"Anger","floor":2},{"not_picked":["Body Slam","True Grit"],"picked":"Inflame","floor":3},{"not_picked":["Hemokinesis","Sword Boomerang"],"picked":"Heavy Blade","floor":7},{"not_picked":["Reckless Charge","Havoc","Wild Strike"],"picked":"SKIP","floor":8},{"not_picked":["Clash","Ghostly Armor"],"picked":"Cleave","floor":10},{"not_picked":["Whirlwind","Evolve"],"picked":"Entrench","floor":12},{"not_picked":["Pommel Strike","Anger"],"picked":"Juggernaut","floor":14},{"not_picked":["Exhume","Berserk"],"picked":"Demon Form","floor":16},{"not_picked":["Cleave","Sword Boomerang+1"],"picked":"Metallicize","floor":18},{"not_picked":["Cleave","Headbutt","Power Through"],"picked":"SKIP","floor":20},{"not_picked":["Twin Strike","Cleave","Havoc+1"],"picked":"SKIP","floor":21},{"not_picked":["Warcry","Shockwave"],"picked":"Iron Wave","floor":23}],"player_experience":96590,"relics_obtained":[{"floor":9,"key":"Lantern"},{"floor":12,"key":"Ornamental Fan"},{"floor":14,"key":"Bottled Tornado"},{"floor":23,"key":"Oddly Smooth Stone"}],"event_choices":[{"damage_healed":0,"gold_gain":0,"player_choice":"Success","damage_taken":18,"relics_obtained":["Anchor"],"max_hp_gain":0,"max_hp_loss":0,"event_name":"Scrap Ooze","floor":4,"gold_loss":0},{"damage_healed":0,"gold_gain":0,"player_choice":"Ignored","damage_taken":0,"max_hp_gain":0,"max_hp_loss":0,"event_name":"Liars Game","floor":13,"gold_loss":0},{"damage_healed":0,"gold_gain":0,"player_choice":"Obtain J.A.X.","damage_taken":0,"max_hp_gain":0,"max_hp_loss":0,"event_name":"Drug Dealer","floor":19,"gold_loss":0,"cards_obtained":["J.A.X."]}],"is_beta":false,"boss_relics":[{"not_picked":["Orrery","Runic Dome"],"picked":"Cursed Key"}],"items_purged_floors":[5],"is_endless":false,"potions_floor_spawned":[1,2,12,16,23],"killed_by":"Shelled Parasite and Fungi","ascension_level":0}