{"gold_per_floor":[114,189,200,28,47,73,73,87,87,87,105,133,88,117,117,215,215,204,215,235,54,66,66,66],"floor_reached":24,"playtime":1441,"items_purged":["Strike_B","Strike_B"],"score":295,"play_id":"0264d262-0374-45fc-aa8a-9c49d8074017","local_time":"20181123175619","is_ascension_mode":true,"campfire_choices":[{"data":"Zap","floor":7,"key":"SMITH"},{"data":"Sunder","floor":10,"key":"SMITH"},{"data":"Consume","floor":15,"key":"SMITH"},{"data":"Capacitor","floor":23,"key":"SMITH"}],"neow_cost":"NONE","seed_source_timestamp":683882239078810,"circlet_count":0,"master_deck":["Strike_B","Strike_B","Defend_B","Defend_B","Defend_B","Defend_B","Zap+1","Dualcast","Capacitor+1","Stack","Cold Snap","Conserve Battery","Glacier","Sunder+1","Coolheaded","Reinforced Body","Go for the Eyes","Gash","Consume+1","Core Surge","Streamline","Hologram","Compile Driver","Blizzard","Tempest+1"],"relics":["Cracked Core","Juzu Bracelet","Singing Bowl","Thread and Needle","Vajra","Eternal Feather"],"potions_floor_usage":[],"damage_taken":[{"damage":3,"enemies":"2 Louse","floor":1,"turns":3},{"damage":7,"enemies":"Jaw Worm","floor":3,"turns":3},{"damage":6,"enemies":"Small Slimes","floor":5,"turns":3},{"damage":0,"enemies":"Lagavulin","floor":6,"turns":11},{"damage":0,"enemies":"Blue Slaver","floor":8,"turns":5},{"damage":8,"enemies":"3 Louse","floor":11,"turns":3},{"damage":2,"enemies":"3 Sentries","floor":12,"turns":9},{"damage":0,"enemies":"Lagavulin","floor":14,"turns":10},{"damage":10,"enemies":"Hexaghost","floor":16,"turns":9},{"damage":11,"enemies":"2 Thieves","floor":18,"turns":4},{"damage":1,"enemies":"Chosen","floor":19,"turns":4},{"damage":0,"enemies":"Snecko","floor":20,"turns":5},{"damage":11,"enemies":"Centurion and Healer","floor":22,"turns":9},{"damage":77,"enemies":"Slavers","floor":24,"turns":7}],"seed_played":"-5147181821177733842","potions_obtained":[{"floor":1,"key":"EssenceOfSteel"},{"floor":8,"key":"LiquidBronze"},{"floor":11,"key":"SpeedPotion"}],"is_trial":false,"path_per_floor":["M","?","M","$","M","E","R","M","T","R","M","E","$","E","R","B",null,"M","M","M","$","M","R","E"],"character_chosen":"DEFECT","items_purchased":["Cold Snap","Conserve Battery","Gash","Blizzard"],"campfire_rested":0,"item_purchase_floors":[4,4,13,21],"current_hp_per_floor":[79,68,61,61,55,55,55,55,55,55,47,45,45,45,45,35,82,71,70,70,70,59,74,0],"gold":66,"neow_bonus":"TEN_PERCENT_HP_BONUS","is_prod":false,"is_daily":false,"chose_seed":false,"campfire_upgraded":4,"win_rate":0,"timestamp":1543013779,"path_taken":["M","?","M","$","M","E","R","M","T","R","M","E","$","E","R","BOSS","M","M","M","$","M","R","E"],"build_version":"2018-11-15","purchased_purges":2,"victory":false,"max_hp_per_floor":[82,82,82,82,82,82,82,82,82,82,82,82,82,82,82,82,82,82,82,82,82,82,82,82],"card_choices":[{"not_picked":["Hello World","Barrage"],"picked":"Capacitor","floor":1},{"not_picked":["Rebound","Reprogram"],"picked":"Stack","floor":3},{"not_picked":["Rip and Tear","Conserve Battery"],"picked":"Glacier","floor":5},{"not_picked":["Hello World","Undo"],"picked":"Sunder","floor":6},{"not_picked":["Hologram","Redo"],"picked":"Coolheaded","floor":8},{"not_picked":["Coolheaded","Beam Cell"],"picked":"Reinforced Body","floor":11},{"not_picked":["Glacier","Coolheaded"],"picked":"Go for the Eyes","floor":12},{"not_picked":["FTL","Sweeping Beam"],"picked":"Consume","floor":14},{"not_picked":["Multi-Cast","Amplify"],"picked":"Core Surge","floor":16},{"not_picked":["Hello World","Cold Snap"],"picked":"Streamline","floor":18},{"not_picked":["Loop+1","Steam"],"picked":"Hologram","floor":19},{"not_picked":["Rebound","Conserve Battery"],"picked":"Compile Driver","floor":20},{"not_picked":["Turbo","Sweeping Beam"],"picked":"Tempest+1","floor":22}],"player_experience":154496,"relics_obtained":[{"floor":6,"key":"Juzu Bracelet"},{"floor":9,"key":"Singing Bowl"},{"floor":12,"key":"Thread and Needle"},{"floor":14,"key":"Vajra"}],"event_choices":[{"damage_healed":0,"gold_gain":75,"player_choice":"Gather Gold","damage_taken":11,"max_hp_gain":0,"max_hp_loss":0,"event_name":"World of Goop","floor":2,"gold_loss":0}],"is_beta":false,"boss_relics":[{"not_picked":["Philosopher\u0027s Stone","Lizard Tail"],"picked":"Eternal Feather"}],"items_purged_floors":[4,21],"is_endless":false,"potions_floor_spawned":[1,8,11,16,19,22],"killed_by":"Slavers","ascension_level":2}