{"gold_per_floor":[13,13,88,88,1,1,13,43,70,104,104,7,40,60,60,157,157,168,182,182,132,147,147,64,64,90,116,116,126,56,56,56,160,160,171,1,1,48,148,177,209,221,313,57,57,57,77,77,77,77],"floor_reached":50,"playtime":5834,"items_purged":[],"score":590,"play_id":"f4be3d01-35bc-4940-b634-707cc686c6f1","local_time":"20190218182539","is_ascension_mode":true,"campfire_choices":[{"floor":6,"key":"REST"},{"data":"Discovery","floor":11,"key":"SMITH"},{"floor":15,"key":"REST"},{"floor":23,"key":"REST"},{"data":"Streamline","floor":25,"key":"SMITH"},{"floor":28,"key":"REST"},{"data":"Loop","floor":32,"key":"SMITH"},{"floor":42,"key":"REST"},{"floor":46,"key":"REST"},{"floor":49,"key":"REST"}],"neow_cost":"NO_GOLD","seed_source_timestamp":128077282939100,"circlet_count":0,"master_deck":["Strike_B","Strike_B+1","Strike_B+1","Strike_B","Defend_B","Defend_B","Defend_B","Zap","Dualcast","Forethought","Deep Breath","BootSequence","Discovery+1","Streamline+1","Capacitor","Loop+1","Gash","Lockon","Reprogram","Beam Cell+1","Ball Lightning","Doom and Gloom","FTL","Scrape","Sweeping Beam","Hello World+1","Conserve Battery+1","Redo","Go for the Eyes","Seek","Cold Snap+1","Capacitor","Darkness","Rebound","Coolheaded","Aggregate+1","Core Surge","Coolheaded","Beam Cell+1","Panache","Capacitor","Compile Driver","Chrysalis","Flash of Steel","Magnetism","Ball Lightning+1","Steam Power","Writhe"],"relics":["Cracked Core","Pear","Regal Pillow","Whetstone","Bottled Lightning","Bronze Scales","Nuclear Battery","Vajra","Mango","Fusion Hammer","Thread and Needle","Prayer Wheel","MawBank","Bottled Flame"],"potions_floor_usage":[10,10,27,29,39,40],"damage_taken":[{"damage":7,"enemies":"Small Slimes","floor":1,"turns":2},{"damage":0,"enemies":"2 Louse","floor":7,"turns":3},{"damage":27,"enemies":"3 Sentries","floor":10,"turns":5},{"damage":28,"enemies":"Gremlin Nob","floor":13,"turns":4},{"damage":0,"enemies":"Jaw Worm","floor":14,"turns":3},{"damage":34,"enemies":"Hexaghost","floor":16,"turns":9},{"damage":13,"enemies":"Spheric Guardian","floor":18,"turns":5},{"damage":16,"enemies":"Chosen","floor":19,"turns":4},{"damage":21,"enemies":"Snake Plant","floor":22,"turns":2},{"damage":39,"enemies":"Gremlin Leader","floor":27,"turns":5},{"damage":9,"enemies":"Snecko","floor":29,"turns":3},{"damage":53,"enemies":"Automaton","floor":33,"turns":10},{"damage":7,"enemies":"Orb Walker","floor":35,"turns":2},{"damage":36,"enemies":"2 Orb Walkers","floor":38,"turns":4},{"damage":33,"enemies":"Mind Bloom Boss Battle","floor":39,"turns":6},{"damage":20,"enemies":"Nemesis","floor":40,"turns":5},{"damage":0,"enemies":"3 Shapes","floor":41,"turns":3},{"damage":22,"enemies":"Jaw Worm Horde","floor":47,"turns":3},{"damage":102,"enemies":"Time Eater","floor":50,"turns":9}],"seed_played":"815455367252227001","potions_obtained":[{"floor":1,"key":"Ancient Potion"},{"floor":7,"key":"LiquidBronze"},{"floor":19,"key":"Explosive Potion"},{"floor":27,"key":"Weak Potion"},{"floor":33,"key":"Strength Potion"},{"floor":38,"key":"Swift Potion"},{"floor":39,"key":"SpeedPotion"},{"floor":47,"key":"SpeedPotion"}],"is_trial":false,"path_per_floor":["M","?","?","?","$","R","M","?","T","E","R","$","E","M","R","B",null,"M","M","?","?","M","R","$","R","T","E","R","M","$","?","R","B",null,"M","$","?","?","?","E","M","R","T","$","?","R","M","?","R","B"],"character_chosen":"DEFECT","items_purchased":["Discovery","Loop","Gash","Scrape","Sweeping Beam","Redo","Go for the Eyes","Capacitor","Darkness","Rebound","Panache","Capacitor","Compile Driver"],"campfire_rested":7,"item_purchase_floors":[5,12,12,24,24,30,30,36,36,36,44,44,44],"current_hp_per_floor":[68,68,57,60,60,85,85,85,85,58,58,58,30,30,70,36,85,72,56,56,56,35,75,75,75,75,50,94,85,85,85,85,32,99,92,92,92,56,23,3,3,47,47,47,37,81,59,84,99,0],"gold":77,"neow_bonus":"RANDOM_COLORLESS_2","is_prod":false,"is_daily":false,"chose_seed":false,"campfire_upgraded":3,"win_rate":0,"timestamp":1550514339,"path_taken":["M","?","?","?","?","R","M","?","T","E","R","$","E","?","R","BOSS","M","?","?","?","M","R","$","R","T","E","R","?","$","?","R","BOSS","M","$","?","?","?","E","M","R","T","$","?","R","?","?","R","BOSS"],"build_version":"2019-01-23","purchased_purges":0,"victory":false,"max_hp_per_floor":[75,75,75,85,85,85,85,85,85,85,85,85,85,85,85,85,85,85,85,85,85,85,85,85,85,85,99,99,99,99,99,99,99,99,99,99,99,99,99,99,99,99,99,99,99,99,99,99,99,99],"card_choices":[{"not_picked":["Cold Snap","Capacitor"],"picked":"BootSequence","floor":1},{"not_picked":["Storm","Gash"],"picked":"Streamline","floor":7},{"not_picked":["Hologram","Storm"],"picked":"Capacitor","floor":10},{"not_picked":["Compile Driver","Stack"],"picked":"Lockon","floor":13},{"not_picked":["Recycle","Hello World"],"picked":"Reprogram","floor":14},{"not_picked":["Meteor Strike","Fission"],"picked":"Amplify","floor":16},{"not_picked":["Streamline","Barrage"],"picked":"Beam Cell+1","floor":18},{"not_picked":["Steam Power","Reprogram"],"picked":"Ball Lightning","floor":19},{"not_picked":["Stack","Storm"],"picked":"FTL","floor":22},{"not_picked":["Auto Shields","Stack"],"picked":"Hello World+1","floor":27},{"not_picked":["Reinforced Body","Leap"],"picked":"Conserve Battery+1","floor":29},{"not_picked":["Fission","Machine Learning"],"picked":"Seek","floor":33},{"not_picked":["Lockon+1","Capacitor"],"picked":"Cold Snap+1","floor":35},{"not_picked":["Beam Cell+1","Cold Snap"],"picked":"Coolheaded","floor":38},{"not_picked":["Go for the Eyes+1","BootSequence"],"picked":"Aggregate+1","floor":39},{"not_picked":["Undo+1","Rebound+1"],"picked":"Core Surge","floor":40},{"not_picked":["Gash","Rebound"],"picked":"Coolheaded","floor":41},{"not_picked":["Sweeping Beam","Capacitor+1"],"picked":"Beam Cell+1","floor":41},{"not_picked":["Thinking Ahead","Madness"],"picked":"Chrysalis","floor":45},{"not_picked":["Good Instincts","Dark Shackles"],"picked":"Flash of Steel","floor":45},{"not_picked":["Thinking Ahead","Discovery"],"picked":"Magnetism","floor":45},{"not_picked":["Steam+1","BootSequence+1"],"picked":"Ball Lightning+1","floor":47},{"not_picked":["Aggregate","Go for the Eyes"],"picked":"Steam Power","floor":47}],"player_experience":138708,"relics_obtained":[{"floor":9,"key":"Whetstone"},{"floor":10,"key":"Bottled Lightning"},{"floor":13,"key":"Bronze Scales"},{"floor":26,"key":"Vajra"},{"floor":27,"key":"Mango"},{"floor":38,"key":"Thread and Needle"},{"floor":39,"key":"Prayer Wheel"},{"floor":40,"key":"MawBank"},{"floor":43,"key":"Bottled Flame"}],"event_choices":[{"damage_healed":0,"gold_gain":0,"player_choice":"Leave","damage_taken":0,"max_hp_gain":0,"max_hp_loss":0,"event_name":"The Cleric","floor":2,"gold_loss":0},{"damage_healed":0,"gold_gain":75,"player_choice":"Gather Gold","damage_taken":11,"max_hp_gain":0,"max_hp_loss":0,"event_name":"World of Goop","floor":3,"gold_loss":0},{"damage_healed":0,"gold_gain":0,"player_choice":"Success","damage_taken":7,"relics_obtained":["Pear"],"max_hp_gain":0,"max_hp_loss":0,"event_name":"Scrap Ooze","floor":4,"gold_loss":0},{"damage_healed":0,"gold_gain":30,"player_choice":"Searched \u00273\u0027 times","damage_taken":0,"relics_obtained":["Regal Pillow"],"max_hp_gain":0,"max_hp_loss":0,"event_name":"Dead Adventurer","floor":8,"gold_loss":0},{"damage_healed":0,"gold_gain":0,"player_choice":"Read","damage_taken":0,"max_hp_gain":0,"max_hp_loss":0,"event_name":"The Library","floor":20,"gold_loss":0,"cards_obtained":["Doom and Gloom"]},{"damage_healed":0,"gold_gain":0,"player_choice":"Bet on Murderer","damage_taken":0,"max_hp_gain":0,"max_hp_loss":0,"event_name":"The Joust","floor":21,"gold_loss":50},{"cards_removed":["Amplify"],"damage_healed":0,"gold_gain":0,"player_choice":"Card Removal","damage_taken":0,"max_hp_gain":0,"max_hp_loss":0,"event_name":"Wheel of Change","floor":31,"gold_loss":0},{"cards_removed":["Defend_B"],"damage_healed":0,"gold_gain":0,"player_choice":"Removed Skill","damage_taken":0,"max_hp_gain":0,"max_hp_loss":0,"event_name":"Falling","floor":37,"gold_loss":0},{"damage_healed":0,"gold_gain":0,"player_choice":"Fight","damage_taken":0,"max_hp_gain":0,"max_hp_loss":0,"event_name":"Mysterious Sphere","floor":38,"gold_loss":0},{"damage_healed":0,"gold_gain":0,"player_choice":"Fight","damage_taken":0,"max_hp_gain":0,"max_hp_loss":0,"event_name":"MindBloom","floor":39,"gold_loss":0},{"damage_healed":0,"gold_gain":0,"player_choice":"Memory 3","damage_taken":10,"max_hp_gain":0,"max_hp_loss":0,"event_name":"SensoryStone","floor":45,"gold_loss":0},{"damage_healed":25,"gold_gain":0,"player_choice":"Writhe","damage_taken":0,"max_hp_gain":0,"max_hp_loss":0,"event_name":"Winding Halls","floor":48,"gold_loss":0,"cards_obtained":["Writhe"]}],"is_beta":false,"boss_relics":[{"not_picked":["Cursed Key","Inserter"],"picked":"Nuclear Battery"},{"not_picked":["Lizard Tail","Velvet Choker"],"picked":"Fusion Hammer"}],"items_purged_floors":[],"is_endless":false,"potions_floor_spawned":[1,7,19,27,33,38,39,47],"killed_by":"Time Eater","ascension_level":1}