{"gold_per_floor":[118,118,130,149,163,163,174,209,236,264,283,317,282,316,316,419,419,432,432,68,81,98,98,114,114,114,114,139,14,14,48,48,48],"floor_reached":33,"playtime":2136,"items_purged":[],"score":524,"play_id":"05057f87-d013-4a21-ada7-e2d8a2174328","local_time":"20190308141259","is_ascension_mode":true,"campfire_choices":[{"data":"Dramatic Entrance","floor":6,"key":"SMITH"},{"floor":15,"key":"REST"},{"floor":23,"key":"REST"},{"data":"Infinite Blades","floor":25,"key":"SMITH"},{"data":"Infinite Blades","floor":30,"key":"SMITH"},{"data":"Accuracy","floor":32,"key":"SMITH"}],"neow_cost":"NONE","seed_source_timestamp":594763302476900,"circlet_count":0,"master_deck":["Defend_G","Defend_G","Defend_G","Defend_G","Defend_G","Survivor","Neutralize","Dramatic Entrance+1","Backstab","Pain","Cloak And Dagger","Slice","Skewer","Slice","Deflect","Poisoned Stab","Dodge and Roll","Infinite Blades+1","Accuracy","Adrenaline","Cloak And Dagger","Accuracy","Slice","Infinite Blades+1","Slice+1","Escape Plan","Bite","Bite","Bite","Bite","Bite","Adrenaline","Bandage Up","Accuracy+1","Sucker Punch+1"],"relics":["Ring of the Snake","WarpedTongs","Gambling Chip","Art of War","Regal Pillow","Anchor","Ornamental Fan","WristBlade","Bronze Scales","Ninja Scroll","The Courier","Gremlin Horn"],"potions_floor_usage":[7,10,11,14,16,24,28,31,33],"damage_taken":[{"damage":3,"enemies":"2 Louse","floor":1,"turns":2},{"damage":2,"enemies":"Cultist","floor":3,"turns":3},{"damage":0,"enemies":"Small Slimes","floor":4,"turns":1},{"damage":1,"enemies":"Looter","floor":5,"turns":3},{"damage":10,"enemies":"Exordium Wildlife","floor":7,"turns":3},{"damage":26,"enemies":"Lagavulin","floor":8,"turns":7},{"damage":4,"enemies":"Gremlin Nob","floor":10,"turns":3},{"damage":0,"enemies":"3 Louse","floor":11,"turns":1},{"damage":7,"enemies":"3 Sentries","floor":12,"turns":8},{"damage":19,"enemies":"Lagavulin","floor":14,"turns":5},{"damage":26,"enemies":"Hexaghost","floor":16,"turns":7},{"damage":4,"enemies":"2 Thieves","floor":18,"turns":4},{"damage":3,"enemies":"Shell Parasite","floor":21,"turns":2},{"damage":31,"enemies":"Snake Plant","floor":22,"turns":4},{"damage":8,"enemies":"Centurion and Healer","floor":24,"turns":3},{"damage":0,"enemies":"Gremlin Leader","floor":28,"turns":4},{"damage":0,"enemies":"Slavers","floor":31,"turns":3},{"damage":62,"enemies":"Automaton","floor":33,"turns":6}],"seed_played":"6485381462312290554","potions_obtained":[{"floor":1,"key":"Strength Potion"},{"floor":3,"key":"SkillPotion"},{"floor":8,"key":"LiquidBronze"},{"floor":12,"key":"Weak Potion"},{"floor":14,"key":"PowerPotion"},{"floor":16,"key":"Ancient Potion"},{"floor":22,"key":"LiquidBronze"},{"floor":24,"key":"GhostInAJar"},{"floor":28,"key":"Ancient Potion"}],"is_trial":false,"path_per_floor":["M","?","M","M","M","R","M","E","T","E","M","E","?","E","R","B",null,"M","?","$","M","M","R","M","R","T","?","E","$","R","E","R","B"],"character_chosen":"THE_SILENT","items_purchased":["Ninja Scroll","Accuracy","Slice","Bandage Up","Accuracy"],"campfire_rested":2,"item_purchase_floors":[20,20,20,29,29],"current_hp_per_floor":[67,67,65,65,64,64,54,28,28,24,24,17,34,15,51,25,70,66,66,66,63,32,68,60,60,60,49,49,49,49,49,49,0],"gold":48,"neow_bonus":"RANDOM_COLORLESS","is_prod":false,"is_daily":false,"chose_seed":false,"campfire_upgraded":4,"win_rate":0,"timestamp":1552054379,"path_taken":["M","?","M","M","M","R","?","E","T","E","M","E","?","E","R","BOSS","M","?","$","M","M","R","M","R","T","?","E","?","R","E","R","BOSS"],"build_version":"2019-01-23","purchased_purges":0,"victory":false,"max_hp_per_floor":[70,70,70,70,70,70,70,70,70,70,70,70,70,70,70,70,70,70,70,70,70,70,70,70,70,70,49,49,49,49,49,49,49],"card_choices":[{"not_picked":["Endless Agony","Blade Dance"],"picked":"Backstab","floor":1},{"not_picked":["Underhanded Strike","Acrobatics"],"picked":"Cloak And Dagger","floor":3},{"not_picked":["Reflex","Bouncing Flask"],"picked":"Slice","floor":4},{"not_picked":["Underhanded Strike","Leg Sweep"],"picked":"Skewer","floor":5},{"not_picked":["Dodge and Roll","Cloak And Dagger"],"picked":"Slice","floor":7},{"not_picked":["Deadly Poison","Concentrate"],"picked":"Deflect","floor":8},{"not_picked":["Acrobatics","Dagger Throw"],"picked":"Poisoned Stab","floor":10},{"not_picked":["Terror","Deadly Poison"],"picked":"Dodge and Roll","floor":11},{"not_picked":["Distraction","Prepared"],"picked":"Infinite Blades","floor":12},{"not_picked":["Glass Knife","Blade Dance"],"picked":"Accuracy","floor":14},{"not_picked":["Tools of the Trade","Doppelganger"],"picked":"Adrenaline","floor":16},{"not_picked":["Deadly Poison","Outmaneuver"],"picked":"Cloak And Dagger","floor":18},{"not_picked":["Expertise","Leg Sweep+1"],"picked":"Infinite Blades","floor":21},{"not_picked":["Dagger Throw","Masterful Stab"],"picked":"Slice+1","floor":22},{"not_picked":["Bouncing Flask","Crippling Poison"],"picked":"Escape Plan","floor":24},{"not_picked":["Expertise","Sucker Punch"],"picked":"Adrenaline","floor":28},{"not_picked":["Catalyst","Deadly Poison"],"picked":"Sucker Punch+1","floor":31}],"player_experience":282261,"relics_obtained":[{"floor":8,"key":"Gambling Chip"},{"floor":9,"key":"Art of War"},{"floor":10,"key":"Regal Pillow"},{"floor":12,"key":"Anchor"},{"floor":14,"key":"Ornamental Fan"},{"floor":28,"key":"The Courier"},{"floor":31,"key":"Gremlin Horn"}],"event_choices":[{"damage_healed":0,"gold_gain":0,"player_choice":"Rummage","damage_taken":0,"relics_obtained":["WarpedTongs"],"max_hp_gain":0,"max_hp_loss":0,"event_name":"Accursed Blacksmith","floor":2,"gold_loss":0,"cards_obtained":["Pain"]},{"damage_healed":17,"gold_gain":0,"player_choice":"Healed","damage_taken":0,"max_hp_gain":0,"max_hp_loss":0,"event_name":"The Cleric","floor":13,"gold_loss":35},{"damage_healed":0,"gold_gain":0,"player_choice":"Opened","damage_taken":0,"relics_obtained":["Bronze Scales"],"max_hp_gain":0,"max_hp_loss":0,"event_name":"The Mausoleum","floor":19,"gold_loss":0},{"damage_healed":0,"gold_gain":0,"player_choice":"Became a vampire","damage_taken":0,"max_hp_gain":0,"max_hp_loss":21,"event_name":"Vampires","floor":27,"gold_loss":0,"cards_obtained":["Bite","Bite","Bite","Bite","Bite"]}],"is_beta":false,"boss_relics":[{"not_picked":["Runic Dome","Lizard Tail"],"picked":"WristBlade"}],"items_purged_floors":[],"is_endless":false,"potions_floor_spawned":[1,3,8,12,14,16,22,24,28],"killed_by":"Automaton","ascension_level":3}