{"gold_per_floor":[216,230,230,249,259,286,286,67,67,67,83,98,98,130,130,228,228,245,14,14,14,26,26],"floor_reached":23,"playtime":832,"items_purged":[],"score":314,"play_id":"bc69461a-4c52-4eee-9429-96c911221eb4","local_time":"20190626022302","is_ascension_mode":true,"campfire_choices":[{"floor":7,"key":"REST"},{"data":"Genetic Algorithm","floor":10,"key":"SMITH"},{"floor":13,"key":"REST"},{"floor":15,"key":"REST"}],"neow_cost":"NONE","seed_source_timestamp":1003402438855200,"circlet_count":0,"master_deck":["Strike_B","Strike_B","Strike_B+1","Strike_B","Defend_B","Defend_B","Defend_B","Defend_B","Zap+1","Dualcast","Genetic Algorithm+1","Gash+1","Steam","Tempest","Machine Learning","White Noise","Lockon","Storm","Fusion","Thunder Strike","Tempest+1","Tempest","Chill+1"],"relics":["Cracked Core","Whetstone","Singing Bowl","FossilizedHelix","Philosopher\u0027s Stone","PreservedInsect"],"potions_floor_usage":[22],"damage_taken":[{"damage":3,"enemies":"2 Louse","floor":1,"turns":3},{"damage":13,"enemies":"Jaw Worm","floor":2,"turns":3},{"damage":0,"enemies":"Small Slimes","floor":4,"turns":3},{"damage":3,"enemies":"Blue Slaver","floor":5,"turns":4},{"damage":38,"enemies":"3 Sentries","floor":6,"turns":8},{"damage":19,"enemies":"Exordium Wildlife","floor":11,"turns":3},{"damage":11,"enemies":"Lots of Slimes","floor":12,"turns":4},{"damage":9,"enemies":"Lagavulin","floor":14,"turns":6},{"damage":0,"enemies":"Slime Boss","floor":16,"turns":8},{"damage":11,"enemies":"Shell Parasite","floor":18,"turns":5},{"damage":18,"enemies":"3 Byrds","floor":22,"turns":2},{"damage":53,"enemies":"Gremlin Leader","floor":23,"turns":5}],"seed_played":"7085247204495761472","potions_obtained":[{"floor":1,"key":"PowerPotion"},{"floor":4,"key":"GamblersBrew"},{"floor":5,"key":"GamblersBrew"},{"floor":14,"key":"Dexterity Potion"},{"floor":22,"key":"Ancient Potion"}],"is_trial":false,"path_per_floor":["M","M","?","M","M","E","R","$","T","R","M","M","R","E","R","B",null,"M","$","?","$","M","E"],"character_chosen":"DEFECT","items_purchased":["White Noise","Lockon","Storm","PreservedInsect","Tempest"],"campfire_rested":3,"item_purchase_floors":[8,8,8,19,19],"current_hp_per_floor":[72,59,59,59,56,18,40,40,40,40,23,14,37,28,51,51,72,61,61,61,61,43,0],"gold":26,"neow_bonus":"HUNDRED_GOLD","is_prod":false,"is_daily":false,"chose_seed":false,"campfire_upgraded":1,"win_rate":0,"timestamp":1561530182,"path_taken":["M","M","?","M","M","E","R","$","T","R","M","M","R","E","R","BOSS","M","$","?","$","M","E"],"build_version":"2019-01-23","purchased_purges":0,"victory":false,"max_hp_per_floor":[75,75,75,75,75,75,75,75,75,75,77,79,79,79,79,79,79,79,79,79,79,79,79],"card_choices":[{"not_picked":["Undo","Coolheaded"],"picked":"Genetic Algorithm","floor":1},{"not_picked":["Hologram","Cold Snap"],"picked":"Gash","floor":2},{"not_picked":["Leap","Coolheaded"],"picked":"Steam","floor":4},{"not_picked":["Aggregate","Blizzard","Tempest"],"picked":"SKIP","floor":5},{"not_picked":["Aggregate","Blizzard"],"picked":"Tempest","floor":5},{"not_picked":["Go for the Eyes","Scrape"],"picked":"Machine Learning","floor":6},{"not_picked":["Redo","Rebound","Force Field"],"picked":"Singing Bowl","floor":11},{"not_picked":["Leap","Gash","Streamline"],"picked":"Singing Bowl","floor":12},{"not_picked":["Conserve Battery","Ball Lightning"],"picked":"Fusion","floor":14},{"not_picked":["Hyperbeam","Fission"],"picked":"Thunder Strike","floor":16},{"not_picked":["Beam Cell","Coolheaded"],"picked":"Tempest+1","floor":18},{"not_picked":["Coolheaded","Cold Snap"],"picked":"Chill+1","floor":22}],"player_experience":283544,"relics_obtained":[{"floor":6,"key":"Whetstone"},{"floor":9,"key":"Singing Bowl"},{"floor":14,"key":"FossilizedHelix"}],"event_choices":[{"damage_healed":0,"gold_gain":0,"player_choice":"Grow","damage_taken":0,"max_hp_gain":0,"max_hp_loss":0,"event_name":"Living Wall","floor":3,"gold_loss":0,"cards_upgraded":["Zap"]}],"is_beta":false,"boss_relics":[{"not_picked":["Lizard Tail","White Beast Statue"],"picked":"Philosopher\u0027s Stone"}],"items_purged_floors":[],"is_endless":false,"potions_floor_spawned":[1,4,5,14,22],"killed_by":"Gremlin Leader","ascension_level":5}