{"gold_per_floor":[115,115,131,131,111,145,162,162,162,237,237,272,272,292,292,397,397,397,26,26,26,26,26,26,26,26,26,26,26,26,26,26,26],"floor_reached":33,"playtime":1110,"items_purged":["Defend_R"],"score":309,"play_id":"b912790b-8f59-4a87-920f-49facd19881f","local_time":"20181027144444","is_ascension_mode":true,"campfire_choices":[{"data":"Flex","floor":11,"key":"SMITH"},{"data":"Dropkick","floor":13,"key":"SMITH"},{"data":"Iron Wave","floor":15,"key":"SMITH"},{"data":"Demon Form","floor":23,"key":"SMITH"},{"data":"Heavy Blade","floor":25,"key":"SMITH"},{"data":"Pommel Strike","floor":27,"key":"SMITH"},{"data":"Armaments","floor":32,"key":"SMITH"}],"neow_cost":"NONE","seed_source_timestamp":1482663316028748,"circlet_count":0,"master_deck":["Strike_R","Strike_R","Strike_R","Strike_R","Strike_R","Defend_R","Defend_R","Defend_R","Bash+1","True Grit+1","Anger+1","Pommel Strike+1","Flex+1","Dropkick+1","Iron Wave+1","Demon Form+1","Writhe","Heavy Blade+1","Anger+1","Armaments+1"],"relics":["Burning Blood","NeowsBlessing","Calipers","Mummified Hand","Paper Frog","Incense Burner","Ectoplasm","Lantern","Bag of Marbles","Pantograph","FossilizedHelix","Bag of Preparation"],"potions_floor_usage":[18,31,31,31,31,31,31],"damage_taken":[{"damage":0,"enemies":"Small Slimes","floor":1,"turns":1},{"damage":0,"enemies":"Jaw Worm","floor":3,"turns":1},{"damage":0,"enemies":"Lagavulin","floor":6,"turns":1},{"damage":0,"enemies":"Cultist","floor":7,"turns":3},{"damage":26,"enemies":"3 Sentries","floor":12,"turns":8},{"damage":0,"enemies":"Lots of Slimes","floor":14,"turns":3},{"damage":16,"enemies":"Slime Boss","floor":16,"turns":8},{"damage":26,"enemies":"3 Byrds","floor":18,"turns":5},{"damage":1,"enemies":"Spheric Guardian","floor":24,"turns":3},{"damage":21,"enemies":"3 Cultists","floor":28,"turns":5},{"damage":13,"enemies":"Slavers","floor":31,"turns":3},{"damage":83,"enemies":"Automaton","floor":33,"turns":10}],"seed_played":"9161360884314323086","potions_obtained":[{"floor":5,"key":"EntropicBrew"},{"floor":7,"key":"LiquidBronze"},{"floor":12,"key":"LiquidBronze"},{"floor":28,"key":"SkillPotion"}],"is_trial":false,"path_per_floor":["M","?","M","?","?","E","M","T","T","?","R","E","R","M","R","B",null,"M","$","?","?","?","R","M","R","T","R","M","$","?","E","R"],"character_chosen":"IRONCLAD","items_purchased":["Lantern","Bag of Marbles"],"campfire_rested":0,"item_purchase_floors":[19,19],"current_hp_per_floor":[80,80,80,80,80,80,80,80,80,69,69,49,49,55,55,45,80,60,60,60,60,60,60,65,65,65,65,50,50,50,43,43,0],"gold":26,"neow_bonus":"THREE_ENEMY_KILL","is_prod":false,"is_daily":false,"chose_seed":false,"campfire_upgraded":7,"win_rate":0,"timestamp":1540665884,"path_taken":["M","?","?","?","?","E","M","?","T","?","R","E","R","M","R","BOSS","M","$","?","?","?","R","M","R","T","R","M","?","?","E","R","BOSS"],"build_version":"2018-10-25v2","purchased_purges":1,"victory":false,"max_hp_per_floor":[80,80,80,80,80,80,80,80,80,80,80,80,80,80,80,80,80,80,80,80,80,80,80,80,80,80,80,80,80,80,80,80,80],"card_choices":[{"not_picked":["Perfected Strike","Sever Soul"],"picked":"True Grit","floor":1},{"not_picked":["Perfected Strike","Pommel Strike"],"picked":"Anger","floor":3},{"not_picked":["Feed","Perfected Strike"],"picked":"Pommel Strike","floor":6},{"not_picked":["Evolve","Thunderclap"],"picked":"Flex","floor":7},{"not_picked":["Havoc","Corruption"],"picked":"Dropkick","floor":12},{"not_picked":["Dropkick","Clothesline"],"picked":"Iron Wave","floor":14},{"not_picked":["Double Tap","Barricade"],"picked":"Demon Form","floor":16},{"not_picked":["Perfected Strike","Feel No Pain","Searing Blow"],"picked":"SKIP","floor":18},{"not_picked":["Perfected Strike+1","Cleave"],"picked":"Anger+1","floor":24},{"not_picked":["Brutality","Reckless Charge","Body Slam"],"picked":"SKIP","floor":28},{"not_picked":["Clash","Sentinel"],"picked":"Armaments","floor":31}],"player_experience":95480,"relics_obtained":[{"floor":6,"key":"Calipers"},{"floor":8,"key":"Mummified Hand"},{"floor":9,"key":"Paper Frog"},{"floor":12,"key":"Incense Burner"},{"floor":26,"key":"FossilizedHelix"},{"floor":31,"key":"Bag of Preparation"}],"event_choices":[{"damage_healed":0,"gold_gain":0,"player_choice":"Grow","damage_taken":0,"max_hp_gain":0,"max_hp_loss":0,"event_name":"Living Wall","floor":2,"gold_loss":0,"cards_upgraded":["True Grit"]},{"damage_healed":0,"gold_gain":0,"player_choice":"Upgraded","damage_taken":0,"max_hp_gain":0,"max_hp_loss":0,"event_name":"Upgrade Shrine","floor":4,"gold_loss":0,"cards_upgraded":["Anger"]},{"damage_healed":0,"gold_gain":0,"player_choice":"Bought 1 Potion","damage_taken":0,"max_hp_gain":0,"max_hp_loss":0,"event_name":"The Woman in Blue","floor":5,"gold_loss":0},{"damage_healed":0,"gold_gain":75,"player_choice":"Gather Gold","damage_taken":11,"max_hp_gain":0,"max_hp_loss":0,"event_name":"World of Goop","floor":10,"gold_loss":0},{"damage_healed":0,"gold_gain":0,"player_choice":"Ignored","damage_taken":0,"max_hp_gain":0,"max_hp_loss":0,"event_name":"Beggar","floor":20,"gold_loss":0},{"damage_healed":0,"gold_gain":0,"player_choice":"Opened","damage_taken":0,"relics_obtained":["Pantograph"],"max_hp_gain":0,"max_hp_loss":0,"event_name":"The Mausoleum","floor":21,"gold_loss":0,"cards_obtained":["Writhe"]},{"damage_healed":0,"gold_gain":0,"player_choice":"Read","damage_taken":0,"max_hp_gain":0,"max_hp_loss":0,"event_name":"The Library","floor":22,"gold_loss":0,"cards_obtained":["Heavy Blade"]},{"damage_healed":0,"gold_gain":0,"player_choice":"Upgraded","damage_taken":0,"max_hp_gain":0,"max_hp_loss":0,"event_name":"Upgrade Shrine","floor":30,"gold_loss":0,"cards_upgraded":["Bash"]}],"is_beta":false,"boss_relics":[{"not_picked":["Black Star","Lizard Tail"],"picked":"Ectoplasm"}],"items_purged_floors":[19],"is_endless":false,"potions_floor_spawned":[7,12,28],"killed_by":"Automaton","ascension_level":1}