{"gold_per_floor":[116,41,41,58,72,72,86,101,101,151,151,167,167],"floor_reached":13,"playtime":550,"items_purged":["Strike_G"],"score":154,"play_id":"c66b107d-1ab4-4d9e-b54f-fc6e27e4aa80","local_time":"20190623232851","is_ascension_mode":true,"campfire_choices":[{"data":"Phantasmal Killer","floor":6.0,"key":"SMITH"},{"floor":11,"key":"REST"}],"neow_cost":"NONE","seed_source_timestamp":354047155785900,"circlet_count":0,"master_deck":["AscendersBane","Defend_G","Defend_G","Defend_G","Defend_G","Defend_G","Strike_G","Strike_G","Strike_G","Survivor","Neutralize","Phantasmal Killer+1","Well Laid Plans","Masterful Stab","PiercingWail","PiercingWail","Slice","PiercingWail"],"special_seed":0,"relics":["Ring of the Snake","Bottled Tornado","Letter Opener"],"potions_floor_usage":[13],"damage_taken":[{"damage":21.0,"enemies":"Cultist","floor":1.0,"turns":6.0},{"damage":6.0,"enemies":"2 Louse","floor":4.0,"turns":2.0},{"damage":4.0,"enemies":"Jaw Worm","floor":5.0,"turns":3.0},{"damage":7.0,"enemies":"3 Louse","floor":7.0,"turns":3.0},{"damage":3.0,"enemies":"Blue Slaver","floor":8.0,"turns":6.0},{"damage":7,"enemies":"Red Slaver","floor":12,"turns":4},{"damage":29,"enemies":"Lagavulin","floor":13,"turns":6}],"seed_played":"8220972868232123049","potions_obtained":[{"floor":4.0,"key":"LiquidBronze"},{"floor":8.0,"key":"FearPotion"}],"is_trial":false,"path_per_floor":["M","$","T","M","M","R","M","M","T","?","R","M","E"],"character_chosen":"THE_SILENT","items_purchased":[],"campfire_rested":1,"item_purchase_floors":[],"current_hp_per_floor":[38,38,38,32,28,28,21,18,18,12,31,24,0],"gold":167,"neow_bonus":"TRANSFORM_CARD","is_prod":false,"is_daily":false,"chose_seed":false,"campfire_upgraded":1,"win_rate":0,"timestamp":1561300131,"path_taken":["M","$","?","M","M","R","M","M","T","?","R","M","E"],"build_version":"2019-01-23","purchased_purges":1,"victory":false,"max_hp_per_floor":[66,66,66,66,66,66,66,66,66,66,66,66,66],"card_choices":[{"not_picked":["Bane","Backflip"],"picked":"Well Laid Plans","floor":1.0},{"not_picked":["Quick Slash","Slice"],"picked":"Masterful Stab","floor":4.0},{"not_picked":["Backflip","Eviscerate"],"picked":"PiercingWail","floor":5.0},{"not_picked":["Slice","Phantasmal Killer"],"picked":"PiercingWail","floor":7.0},{"not_picked":["Blur","Deflect"],"picked":"Slice","floor":8.0},{"not_picked":["Outmaneuver","Dodge and Roll"],"picked":"PiercingWail","floor":12}],"player_experience":1015231,"relics_obtained":[{"floor":3.0,"key":"Bottled Tornado"},{"floor":9.0,"key":"Letter Opener"}],"event_choices":[{"damage_healed":0,"gold_gain":50,"player_choice":"Touch","damage_taken":6,"max_hp_gain":0,"max_hp_loss":0,"event_name":"FaceTrader","floor":10,"gold_loss":0}],"is_beta":false,"boss_relics":[],"items_purged_floors":[2],"is_endless":false,"potions_floor_spawned":[4,8],"killed_by":"Lagavulin","ascension_level":20}