{"gold_per_floor":[114,129,129,144,159,189,189,189,189,204,219,219,234,249,249,349,349,664,70,70,85,100,130,157,169],"floor_reached":25,"playtime":3956,"items_purged":[],"score":254,"play_id":"15d673fe-c756-4b14-8762-02b9e8e9ba78","local_time":"20190404134232","daily_mods":["Specialized","Vintage","Binary"],"is_ascension_mode":false,"campfire_choices":[{"data":"Bash","floor":8,"key":"SMITH"},{"data":"Rupture","floor":12,"key":"SMITH"},{"floor":15,"key":"REST"}],"neow_cost":"","seed_source_timestamp":0,"circlet_count":0,"master_deck":["Strike_R","Strike_R","Strike_R","Strike_R","Strike_R","Defend_R","Defend_R","Defend_R","Defend_R","Bash+1","Warcry","Warcry","Warcry","Warcry","Rupture+1","Shrug It Off","Pain","Berserk","Panache","Inflame","Reckless Charge","Decay","Perfected Strike"],"special_seed":17990,"relics":["Burning Blood","Vajra","Smiling Mask","Gremlin Horn","Question Card","Bronze Scales","WarpedTongs","Self Forming Clay","Blood Vial","Regal Pillow","Pen Nib","Incense Burner","Sozu","Old Coin","PreservedInsect","Bag of Marbles","Turnip","Mummified Hand","MawBank","Paper Frog"],"potions_floor_usage":[5,6,6,18],"damage_taken":[{"damage":6,"enemies":"Jaw Worm","floor":1,"turns":5},{"damage":1,"enemies":"Cultist","floor":2,"turns":3},{"damage":6,"enemies":"2 Louse","floor":4,"turns":2},{"damage":3,"enemies":"Lots of Slimes","floor":5,"turns":4},{"damage":39,"enemies":"Lagavulin","floor":6,"turns":8},{"damage":4,"enemies":"Looter","floor":10,"turns":3},{"damage":11,"enemies":"Gremlin Gang","floor":11,"turns":4},{"damage":6,"enemies":"Lots of Slimes","floor":13,"turns":2},{"damage":15,"enemies":"Large Slime","floor":14,"turns":6},{"damage":33,"enemies":"Hexaghost","floor":16,"turns":8},{"damage":7,"enemies":"Shell Parasite","floor":18,"turns":5},{"damage":14,"enemies":"Chosen","floor":21,"turns":3},{"damage":27,"enemies":"Shelled Parasite and Fungi","floor":22,"turns":5},{"damage":31,"enemies":"Book of Stabbing","floor":23,"turns":3},{"damage":20,"enemies":"Snake Plant","floor":24,"turns":2},{"damage":23,"enemies":"Snecko","floor":25,"turns":2}],"seed_played":"-293968740941532516","potions_obtained":[{"floor":1,"key":"Regen Potion"},{"floor":2,"key":"Fire Potion"},{"floor":4,"key":"Weak Potion"},{"floor":16,"key":"SpeedPotion"}],"is_trial":false,"path_per_floor":["M","M","?","M","M","E","?","R","T","M","M","R","M","M","R","B",null,"M","$","?","M","M","E","M","M"],"character_chosen":"IRONCLAD","items_purchased":["Panache","PreservedInsect","Bag of Marbles","Inflame","Reckless Charge"],"campfire_rested":1,"item_purchase_floors":[19,19,19,19,19],"current_hp_per_floor":[80,80,80,80,80,62,62,62,62,64,61,61,63,56,80,53,80,79,79,79,72,53,30,18,0],"gold":169,"neow_bonus":"","is_prod":false,"is_daily":true,"chose_seed":false,"campfire_upgraded":2,"win_rate":0,"timestamp":1554381752,"path_taken":["M","M","?","M","M","E","?","R","T","M","?","R","M","M","R","BOSS","M","$","?","M","M","E","M","M"],"build_version":"2019-01-23","purchased_purges":0,"victory":false,"max_hp_per_floor":[80,80,80,80,80,80,80,80,80,80,80,80,80,80,80,80,80,80,80,80,80,80,80,80,80],"card_choices":[{"not_picked":["Ghostly Armor","Carnage"],"picked":"Shrug It Off","floor":6},{"not_picked":["Double Tap","Exhume"],"picked":"Berserk","floor":16},{"not_picked":["Warcry","Entrench"],"picked":"Perfected Strike","floor":23}],"player_experience":427130,"relics_obtained":[{"floor":1,"key":"Vajra"},{"floor":2,"key":"Smiling Mask"},{"floor":4,"key":"Gremlin Horn"},{"floor":5,"key":"Question Card"},{"floor":6,"key":"Bronze Scales"},{"floor":9,"key":"Self Forming Clay"},{"floor":10,"key":"Blood Vial"},{"floor":11,"key":"Regal Pillow"},{"floor":13,"key":"Pen Nib"},{"floor":14,"key":"Incense Burner"},{"floor":18,"key":"Old Coin"},{"floor":21,"key":"Turnip"},{"floor":22,"key":"Mummified Hand"},{"floor":23,"key":"MawBank"},{"floor":24,"key":"Paper Frog"}],"event_choices":[{"damage_healed":0,"gold_gain":0,"cards_transformed":["Warcry"],"player_choice":"Change","damage_taken":0,"max_hp_gain":0,"max_hp_loss":0,"event_name":"Living Wall","floor":3,"gold_loss":0,"cards_obtained":["Rupture"]},{"damage_healed":0,"gold_gain":0,"player_choice":"Rummage","damage_taken":0,"relics_obtained":["WarpedTongs"],"max_hp_gain":0,"max_hp_loss":0,"event_name":"Accursed Blacksmith","floor":7,"gold_loss":0,"cards_obtained":["Pain"]},{"damage_healed":0,"gold_gain":0,"player_choice":"Smashed Altar","damage_taken":0,"max_hp_gain":0,"max_hp_loss":0,"event_name":"Forgotten Altar","floor":20,"gold_loss":0,"cards_obtained":["Decay"]}],"is_beta":false,"boss_relics":[{"not_picked":["Runic Dome","Velvet Choker"],"picked":"Sozu"}],"items_purged_floors":[],"is_endless":false,"potions_floor_spawned":[1,2,4,16,21,24],"killed_by":"Snecko","ascension_level":0}