{"gold_per_floor":[116,191,10,10,25,53,7,7,31,41,91,91,107,141,141,236,236,253,267,217,217,58,90,90,119,167,167,178,178,140,152,152,152],"floor_reached":33,"playtime":1823,"items_purged":["Defend_R"],"score":341,"play_id":"6be96241-9b93-46c2-9e94-b0e9a6cbabbc","local_time":"20181022215813","is_ascension_mode":false,"campfire_choices":[{"data":"Sentinel","floor":12.0,"key":"SMITH"},{"data":"Seeing Red","floor":15.0,"key":"SMITH"},{"data":"True Grit","floor":24,"key":"SMITH"},{"data":"Demon Form","floor":27,"key":"SMITH"},{"data":"Enlightenment","floor":32,"key":"SMITH"}],"neow_cost":"NONE","seed_source_timestamp":0,"circlet_count":0,"master_deck":["Bash","Seeing Red+1","Sentinel+1","Sever Soul","Pommel Strike+1","Flex","Anger+1","Twin Strike+1","Blood for Blood+1","Exhume","Sword Boomerang+1","Clothesline+1","Warcry+1","Carnage+1","True Grit+1","Bite+1","Bite+1","Bite+1","Bite+1","Bite+1","Enlightenment+1","Cleave+1","Demon Form+1","Pummel+1","Metallicize+1"],"special_seed":0,"relics":["Burning Blood","NeowsBlessing","Anchor","Molten Egg 2","Regal Pillow","Vajra","Matryoshka","Astrolabe","Gremlin Horn","Red Skull","Centennial Puzzle","Boot","MutagenicStrength"],"potions_floor_usage":[],"damage_taken":[{"damage":0.0,"enemies":"Small Slimes","floor":1.0,"turns":1.0},{"damage":0.0,"enemies":"Jaw Worm","floor":5.0,"turns":1.0},{"damage":0.0,"enemies":"Lagavulin","floor":6.0,"turns":2.0},{"damage":0.0,"enemies":"Cultist","floor":10.0,"turns":2.0},{"damage":20.0,"enemies":"Exordium Thugs","floor":13.0,"turns":4.0},{"damage":15.0,"enemies":"3 Sentries","floor":14.0,"turns":7.0},{"damage":38.0,"enemies":"Slime Boss","floor":16.0,"turns":9.0},{"damage":0.0,"enemies":"Chosen","floor":18.0,"turns":3.0},{"damage":13,"enemies":"3 Byrds","floor":19,"turns":4},{"damage":23,"enemies":"Gremlin Leader","floor":23,"turns":5},{"damage":24,"enemies":"Book of Stabbing","floor":25,"turns":4},{"damage":10,"enemies":"Cultist and Chosen","floor":28,"turns":4},{"damage":32,"enemies":"Snake Plant","floor":31,"turns":3},{"damage":32,"enemies":"Collector","floor":33,"turns":2}],"seed_played":"-2504463787806125673","potions_obtained":[{"floor":4.0,"key":"SmokeBomb"},{"floor":6.0,"key":"Fire Potion"},{"floor":14.0,"key":"Swift Potion"},{"floor":23,"key":"Ancient Potion"},{"floor":28,"key":"EssenceOfSteel"}],"is_trial":false,"path_per_floor":["M","?","$","?","M","E","$","?","T","M","T","R","M","E","R","B",null,"M","M","?","?","$","E","R","E","T","R","M","?","$","M","R"],"character_chosen":"IRONCLAD","items_purchased":["Sentinel","Anchor","Flex","Enlightenment","Pummel+1"],"campfire_rested":0,"item_purchase_floors":[3,3,7,22,30],"current_hp_per_floor":[80,69,69,69,75,80,80,80,80,80,80,80,66,57,57,25,80,80,73,73,56,56,48,48,39,39,39,47,47,47,27,27,0],"gold":152,"neow_bonus":"THREE_ENEMY_KILL","is_prod":false,"is_daily":false,"chose_seed":false,"campfire_upgraded":5,"win_rate":0.0,"timestamp":1540259893,"path_taken":["M","?","$","?","M","E","$","?","T","M","?","R","M","E","R","BOSS","M","M","?","?","$","E","R","E","T","R","M","?","?","M","R","BOSS"],"build_version":"2018-10-18","purchased_purges":1,"victory":false,"max_hp_per_floor":[80,80,80,80,80,80,80,80,80,80,80,80,80,80,80,80,80,80,80,80,56,56,56,56,56,56,56,56,56,56,56,56,56],"card_choices":[{"not_picked":["Clash","Burning Pact"],"picked":"Seeing Red","floor":1.0},{"not_picked":["Headbutt","Thunderclap"],"picked":"Sever Soul","floor":5.0},{"not_picked":["Intimidate","Twin Strike"],"picked":"Pommel Strike","floor":6.0},{"not_picked":["Perfected Strike+1","Infernal Blade"],"picked":"Anger+1","floor":10.0},{"not_picked":["Havoc","Pummel+1"],"picked":"Twin Strike+1","floor":13.0},{"not_picked":["Disarm","Rupture"],"picked":"Blood for Blood+1","floor":14.0},{"not_picked":["Bludgeon+1","Berserk"],"picked":"Exhume","floor":16.0},{"not_picked":["Flex","Cleave+1"],"picked":"Carnage+1","floor":18},{"not_picked":["Pommel Strike+1","Wild Strike+1"],"picked":"True Grit","floor":19},{"not_picked":["Flex","Dropkick+1"],"picked":"Cleave+1","floor":23},{"not_picked":["Second Wind","Body Slam+1"],"picked":"Demon Form","floor":25},{"not_picked":["Armaments","Clash+1","Sword Boomerang+1"],"picked":"SKIP","floor":28},{"not_picked":["Twin Strike+1","Clothesline+1"],"picked":"Metallicize+1","floor":31}],"player_experience":55878,"relics_obtained":[{"floor":6.0,"key":"Molten Egg 2"},{"floor":9.0,"key":"Regal Pillow"},{"floor":11.0,"key":"Vajra"},{"floor":14.0,"key":"Matryoshka"},{"floor":23,"key":"Gremlin Horn"},{"floor":25,"key":"Red Skull"},{"floor":26,"key":"Centennial Puzzle"},{"floor":26,"key":"Boot"}],"event_choices":[{"damage_healed":0.0,"max_hp_gain":0.0,"max_hp_loss":0.0,"gold_gain":75.0,"event_name":"World of Goop","player_choice":"Gather Gold","floor":2.0,"gold_loss":0.0,"damage_taken":11.0},{"damage_healed":0.0,"max_hp_gain":0.0,"max_hp_loss":0.0,"gold_gain":0.0,"event_name":"The Lab","player_choice":"Got Potions","floor":4.0,"gold_loss":0.0,"damage_taken":0.0},{"damage_healed":0.0,"max_hp_gain":0.0,"max_hp_loss":0.0,"gold_gain":0.0,"event_name":"The Cleric","player_choice":"Leave","floor":8.0,"gold_loss":0.0,"damage_taken":0.0},{"damage_healed":0,"gold_gain":0,"player_choice":"Bet on Owner","damage_taken":0,"max_hp_gain":0,"max_hp_loss":0,"event_name":"The Joust","floor":20,"gold_loss":50},{"damage_healed":0,"gold_gain":0,"player_choice":"Became a vampire","damage_taken":0,"max_hp_gain":0,"max_hp_loss":24,"event_name":"Vampires","floor":21,"gold_loss":0,"cards_obtained":["Bite","Bite","Bite","Bite","Bite"]},{"damage_healed":0,"gold_gain":0,"player_choice":"Inject Mutagens","damage_taken":0,"relics_obtained":["MutagenicStrength"],"max_hp_gain":0,"max_hp_loss":0,"event_name":"Drug Dealer","floor":29,"gold_loss":0}],"is_beta":false,"boss_relics":[{"not_picked":["Calling Bell","Cursed Key"],"picked":"Astrolabe"}],"items_purged_floors":[22],"is_endless":false,"potions_floor_spawned":[6,14,23,28],"killed_by":"Collector","ascension_level":0}