{"gold_per_floor":[210,26,41,55,70,97,97,125,125,143,143,143,172,188,188,288,288,307,407,424,51,51,51,80,80,80,107,121,154,154,154,154,253,253,267,286,286,337,347,379,399,399,425,450,450,470,503,70,70,70],"floor_reached":51,"playtime":2832,"items_purged":["Strike_G"],"score":1498,"play_id":"beb10c4b-d895-432f-959f-147327d3d6cc","local_time":"20190625210150","is_ascension_mode":true,"campfire_choices":[{"floor":7,"key":"DIG"},{"floor":11,"key":"DIG"},{"floor":15,"key":"DIG"},{"floor":23,"key":"DIG"},{"floor":25,"key":"DIG"},{"floor":32,"key":"REST"},{"floor":45,"key":"DIG"},{"floor":49,"key":"DIG"}],"neow_cost":"NONE","seed_source_timestamp":982121790055100,"circlet_count":0,"master_deck":["Defend_G","Defend_G","Defend_G","Defend_G","Survivor","Neutralize","Deflect","Apotheosis","Footwork","Cloak And Dagger","A Thousand Cuts","Crippling Poison","Dodge and Roll","Deadly Poison","Dash","After Image","Blade Dance","PiercingWail+1","Infinite Blades+1","Adrenaline","Catalyst+1","Deflect","Accuracy+1","Necronomicurse","Leg Sweep","Envenom+1","Deflect+1","Sucker Punch+1","Envenom+1","Accuracy+1","Footwork+1","Dodge and Roll+1","Accuracy+1","Slice","Envenom+1","Well Laid Plans+1","Master of Strategy"],"relics":["Ring of the Snake","Shovel","Dream Catcher","Incense Burner","Mango","Kunai","Question Card","Busted Crown","The Specimen","Bottled Lightning","Strawberry","Frozen Egg 2","Pen Nib","Art of War","Blue Candle","Bag of Preparation","FossilizedHelix","Necronomicon","Oddly Smooth Stone","Astrolabe","Calipers","Orichalcum","Anchor","Ninja Scroll","Ancient Tea Set","Blood Vial","PreservedInsect","Lantern"],"potions_floor_usage":[19,24],"damage_taken":[{"damage":0,"enemies":"Jaw Worm","floor":1,"turns":5},{"damage":3,"enemies":"Small Slimes","floor":3,"turns":5},{"damage":6,"enemies":"2 Louse","floor":4,"turns":3},{"damage":1,"enemies":"2 Fungi Beasts","floor":5,"turns":4},{"damage":0,"enemies":"Lagavulin","floor":6,"turns":9},{"damage":6,"enemies":"3 Sentries","floor":8,"turns":8},{"damage":12,"enemies":"Large Slime","floor":10,"turns":7},{"damage":2,"enemies":"Lagavulin","floor":13,"turns":8},{"damage":8,"enemies":"Exordium Wildlife","floor":14,"turns":5},{"damage":7,"enemies":"Hexaghost","floor":16,"turns":11},{"damage":8,"enemies":"Spheric Guardian","floor":18,"turns":5},{"damage":3,"enemies":"Colosseum Slavers","floor":19,"turns":8},{"damage":23,"enemies":"Colosseum Nobs","floor":19,"turns":6},{"damage":12,"enemies":"2 Thieves","floor":20,"turns":5},{"damage":0,"enemies":"Book of Stabbing","floor":24,"turns":7},{"damage":24,"enemies":"Gremlin Leader","floor":27,"turns":8},{"damage":0,"enemies":"Snake Plant","floor":28,"turns":5},{"damage":0,"enemies":"Slavers","floor":29,"turns":5},{"damage":0,"enemies":"Champ","floor":33,"turns":12},{"damage":0,"enemies":"Orb Walker","floor":35,"turns":5},{"damage":0,"enemies":"3 Shapes","floor":36,"turns":4},{"damage":17,"enemies":"2 Orb Walkers","floor":38,"turns":7},{"damage":8,"enemies":"Sphere and 2 Shapes","floor":39,"turns":9},{"damage":0,"enemies":"Nemesis","floor":40,"turns":7},{"damage":0,"enemies":"Maw","floor":41,"turns":7},{"damage":1,"enemies":"Giant Head","floor":44,"turns":8},{"damage":0,"enemies":"Transient","floor":46,"turns":5},{"damage":0,"enemies":"Nemesis","floor":47,"turns":7},{"damage":15,"enemies":"Donu and Deca","floor":50,"turns":10}],"seed_played":"5761112778023509040","potions_obtained":[{"floor":1,"key":"Fruit Juice"},{"floor":4,"key":"Block Potion"},{"floor":6,"key":"FairyPotion"},{"floor":13,"key":"SpeedPotion"},{"floor":19,"key":"PowerPotion"},{"floor":24,"key":"PowerPotion"},{"floor":29,"key":"Dexterity Potion"},{"floor":46,"key":"LiquidBronze"}],"is_trial":false,"path_per_floor":["M","$","M","M","M","E","R","E","T","M","R","?","E","M","R","B",null,"M","?","M","$","?","R","E","R","T","E","M","E","?","?","R","B",null,"M","M","?","?","M","E","M","?","T","E","R","M","E","$","R","B",null],"character_chosen":"THE_SILENT","items_purchased":["Apotheosis","Adrenaline","Strawberry","PreservedInsect","Well Laid Plans+1","Master of Strategy"],"campfire_rested":1,"item_purchase_floors":[2,21,21,48,48,48],"current_hp_per_floor":[63,63,60,54,53,53,53,47,47,35,49,42,40,32,32,25,69,61,35,23,30,60,60,65,65,65,41,41,41,25,25,53,53,85,85,85,85,68,60,60,60,60,60,59,59,59,59,59,59,46],"gold":70,"neow_bonus":"HUNDRED_GOLD","is_prod":false,"is_daily":false,"chose_seed":false,"campfire_upgraded":0,"win_rate":0,"timestamp":1561510910,"path_taken":["M","$","M","M","M","E","R","E","T","M","R","?","E","M","R","BOSS","M","?","M","$","?","R","E","R","T","E","M","E","?","?","R","BOSS","M","M","?","?","M","E","M","?","T","E","R","M","E","$","R","BOSS"],"build_version":"2019-01-23","purchased_purges":1,"victory":true,"max_hp_per_floor":[70,70,70,70,70,70,70,70,70,70,84,84,84,84,84,84,84,84,84,84,91,91,91,96,96,96,96,96,96,96,96,96,96,96,96,96,96,96,96,96,96,96,96,96,96,96,96,96,96,96],"card_choices":[{"not_picked":["Choke","Underhanded Strike"],"picked":"Deflect","floor":1},{"not_picked":["Dagger Spray","Slice"],"picked":"Footwork","floor":3},{"not_picked":["PiercingWail","Bane"],"picked":"Cloak And Dagger","floor":4},{"not_picked":["Prepared","PiercingWail"],"picked":"A Thousand Cuts","floor":5},{"not_picked":["Tools of the Trade","Outmaneuver","Prepared"],"picked":"SKIP","floor":6},{"not_picked":["PiercingWail","Accuracy"],"picked":"Crippling Poison","floor":8},{"not_picked":["Flechettes","Quick Slash"],"picked":"Dodge and Roll","floor":10},{"not_picked":["Distraction","Flechettes"],"picked":"Deadly Poison","floor":13},{"not_picked":["Acrobatics","Dagger Throw"],"picked":"Dash","floor":14},{"not_picked":["Envenom","Venomology","Storm of Steel"],"picked":"After Image","floor":16},{"not_picked":["All Out Attack"],"picked":"Blade Dance","floor":18},{"not_picked":["Slice"],"picked":"PiercingWail+1","floor":19},{"not_picked":["Riddle With Holes"],"picked":"Infinite Blades+1","floor":20},{"not_picked":["Envenom+1"],"picked":"Catalyst+1","floor":24},{"not_picked":["Flying Knee"],"picked":"Deflect","floor":27},{"not_picked":["Blade Dance","Terror"],"picked":"SKIP","floor":28},{"not_picked":["Predator"],"picked":"Accuracy+1","floor":29},{"not_picked":["Underhanded Strike"],"picked":"Leg Sweep","floor":32},{"not_picked":["Bullet Time"],"picked":"Envenom+1","floor":33},{"not_picked":["Dodge and Roll+1"],"picked":"Accuracy+1","floor":35},{"not_picked":["Backflip+1"],"picked":"Footwork+1","floor":36},{"not_picked":["Cloak And Dagger"],"picked":"Dodge and Roll+1","floor":38},{"not_picked":["Heel Hook+1","Cloak And Dagger"],"picked":"SKIP","floor":39},{"not_picked":["Flechettes+1"],"picked":"Accuracy+1","floor":40},{"not_picked":["Choke+1","Outmaneuver+1"],"picked":"SKIP","floor":41},{"not_picked":["Blade Dance","Unload"],"picked":"SKIP","floor":44},{"not_picked":["Dodge and Roll"],"picked":"Slice","floor":46},{"not_picked":["Prepared"],"picked":"Envenom+1","floor":47}],"player_experience":273014,"relics_obtained":[{"floor":6,"key":"Shovel"},{"floor":7,"key":"Dream Catcher"},{"floor":8,"key":"Incense Burner"},{"floor":11,"key":"Mango"},{"floor":13,"key":"Kunai"},{"floor":15,"key":"Question Card"},{"floor":19,"key":"The Specimen"},{"floor":19,"key":"Bottled Lightning"},{"floor":23,"key":"Frozen Egg 2"},{"floor":24,"key":"Pen Nib"},{"floor":25,"key":"Art of War"},{"floor":26,"key":"Blue Candle"},{"floor":27,"key":"Bag of Preparation"},{"floor":29,"key":"FossilizedHelix"},{"floor":30,"key":"Necronomicon"},{"floor":38,"key":"Calipers"},{"floor":40,"key":"Orichalcum"},{"floor":43,"key":"Anchor"},{"floor":44,"key":"Ninja Scroll"},{"floor":45,"key":"Ancient Tea Set"},{"floor":47,"key":"Blood Vial"},{"floor":49,"key":"Lantern"}],"event_choices":[{"cards_removed":["Strike_G"],"damage_healed":0,"gold_gain":0,"player_choice":"Card Removal","damage_taken":7,"max_hp_gain":0,"max_hp_loss":0,"event_name":"Golden Wing","floor":12,"gold_loss":0},{"damage_healed":0,"gold_gain":0,"player_choice":"Fight","damage_taken":0,"max_hp_gain":0,"max_hp_loss":0,"event_name":"Colosseum","floor":19,"gold_loss":0},{"damage_healed":0,"gold_gain":0,"player_choice":"Fought Nobs","damage_taken":0,"max_hp_gain":0,"max_hp_loss":0,"event_name":"Colosseum","floor":19,"gold_loss":0},{"damage_healed":30,"gold_gain":0,"player_choice":"Heal","damage_taken":0,"max_hp_gain":0,"max_hp_loss":0,"event_name":"The Library","floor":22,"gold_loss":0},{"damage_healed":0,"gold_gain":0,"player_choice":"Obtained Book","damage_taken":16,"max_hp_gain":0,"max_hp_loss":0,"event_name":"Cursed Tome","floor":30,"gold_loss":0},{"damage_healed":0,"gold_gain":0,"player_choice":"Opened","damage_taken":0,"relics_obtained":["Oddly Smooth Stone"],"max_hp_gain":0,"max_hp_loss":0,"event_name":"The Mausoleum","floor":31,"gold_loss":0},{"damage_healed":0,"gold_gain":0,"player_choice":"Ignored","damage_taken":0,"max_hp_gain":0,"max_hp_loss":0,"event_name":"Tomb of Lord Red Mask","floor":37,"gold_loss":0},{"damage_healed":0,"gold_gain":0,"player_choice":"Fight","damage_taken":0,"max_hp_gain":0,"max_hp_loss":0,"event_name":"Mysterious Sphere","floor":38,"gold_loss":0},{"cards_removed":["Defend_G"],"damage_healed":0,"gold_gain":0,"player_choice":"Removed Skill","damage_taken":0,"max_hp_gain":0,"max_hp_loss":0,"event_name":"Falling","floor":42,"gold_loss":0}],"is_beta":false,"boss_relics":[{"not_picked":["Orrery","White Beast Statue"],"picked":"Busted Crown"},{"not_picked":["Snecko Eye","HoveringKite"],"picked":"Astrolabe"}],"items_purged_floors":[21],"is_endless":false,"potions_floor_spawned":[1,4,6,13,16,19,24,27,29,33,35,36,40,46,47],"ascension_level":8}