{"gold_per_floor":[110,130,130,150,150,150,169,169,169,201,126,159,159,179,179,276,276,296,306,317,232,232,232,246,246,293,293,305,333,152,162,162,258,258,275,287,287],"floor_reached":37,"playtime":1747,"items_purged":["Defend_R","Defend_R"],"score":501,"play_id":"6c8115fb-d782-40d4-bc25-2b1a88d07974","local_time":"20181027153335","is_ascension_mode":false,"campfire_choices":[{"data":"Metallicize","floor":6,"key":"SMITH"},{"data":"Iron Wave","floor":8,"key":"SMITH"},{"data":"Spot Weakness","floor":13,"key":"SMITH"},{"data":"True Grit","floor":15,"key":"SMITH"},{"data":"Limit Break","floor":23,"key":"SMITH"},{"data":"Ghostly","floor":25,"key":"SMITH"},{"data":"Feed","floor":27,"key":"SMITH"},{"data":"Ghostly","floor":32,"key":"SMITH"}],"neow_cost":"TEN_PERCENT_HP_LOSS","seed_source_timestamp":1484950971443931,"circlet_count":0,"master_deck":["Strike_R","Strike_R","Strike_R","Strike_R","Defend_R","Defend_R","Bash","Metallicize+1","Shrug It Off","Dropkick","Thunderclap","Iron Wave+1","Feed+1","Spot Weakness+1","True Grit+1","Limit Break+1","Flex","Spot Weakness+1","Ghostly+1","Ghostly+1","Ghostly","Ghostly","Ghostly","Whirlwind","Inflame+1","Double Tap","Iron Wave+1","Heavy Blade"],"relics":["Burning Blood","Magic Flower","Oddly Smooth Stone","Frozen Egg 2","PreservedInsect","Coffee Dripper","Vajra","Bag of Preparation","Bronze Scales","Black Star"],"potions_floor_usage":[16,24,37,37,37],"damage_taken":[{"damage":6,"enemies":"Jaw Worm","floor":1,"turns":6},{"damage":1,"enemies":"Cultist","floor":2,"turns":3},{"damage":4,"enemies":"Small Slimes","floor":4,"turns":3},{"damage":3,"enemies":"Blue Slaver","floor":7,"turns":4},{"damage":2,"enemies":"3 Sentries","floor":10,"turns":12},{"damage":10,"enemies":"Lagavulin","floor":12,"turns":11},{"damage":0,"enemies":"Looter","floor":14,"turns":3},{"damage":28,"enemies":"The Guardian","floor":16,"turns":12},{"damage":18,"enemies":"2 Thieves","floor":18,"turns":5},{"damage":0,"enemies":"Chosen","floor":19,"turns":3},{"damage":9,"enemies":"Centurion and Healer","floor":20,"turns":6},{"damage":3,"enemies":"Snecko","floor":24,"turns":8},{"damage":12,"enemies":"3 Cultists","floor":28,"turns":5},{"damage":0,"enemies":"Gremlin Leader","floor":29,"turns":5},{"damage":2,"enemies":"Sentry and Sphere","floor":31,"turns":5},{"damage":0,"enemies":"Automaton","floor":33,"turns":8},{"damage":25,"enemies":"3 Darklings","floor":35,"turns":3},{"damage":15,"enemies":"3 Shapes","floor":36,"turns":4},{"damage":32,"enemies":"2 Orb Walkers","floor":37,"turns":3}],"seed_played":"145060169482625681","potions_obtained":[{"floor":1,"key":"SteroidPotion"},{"floor":2,"key":"Poison Potion"},{"floor":7,"key":"FearPotion"},{"floor":19,"key":"Strength Potion"},{"floor":20,"key":"AttackPotion"},{"floor":24,"key":"Dexterity Potion"},{"floor":31,"key":"PowerPotion"}],"is_trial":false,"path_per_floor":["M","M","?","M","?","R","M","R","T","E","$","E","R","M","R","B",null,"M","M","M","?","?","R","M","R","T","R","M","E","$","M","R","B",null,"M","M"],"character_chosen":"IRONCLAD","items_purchased":["Inflame+1"],"campfire_rested":0,"item_purchase_floors":[30],"current_hp_per_floor":[72,72,72,72,72,72,72,72,72,72,72,71,71,75,75,56,75,66,78,81,81,40,40,40,40,40,40,43,44,44,44,44,44,44,28,28,0],"gold":287,"neow_bonus":"ONE_RARE_RELIC","is_prod":false,"is_daily":false,"chose_seed":false,"campfire_upgraded":8,"win_rate":0,"timestamp":1540668815,"path_taken":["M","M","?","M","?","R","M","R","T","E","$","E","R","M","R","BOSS","M","M","M","?","?","R","M","R","T","R","M","E","$","M","R","BOSS","M","M","?"],"build_version":"2018-10-25v2","purchased_purges":2,"victory":false,"max_hp_per_floor":[72,72,72,72,72,72,72,72,72,72,72,72,72,75,75,75,75,75,78,81,81,40,40,40,40,40,40,44,44,44,44,44,44,44,44,48,48],"card_choices":[{"not_picked":["Cleave","Ghostly Armor"],"picked":"Metallicize","floor":1},{"not_picked":["Power Through","Clothesline"],"picked":"Shrug It Off","floor":2},{"not_picked":["Dropkick","Sever Soul"],"picked":"Thunderclap","floor":4},{"not_picked":["Searing Blow","Clash"],"picked":"Iron Wave","floor":7},{"not_picked":["Warcry","Rampage"],"picked":"Feed","floor":10},{"not_picked":["Dual Wield","Havoc"],"picked":"Spot Weakness","floor":12},{"not_picked":["Sword Boomerang","Second Wind"],"picked":"True Grit","floor":14},{"not_picked":["Offering","Double Tap"],"picked":"Limit Break","floor":16},{"not_picked":["Sword Boomerang+1","Anger+1"],"picked":"Flex","floor":18},{"not_picked":["Body Slam","Feel No Pain+1"],"picked":"Spot Weakness+1","floor":19},{"not_picked":["Blood for Blood","Rupture+1","Pummel"],"picked":"SKIP","floor":20},{"not_picked":["Ghostly Armor","True Grit+1"],"picked":"Whirlwind","floor":24},{"not_picked":["Armaments+1","Reckless Charge+1","Ghostly Armor"],"picked":"SKIP","floor":28},{"not_picked":["Iron Wave+1","Pommel Strike","Hemokinesis"],"picked":"SKIP","floor":29},{"not_picked":["Second Wind","Twin Strike+1","Perfected Strike+1"],"picked":"SKIP","floor":31},{"not_picked":["Brutality+1","Bludgeon"],"picked":"Double Tap","floor":33},{"not_picked":["Sword Boomerang","True Grit"],"picked":"Iron Wave+1","floor":35},{"not_picked":["Anger","Cleave+1"],"picked":"Heavy Blade","floor":36}],"player_experience":97587,"relics_obtained":[{"floor":9,"key":"Oddly Smooth Stone"},{"floor":10,"key":"Frozen Egg 2"},{"floor":12,"key":"PreservedInsect"},{"floor":26,"key":"Bag of Preparation"},{"floor":29,"key":"Bronze Scales"}],"event_choices":[{"damage_healed":0,"gold_gain":0,"player_choice":"1 cards matched","damage_taken":0,"max_hp_gain":0,"max_hp_loss":0,"event_name":"Match and Keep!","floor":3,"gold_loss":0,"cards_obtained":["Dropkick"]},{"cards_removed":["Strike_R"],"damage_healed":0,"gold_gain":0,"player_choice":"Forget","damage_taken":0,"max_hp_gain":0,"max_hp_loss":0,"event_name":"Living Wall","floor":5,"gold_loss":0},{"damage_healed":0,"gold_gain":0,"player_choice":"Obtained Relic","damage_taken":0,"relics_obtained":["Vajra"],"max_hp_gain":0,"max_hp_loss":0,"event_name":"Addict","floor":21,"gold_loss":85},{"damage_healed":0,"gold_gain":0,"player_choice":"Became a Ghost","damage_taken":0,"max_hp_gain":0,"max_hp_loss":41,"event_name":"Ghosts","floor":22,"gold_loss":0,"cards_obtained":["Ghostly","Ghostly","Ghostly","Ghostly","Ghostly"]},{"damage_healed":0,"gold_gain":0,"player_choice":"Fight","damage_taken":0,"max_hp_gain":0,"max_hp_loss":0,"event_name":"Mysterious Sphere","floor":37,"gold_loss":0}],"is_beta":false,"boss_relics":[{"not_picked":["Tiny House","Sozu"],"picked":"Coffee Dripper"},{"not_picked":["White Beast Statue","Philosopher\u0027s Stone"],"picked":"Black Star"}],"items_purged_floors":[11,30],"is_endless":false,"potions_floor_spawned":[1,2,7,10,19,20,24,31,33,36],"killed_by":"2 Orb Walkers","ascension_level":0}