{"gold_per_floor":[11,11,11,11,26,26,87,100,124,124,138,103,119,138,138,240,240,250,277,277,17,17,17,49,49,103,161,161,161,178,92,92,196,196,209,219,70,292,292,292,322,322,346,346,346,346,365,22,22,22],"floor_reached":50,"playtime":4763,"items_purged":[],"score":567,"play_id":"08bc1bd7-b2bb-4271-b7a1-9f7a3d6df1be","local_time":"20190217181610","is_ascension_mode":true,"campfire_choices":[{"floor":6,"key":"REST"},{"floor":10,"key":"REST"},{"data":"Loop","floor":15,"key":"SMITH"},{"floor":23,"key":"REST"},{"floor":25,"key":"REST"},{"floor":28,"key":"REST"},{"floor":32,"key":"REST"},{"floor":40,"key":"REST"},{"floor":42,"key":"REST"},{"floor":44,"key":"REST"},{"floor":49,"key":"REST"}],"neow_cost":"NO_GOLD","seed_source_timestamp":42192386809700,"circlet_count":0,"master_deck":["Strike_B","Strike_B","Strike_B","Strike_B","Defend_B","Defend_B","Defend_B","Zap","Forethought+1","Impatience+1","Gash+1","Hologram","Glacier","Loop+1","Self Repair","Static Discharge","Streamline","Machine Learning","Conserve Battery","White Noise","Static Discharge","White Noise","Gash","Bandage Up","Rip and Tear+1","Capacitor+1","Defragment","Static Discharge+1","Doom and Gloom","Steam","Rainbow","Compile Driver+1","Melter","Apotheosis","Finesse","Enlightenment","Capacitor+1","Madness","Madness","Force Field"],"relics":["Cracked Core","Question Card","Omamori","Fusion Hammer","Red Mask","Orichalcum","Smiling Mask","Potion Belt","Bag of Marbles","Tiny Chest","Nuclear Battery","Art of War","Bag of Preparation","Juzu Bracelet","Toolbox","Lantern"],"potions_floor_usage":[16,16,16,50,50,50],"damage_taken":[{"damage":13,"enemies":"2 Louse","floor":1,"turns":3},{"damage":2,"enemies":"Small Slimes","floor":5,"turns":3},{"damage":31,"enemies":"3 Sentries","floor":7,"turns":7},{"damage":11,"enemies":"Jaw Worm","floor":8,"turns":2},{"damage":0,"enemies":"Looter","floor":11,"turns":3},{"damage":9,"enemies":"2 Fungi Beasts","floor":13,"turns":4},{"damage":0,"enemies":"Large Slime","floor":14,"turns":6},{"damage":26,"enemies":"Hexaghost","floor":16,"turns":11},{"damage":7,"enemies":"Shell Parasite","floor":18,"turns":6},{"damage":50,"enemies":"Masked Bandits","floor":19,"turns":4},{"damage":30,"enemies":"Book of Stabbing","floor":24,"turns":5},{"damage":25,"enemies":"Slavers","floor":27,"turns":5},{"damage":7,"enemies":"Chosen","floor":30,"turns":6},{"damage":48,"enemies":"Collector","floor":33,"turns":10},{"damage":11,"enemies":"3 Shapes","floor":35,"turns":4},{"damage":13,"enemies":"Orb Walker","floor":36,"turns":3},{"damage":46,"enemies":"Giant Head","floor":41,"turns":7},{"damage":38,"enemies":"Spire Growth","floor":47,"turns":5},{"damage":63,"enemies":"Time Eater","floor":50,"turns":8}],"seed_played":"-3570151873059994332","potions_obtained":[{"floor":8,"key":"Explosive Potion"},{"floor":11,"key":"Poison Potion"},{"floor":13,"key":"Strength Potion"},{"floor":24,"key":"Dexterity Potion"},{"floor":33,"key":"Ancient Potion"},{"floor":41,"key":"SkillPotion"}],"is_trial":false,"path_per_floor":["M","?","?","?","M","R","?","M","T","R","M","?","M","M","R","B",null,"M","?","?","$","?","R","E","R","T","E","R","?","M","$","R","B",null,"M","M","$","?","?","R","E","R","T","R","?","?","M","$","R","B"],"character_chosen":"DEFECT","items_purchased":["Static Discharge","White Noise","Gash","Bandage Up","Doom and Gloom","Steam","Art of War","Toolbox","Lantern"],"campfire_rested":10,"item_purchase_floors":[21,21,21,21,31,31,37,48,48],"current_hp_per_floor":[62,62,47,40,38,60,29,18,18,40,40,58,56,63,63,44,75,75,32,32,32,32,54,28,50,50,29,51,51,48,48,70,33,75,75,69,69,69,59,75,32,54,54,75,66,66,28,28,50,0],"gold":22,"neow_bonus":"RANDOM_COLORLESS_2","is_prod":false,"is_daily":false,"chose_seed":false,"campfire_upgraded":1,"win_rate":0,"timestamp":1550427370,"path_taken":["M","?","?","?","M","R","?","M","T","R","M","?","M","M","R","BOSS","M","?","?","$","?","R","E","R","T","E","R","?","M","?","R","BOSS","M","M","$","?","?","R","E","R","T","R","?","?","M","?","R","BOSS"],"build_version":"2019-01-23","purchased_purges":0,"victory":false,"max_hp_per_floor":[75,75,75,75,75,75,75,75,75,75,75,75,75,75,75,75,75,75,75,75,75,75,75,75,75,75,75,75,75,75,75,75,75,75,75,75,75,75,75,75,75,75,75,75,75,75,75,75,75,75],"card_choices":[{"not_picked":["Sunder","BootSequence"],"picked":"Gash","floor":1},{"not_picked":["Sweeping Beam","Rebound"],"picked":"Hologram","floor":5},{"not_picked":["Coolheaded","Streamline"],"picked":"Glacier","floor":7},{"not_picked":["Turbo","Double Energy","Sweeping Beam"],"picked":"Loop","floor":8},{"not_picked":["Compile Driver","Auto Shields","Blizzard"],"picked":"Self Repair","floor":11},{"not_picked":["Hologram","Leap","Cold Snap"],"picked":"Static Discharge","floor":13},{"not_picked":["Rebound","Reinforced Body","Sweeping Beam"],"picked":"Streamline","floor":14},{"not_picked":["Fission","Amplify","All For One"],"picked":"Machine Learning","floor":16},{"not_picked":["FTL","Force Field","Steam"],"picked":"Conserve Battery","floor":18},{"not_picked":["Hologram","Turbo","Redo"],"picked":"White Noise","floor":19},{"not_picked":["Cold Snap","Fission","Force Field"],"picked":"Rip and Tear+1","floor":24},{"not_picked":["Consume+1","Reprogram+1","Coolheaded"],"picked":"Capacitor+1","floor":27},{"not_picked":["Streamline","Ball Lightning","Sweeping Beam"],"picked":"Static Discharge+1","floor":30},{"not_picked":["Amplify","Biased Cognition","Creative AI"],"picked":"Rainbow","floor":33},{"not_picked":["Redo+1","Gash","Sunder"],"picked":"Compile Driver+1","floor":35},{"not_picked":["Streamline","Compile Driver+1","Cold Snap+1"],"picked":"Melter","floor":36},{"not_picked":["Good Instincts","Deep Breath","Sadistic Nature"],"picked":"Apotheosis","floor":39},{"not_picked":["Impatience","Jack Of All Trades","Secret Weapon"],"picked":"Finesse","floor":39},{"not_picked":["Flash of Steel","Swift Strike","Trip"],"picked":"Enlightenment","floor":39},{"not_picked":["Stack","Steam","Streamline"],"picked":"Capacitor+1","floor":41},{"not_picked":["Beam Cell","Streamline+1","Hologram"],"picked":"Force Field","floor":47}],"player_experience":126676,"relics_obtained":[{"floor":7,"key":"Question Card"},{"floor":9,"key":"Omamori"},{"floor":19,"key":"Red Mask"},{"floor":24,"key":"Potion Belt"},{"floor":26,"key":"Bag of Marbles"},{"floor":27,"key":"Tiny Chest"},{"floor":41,"key":"Bag of Preparation"},{"floor":43,"key":"Juzu Bracelet"}],"event_choices":[{"damage_healed":0,"gold_gain":0,"player_choice":"Grow","damage_taken":0,"max_hp_gain":0,"max_hp_loss":0,"event_name":"Living Wall","floor":2,"gold_loss":0,"cards_upgraded":["Gash"]},{"damage_healed":0,"gold_gain":0,"player_choice":"Entered Light","damage_taken":15,"max_hp_gain":0,"max_hp_loss":0,"event_name":"Shining Light","floor":3,"gold_loss":0,"cards_upgraded":["Impatience","Forethought"]},{"cards_removed":["Dualcast"],"damage_healed":0,"gold_gain":0,"player_choice":"Card Removal","damage_taken":7,"max_hp_gain":0,"max_hp_loss":0,"event_name":"Golden Wing","floor":4,"gold_loss":0},{"damage_healed":0,"gold_gain":0,"player_choice":"Searched \u00272\u0027 times","damage_taken":0,"max_hp_gain":0,"max_hp_loss":0,"event_name":"Dead Adventurer","floor":7,"gold_loss":0},{"damage_healed":18,"gold_gain":0,"player_choice":"Healed","damage_taken":0,"max_hp_gain":0,"max_hp_loss":0,"event_name":"The Cleric","floor":12,"gold_loss":35},{"damage_healed":0,"gold_gain":0,"player_choice":"Fought Bandits","damage_taken":0,"max_hp_gain":0,"max_hp_loss":0,"event_name":"Masked Bandits","floor":19,"gold_loss":0},{"damage_healed":0,"gold_gain":0,"player_choice":"Opened","damage_taken":0,"relics_obtained":["Orichalcum"],"max_hp_gain":0,"max_hp_loss":0,"event_name":"The Mausoleum","floor":20,"gold_loss":0},{"damage_healed":0,"gold_gain":0,"player_choice":"Stole Relic","damage_taken":0,"relics_obtained":["Smiling Mask"],"max_hp_gain":0,"max_hp_loss":0,"event_name":"Addict","floor":22,"gold_loss":0,"cards_obtained":["Shame"]},{"damage_healed":0,"gold_gain":0,"player_choice":"Read","damage_taken":0,"max_hp_gain":0,"max_hp_loss":0,"event_name":"The Library","floor":29,"gold_loss":0,"cards_obtained":["Defragment"]},{"damage_healed":0,"gold_gain":222,"player_choice":"Wore Mask","damage_taken":0,"max_hp_gain":0,"max_hp_loss":0,"event_name":"Tomb of Lord Red Mask","floor":38,"gold_loss":0},{"damage_healed":0,"gold_gain":0,"player_choice":"Memory 3","damage_taken":10,"max_hp_gain":0,"max_hp_loss":0,"event_name":"SensoryStone","floor":39,"gold_loss":0},{"damage_healed":0,"gold_gain":0,"player_choice":"Embrace Madness","damage_taken":9,"max_hp_gain":0,"max_hp_loss":0,"event_name":"Winding Halls","floor":45,"gold_loss":0,"cards_obtained":["Madness","Madness"]},{"cards_removed":["Defend_B"],"damage_healed":0,"gold_gain":0,"player_choice":"Removed Skill","damage_taken":0,"max_hp_gain":0,"max_hp_loss":0,"event_name":"Falling","floor":46,"gold_loss":0}],"is_beta":false,"boss_relics":[{"not_picked":["Coffee Dripper","Runic Dome"],"picked":"Fusion Hammer"},{"not_picked":["Eternal Feather","Lizard Tail"],"picked":"Nuclear Battery"}],"items_purged_floors":[],"is_endless":false,"potions_floor_spawned":[8,11,13,24,33,41],"killed_by":"Time Eater","ascension_level":1}