{"gold_per_floor":[116,116,81,81,132,132,163,178,178,139,23,54,66,83,83,181,181,201,220,495,511,126,126],"floor_reached":23,"playtime":1544,"items_purged":[],"score":219,"play_id":"e4567c89-55e0-4e66-8e4d-b175561cb258","local_time":"20190220002107","is_ascension_mode":true,"campfire_choices":[{"data":"Predator","floor":6,"key":"SMITH"},{"data":"Well Laid Plans","floor":15,"key":"SMITH"}],"neow_cost":"NONE","seed_source_timestamp":240098844871800,"circlet_count":0,"master_deck":["Defend_G","Defend_G","Defend_G","Defend_G","Defend_G","Strike_G","Strike_G","Strike_G+1","Strike_G","Strike_G","Survivor","Neutralize+1","Predator+1","Setup","Outmaneuver","All Out Attack","Escape Plan","Infinite Blades","Leg Sweep","Grand Finale","Well Laid Plans+1","A Thousand Cuts","Escape Plan","Prepared","Regret","Dagger Throw","Flash of Steel","Slice"],"relics":["Ring of the Snake","Orichalcum","Oddly Smooth Stone","Darkstone Periapt","Sozu","Lantern","Tiny Chest"],"potions_floor_usage":[21],"damage_taken":[{"damage":1,"enemies":"Jaw Worm","floor":1,"turns":5},{"damage":4,"enemies":"Gremlin Nob","floor":7,"turns":4},{"damage":0,"enemies":"Small Slimes","floor":8,"turns":3},{"damage":12,"enemies":"Lagavulin","floor":12,"turns":7},{"damage":0,"enemies":"2 Louse","floor":13,"turns":2},{"damage":2,"enemies":"Looter","floor":14,"turns":3},{"damage":8,"enemies":"Slime Boss","floor":16,"turns":7},{"damage":17,"enemies":"2 Thieves","floor":18,"turns":4},{"damage":10,"enemies":"Shell Parasite","floor":19,"turns":6},{"damage":21,"enemies":"Sentry and Sphere","floor":21,"turns":7},{"damage":39,"enemies":"Gremlin Leader","floor":23,"turns":6}],"seed_played":"-4237152636335546234","potions_obtained":[{"floor":7,"key":"Block Potion"},{"floor":12,"key":"Dexterity Potion"}],"is_trial":false,"path_per_floor":["M","?","?","?","?","R","E","M","T","$","$","E","M","M","R","B",null,"M","M","?","M","$","E"],"character_chosen":"THE_SILENT","items_purchased":["All Out Attack","Escape Plan","Infinite Blades","Lantern","Flash of Steel","Slice","Tiny Chest"],"campfire_rested":0,"item_purchase_floors":[10,11,11,22,22,22,22],"current_hp_per_floor":[76,61,77,74,74,74,70,70,70,70,70,58,58,56,56,48,77,60,50,56,35,35,0],"gold":126,"neow_bonus":"TEN_PERCENT_HP_BONUS","is_prod":false,"is_daily":false,"chose_seed":false,"campfire_upgraded":2,"win_rate":0,"timestamp":1550622067,"path_taken":["M","?","?","?","?","R","E","M","T","?","$","E","M","?","R","BOSS","M","M","?","?","$","E"],"build_version":"2019-01-23","purchased_purges":0,"victory":false,"max_hp_per_floor":[77,77,77,77,77,77,77,77,77,77,77,77,77,77,77,77,77,77,77,83,83,83,83],"card_choices":[{"not_picked":["Dodge and Roll","Dagger Throw"],"picked":"Predator","floor":1},{"not_picked":["Poisoned Stab","Underhanded Strike"],"picked":"Setup","floor":7},{"not_picked":["Quick Slash","Bane"],"picked":"Outmaneuver","floor":8},{"not_picked":["Predator","Quick Slash"],"picked":"Leg Sweep","floor":12},{"not_picked":["Underhanded Strike","Leg Sweep"],"picked":"Grand Finale","floor":13},{"not_picked":["Deflect","Dagger Throw"],"picked":"Well Laid Plans","floor":14},{"not_picked":["Phantasmal Killer","Glass Knife"],"picked":"A Thousand Cuts","floor":16},{"not_picked":["Accuracy","Dodge and Roll"],"picked":"Escape Plan","floor":18},{"not_picked":["Dodge and Roll","All Out Attack+1"],"picked":"Prepared","floor":19},{"not_picked":["Poisoned Stab","Dagger Spray"],"picked":"Dagger Throw","floor":21}],"player_experience":186003,"relics_obtained":[{"floor":7,"key":"Oddly Smooth Stone"},{"floor":12,"key":"Darkstone Periapt"}],"event_choices":[{"damage_healed":0,"gold_gain":0,"player_choice":"Entered Light","damage_taken":15,"max_hp_gain":0,"max_hp_loss":0,"event_name":"Shining Light","floor":2,"gold_loss":0,"cards_upgraded":["Neutralize","Strike_G"]},{"damage_healed":19,"gold_gain":0,"player_choice":"Healed","damage_taken":0,"max_hp_gain":0,"max_hp_loss":0,"event_name":"The Cleric","floor":3,"gold_loss":35},{"damage_healed":0,"gold_gain":0,"player_choice":"Success","damage_taken":3,"relics_obtained":["Orichalcum"],"max_hp_gain":0,"max_hp_loss":0,"event_name":"Scrap Ooze","floor":4,"gold_loss":0},{"damage_healed":0,"gold_gain":51,"player_choice":"Gained Gold","damage_taken":0,"max_hp_gain":0,"max_hp_loss":0,"event_name":"Golden Wing","floor":5,"gold_loss":0},{"damage_healed":0,"gold_gain":275,"player_choice":"Desecrate","damage_taken":0,"max_hp_gain":0,"max_hp_loss":0,"event_name":"Golden Shrine","floor":20,"gold_loss":0,"cards_obtained":["Regret"]}],"is_beta":false,"boss_relics":[{"not_picked":["Eternal Feather","WristBlade"],"picked":"Sozu"}],"items_purged_floors":[],"is_endless":false,"potions_floor_spawned":[7,12],"killed_by":"Gremlin Leader","ascension_level":2}