{"gold_per_floor":[114,127,202,202,217,252,269,289,289,289,300,331,606,625,625,722,722,742,667,667,677,689,689,689],"floor_reached":24,"playtime":1931,"items_purged":[],"score":243,"play_id":"9060202a-c542-4354-8f0a-876cf6688c97","local_time":"20190218201559","is_ascension_mode":true,"campfire_choices":[{"floor":10,"key":"REST"},{"floor":15,"key":"REST"},{"floor":23,"key":"REST"}],"neow_cost":"NONE","seed_source_timestamp":138603984861700,"circlet_count":0,"master_deck":["Strike_B","Strike_B","Strike_B","Strike_B","Defend_B","Defend_B","Defend_B","Defend_B","Zap","Dualcast","Gash","Gash","Sunder","Cold Snap","Compile Driver","Self Repair","Scrape","Double Energy","Regret","Beam Cell","Ball Lightning","Rainbow","Sweeping Beam+1","Gash","Loop","Gash","Redo"],"relics":["Cracked Core","Bird Faced Urn","Meat on the Bone","Odd Mushroom","Letter Opener","Dream Catcher","Fusion Hammer"],"potions_floor_usage":[8,12,12,12,16],"damage_taken":[{"damage":1,"enemies":"2 Louse","floor":1,"turns":2},{"damage":2,"enemies":"Small Slimes","floor":2,"turns":3},{"damage":1,"enemies":"Cultist","floor":5,"turns":3},{"damage":27,"enemies":"Gremlin Nob","floor":6,"turns":4},{"damage":5,"enemies":"Looter","floor":7,"turns":2},{"damage":35,"enemies":"The Mushroom Lair","floor":8,"turns":4},{"damage":12,"enemies":"Lots of Slimes","floor":11,"turns":3},{"damage":25,"enemies":"Lagavulin","floor":12,"turns":5},{"damage":21,"enemies":"Large Slime","floor":14,"turns":5},{"damage":50,"enemies":"Slime Boss","floor":16,"turns":12},{"damage":14,"enemies":"3 Byrds","floor":18,"turns":4},{"damage":39,"enemies":"2 Thieves","floor":21,"turns":3},{"damage":14,"enemies":"3 Cultists","floor":22,"turns":5},{"damage":88,"enemies":"Slavers","floor":24,"turns":5}],"seed_played":"-529658400652535654","potions_obtained":[{"floor":1,"key":"Strength Potion"},{"floor":7,"key":"Ancient Potion"},{"floor":8,"key":"LiquidBronze"},{"floor":11,"key":"AttackPotion"},{"floor":12,"key":"Weak Potion"},{"floor":18,"key":"Energy Potion"}],"is_trial":false,"path_per_floor":["M","M","?","?","M","E","M","?","T","R","M","E","?","M","R","B",null,"M","?","?","M","M","R","E"],"character_chosen":"DEFECT","items_purchased":[],"campfire_rested":3,"item_purchase_floors":[],"current_hp_per_floor":[81,79,68,68,67,40,47,24,24,48,57,53,53,53,77,48,82,75,75,75,48,55,79,0],"gold":689,"neow_bonus":"TEN_PERCENT_HP_BONUS","is_prod":false,"is_daily":false,"chose_seed":false,"campfire_upgraded":0,"win_rate":0,"timestamp":1550520959,"path_taken":["M","M","?","?","M","E","M","?","T","R","M","E","?","M","R","BOSS","M","?","?","?","M","R","E"],"build_version":"2019-01-23","purchased_purges":0,"victory":false,"max_hp_per_floor":[82,82,82,82,82,82,82,82,82,82,82,82,82,82,82,82,82,82,82,82,82,82,82,82],"card_choices":[{"not_picked":["Hello World","Hologram"],"picked":"Gash","floor":1},{"not_picked":["Rebound","Redo"],"picked":"Gash","floor":2},{"not_picked":["Go for the Eyes","Recycle"],"picked":"Sunder","floor":5},{"not_picked":["Rebound","Reinforced Body"],"picked":"Cold Snap","floor":6},{"not_picked":["Tempest","Fission"],"picked":"Compile Driver","floor":7},{"not_picked":["BootSequence","Streamline"],"picked":"Self Repair","floor":8},{"not_picked":["Aggregate","Stack"],"picked":"Scrape","floor":11},{"not_picked":["Defragment","Lockon"],"picked":"Double Energy","floor":12},{"not_picked":["Stack","Lockon"],"picked":"Beam Cell","floor":14},{"not_picked":["Leap","Scrape"],"picked":"Ball Lightning","floor":15},{"not_picked":["Amplify","Core Surge"],"picked":"Rainbow","floor":16},{"not_picked":["Sunder","Stack"],"picked":"Sweeping Beam+1","floor":18},{"not_picked":["Beam Cell","Cold Snap+1"],"picked":"Loop","floor":21},{"not_picked":["Streamline","Steam"],"picked":"Gash","floor":22},{"not_picked":["Turbo","Recycle+1"],"picked":"Redo","floor":23}],"player_experience":149159,"relics_obtained":[{"floor":6,"key":"Meat on the Bone"},{"floor":8,"key":"Odd Mushroom"},{"floor":9,"key":"Letter Opener"},{"floor":12,"key":"Dream Catcher"}],"event_choices":[{"damage_healed":0,"gold_gain":75,"player_choice":"Gather Gold","damage_taken":11,"max_hp_gain":0,"max_hp_loss":0,"event_name":"World of Goop","floor":3,"gold_loss":0},{"damage_healed":0,"gold_gain":0,"player_choice":"Box","damage_taken":0,"relics_obtained":["Bird Faced Urn"],"max_hp_gain":0,"max_hp_loss":0,"event_name":"Big Fish","floor":4,"gold_loss":0,"cards_obtained":["Regret"]},{"damage_healed":0,"gold_gain":0,"player_choice":"Fought Mushrooms","damage_taken":0,"max_hp_gain":0,"max_hp_loss":0,"event_name":"Mushrooms","floor":8,"gold_loss":0},{"damage_healed":0,"gold_gain":275,"player_choice":"Desecrate","damage_taken":0,"max_hp_gain":0,"max_hp_loss":0,"event_name":"Golden Shrine","floor":13,"gold_loss":0,"cards_obtained":["Regret"]},{"cards_removed":["Regret"],"damage_healed":0,"gold_gain":0,"player_choice":"Gave Gold","damage_taken":0,"max_hp_gain":0,"max_hp_loss":0,"event_name":"Beggar","floor":19,"gold_loss":75},{"damage_healed":0,"gold_gain":0,"player_choice":"Copied","damage_taken":0,"max_hp_gain":0,"max_hp_loss":0,"event_name":"Duplicator","floor":20,"gold_loss":0,"cards_obtained":["Gash"]}],"is_beta":false,"boss_relics":[{"not_picked":["Snecko Eye","Philosopher\u0027s Stone"],"picked":"Fusion Hammer"}],"items_purged_floors":[],"is_endless":false,"potions_floor_spawned":[1,7,8,11,12,18],"killed_by":"Slavers","ascension_level":1}