{"gold_per_floor":[114,114,129,129,144,144,159,189,264,294,309,309,324,8,8,108,158,173,173,186,186],"floor_reached":21,"playtime":2282,"items_purged":[],"score":264,"play_id":"f92cdc48-7a27-47f8-b279-8236d385d05b","local_time":"20190325093606","daily_mods":["Specialized","Red Cards","Binary"],"is_ascension_mode":false,"campfire_choices":[{"data":"Sucker Punch","floor":6,"key":"SMITH"},{"floor":12,"key":"REST"},{"data":"Chrysalis","floor":15,"key":"SMITH"}],"neow_cost":"","seed_source_timestamp":0,"circlet_count":0,"master_deck":["Defend_G","Defend_G","Defend_G","Defend_G","Defend_G+1","Strike_G","Strike_G","Strike_G","Strike_G","Strike_G","Survivor","Neutralize","After Image","After Image","After Image","After Image","After Image","Perfected Strike","Regret","Outmaneuver","Sucker Punch+1","Pommel Strike","Finisher","Heel Hook","Bouncing Flask","Backflip","Deadly Poison","Chrysalis+1","Immolate","Thunderclap","Choke","Deadly Poison"],"special_seed":17980,"relics":["Ring of the Snake","Strawberry","The Specimen","Pear","Bottled Flame","Lantern","Membership Card","Tiny House","Enchiridion","Red Mask"],"potions_floor_usage":[10,16,18],"damage_taken":[{"damage":3,"enemies":"Jaw Worm","floor":1,"turns":7},{"damage":0,"enemies":"Cultist","floor":3,"turns":6},{"damage":4,"enemies":"Small Slimes","floor":5,"turns":4},{"damage":5,"enemies":"2 Fungi Beasts","floor":7,"turns":6},{"damage":6,"enemies":"Lagavulin","floor":8,"turns":8},{"damage":9,"enemies":"3 Sentries","floor":10,"turns":11},{"damage":3,"enemies":"Large Slime","floor":11,"turns":7},{"damage":15,"enemies":"Exordium Wildlife","floor":13,"turns":6},{"damage":40,"enemies":"Slime Boss","floor":16,"turns":8},{"damage":13,"enemies":"Spheric Guardian","floor":18,"turns":5},{"damage":44,"enemies":"Masked Bandits","floor":20,"turns":9},{"damage":19,"enemies":"3 Byrds","floor":21,"turns":2}],"seed_played":"7193510018301327522","potions_obtained":[{"floor":3,"key":"SkillPotion"},{"floor":5,"key":"Weak Potion"},{"floor":11,"key":"Swift Potion"},{"floor":17,"key":"PowerPotion"}],"is_trial":false,"path_per_floor":["M","?","M","?","M","R","M","E","T","E","M","R","M","$","R","B",null,"M","?","?","M"],"character_chosen":"THE_SILENT","items_purchased":["Membership Card","Deadly Poison","Chrysalis"],"campfire_rested":1,"item_purchase_floors":[14,14,14],"current_hp_per_floor":[67,74,74,74,70,70,65,69,69,60,57,83,68,68,68,28,92,79,63,19,0],"gold":186,"neow_bonus":"","is_prod":false,"is_daily":true,"chose_seed":false,"campfire_upgraded":2,"win_rate":0,"timestamp":1553506566,"path_taken":["M","?","M","?","M","R","M","E","T","E","M","R","?","$","R","BOSS","M","?","?","M"],"build_version":"2019-01-23","purchased_purges":0,"victory":false,"max_hp_per_floor":[70,77,77,77,77,77,77,87,87,87,87,87,87,87,87,87,92,92,92,92,92],"card_choices":[{"not_picked":["Havoc"],"picked":"Perfected Strike","floor":1},{"not_picked":["Clothesline"],"picked":"Outmaneuver","floor":3},{"not_picked":["Havoc"],"picked":"Sucker Punch","floor":5},{"not_picked":["Sever Soul"],"picked":"Pommel Strike","floor":7},{"not_picked":["Predator"],"picked":"Finisher","floor":8},{"not_picked":["Underhanded Strike"],"picked":"Heel Hook","floor":10},{"not_picked":["Distraction"],"picked":"Bouncing Flask","floor":11},{"not_picked":["Burning Pact"],"picked":"Backflip","floor":13},{"not_picked":["Brutality"],"picked":"Immolate","floor":16},{"not_picked":["Acrobatics"],"picked":"Thunderclap","floor":17},{"not_picked":["Sucker Punch"],"picked":"Choke","floor":18},{"not_picked":["PiercingWail"],"picked":"Deadly Poison","floor":20}],"player_experience":379165,"relics_obtained":[{"floor":8,"key":"Pear"},{"floor":9,"key":"Bottled Flame"},{"floor":10,"key":"Lantern"},{"floor":19,"key":"Enchiridion"},{"floor":20,"key":"Red Mask"}],"event_choices":[{"damage_healed":0,"gold_gain":0,"player_choice":"Box","damage_taken":0,"relics_obtained":["Strawberry"],"max_hp_gain":0,"max_hp_loss":0,"event_name":"Big Fish","floor":2,"gold_loss":0,"cards_obtained":["Regret"]},{"damage_healed":0,"gold_gain":0,"player_choice":"Gave Potion","damage_taken":0,"relics_obtained":["The Specimen"],"max_hp_gain":0,"max_hp_loss":0,"event_name":"WeMeetAgain","floor":4,"gold_loss":0},{"damage_healed":0,"gold_gain":0,"player_choice":"Obtained Book","damage_taken":16,"max_hp_gain":0,"max_hp_loss":0,"event_name":"Cursed Tome","floor":19,"gold_loss":0},{"damage_healed":0,"gold_gain":0,"player_choice":"Fought Bandits","damage_taken":0,"max_hp_gain":0,"max_hp_loss":0,"event_name":"Masked Bandits","floor":20,"gold_loss":0}],"is_beta":false,"boss_relics":[{"not_picked":["Runic Dome","Sozu"],"picked":"Tiny House"}],"items_purged_floors":[],"is_endless":false,"potions_floor_spawned":[3,5,11],"killed_by":"3 Byrds","ascension_level":0}