{"gold_per_floor":[118,129,129,129,204,204,232,59,109,70,103,103,116,135,135,210,210,223,273,283,299,47,47,47,47,70,70],"floor_reached":27,"playtime":935,"items_purged":["Setup"],"score":488,"play_id":"f8baca2c-f16f-4c32-ae76-f662ea7c5afe","local_time":"20190622213155","is_ascension_mode":true,"campfire_choices":[{"data":"Neutralize","floor":6.0,"key":"SMITH"},{"data":"Noxious Fumes","floor":12.0,"key":"SMITH"},{"data":"Bouncing Flask","floor":15.0,"key":"SMITH"},{"data":"Apotheosis","floor":23.0,"key":"SMITH"}],"neow_cost":"NONE","seed_source_timestamp":260161320746500,"circlet_count":0,"master_deck":["AscendersBane","Survivor","Neutralize+1","Flying Knee","Deadly Poison","Acrobatics","Noxious Fumes+1","Blur","Bouncing Flask+1","Burst","Wraith Form v2","Predator","Caltrops","Terror","Catalyst","Crippling Poison","Burst","Blur","Venomology","Catalyst","Leg Sweep+1","Apotheosis+1"],"special_seed":0,"relics":["Ring of the Snake","NeowsBlessing","Art of War","Lantern","PreservedInsect","Smiling Mask","Pandora\u0027s Box","Nilry\u0027s Codex","Blood Vial"],"potions_floor_usage":[27,27],"damage_taken":[{"damage":0.0,"enemies":"Cultist","floor":1.0,"turns":1.0},{"damage":0.0,"enemies":"Jaw Worm","floor":2.0,"turns":1.0},{"damage":0.0,"enemies":"Gremlin Nob","floor":7.0,"turns":1.0},{"damage":15.0,"enemies":"3 Sentries","floor":11.0,"turns":6.0},{"damage":5.0,"enemies":"Small Slimes","floor":13.0,"turns":4.0},{"damage":0.0,"enemies":"Blue Slaver","floor":14.0,"turns":5.0},{"damage":18.0,"enemies":"Hexaghost","floor":16.0,"turns":8.0},{"damage":0.0,"enemies":"Spheric Guardian","floor":18.0,"turns":1.0},{"damage":5.0,"enemies":"3 Byrds","floor":20.0,"turns":4.0},{"damage":8.0,"enemies":"3 Cultists","floor":21.0,"turns":5.0},{"damage":21,"enemies":"Gremlin Leader","floor":27,"turns":2}],"seed_played":"8597489361501518839","potions_obtained":[{"floor":2.0,"key":"Ancient Potion"},{"floor":7.0,"key":"Poison Potion"},{"floor":11.0,"key":"Ancient Potion"},{"floor":20.0,"key":"Energy Potion"}],"is_trial":false,"path_per_floor":["M","M","?","?","?","R","E","$","T","$","E","R","M","M","R","B",null,"M","?","M","M","$","R","?","?","T","E"],"character_chosen":"THE_SILENT","items_purchased":["Lantern","Noxious Fumes","Apotheosis"],"campfire_rested":0,"item_purchase_floors":[8,10,22],"current_hp_per_floor":[59,59,59,59,48,48,48,48,48,48,33,33,28,28,28,10,52,52,52,47,39,39,39,18,18,18,0],"gold":70,"neow_bonus":"THREE_ENEMY_KILL","is_prod":false,"is_daily":false,"chose_seed":false,"campfire_upgraded":4,"win_rate":0,"timestamp":1561206715,"path_taken":["M","?","?","?","?","R","E","?","T","?","E","R","M","M","R","BOSS","M","?","M","M","$","R","?","?","T","E"],"build_version":"2019-01-23","purchased_purges":1,"victory":false,"max_hp_per_floor":[66,66,66,66,66,66,66,66,66,66,66,66,66,66,66,66,66,66,66,66,66,66,66,66,66,66,66],"card_choices":[{"not_picked":["Underhanded Strike","Masterful Stab"],"picked":"Flying Knee","floor":1.0},{"not_picked":["Backflip","Finisher"],"picked":"Deadly Poison","floor":2.0},{"not_picked":["Caltrops","Terror"],"picked":"Acrobatics","floor":7.0},{"not_picked":["Dash","Bane"],"picked":"Blur","floor":11.0},{"not_picked":["Distraction","Deadly Poison","Slice"],"picked":"SKIP","floor":13.0},{"not_picked":["Footwork","Acrobatics"],"picked":"Bouncing Flask","floor":14.0},{"not_picked":["Die Die Die","Malaise"],"picked":"Burst","floor":16.0},{"not_picked":["Outmaneuver","Prepared"],"picked":"Catalyst","floor":18.0},{"not_picked":["Prepared","Sucker Punch","Glass Knife"],"picked":"SKIP","floor":20.0},{"not_picked":["Crippling Poison","Escape Plan+1"],"picked":"Leg Sweep+1","floor":21.0}],"player_experience":1002357,"relics_obtained":[{"floor":7.0,"key":"Art of War"},{"floor":9.0,"key":"PreservedInsect"},{"floor":11.0,"key":"Smiling Mask"},{"floor":24,"key":"Nilry\u0027s Codex"},{"floor":26,"key":"Blood Vial"}],"event_choices":[{"damage_healed":0.0,"max_hp_gain":0.0,"max_hp_loss":0.0,"gold_gain":0.0,"event_name":"Shining Light","player_choice":"Ignored","floor":3.0,"gold_loss":0.0,"damage_taken":0.0},{"damage_healed":0.0,"max_hp_gain":0.0,"max_hp_loss":0.0,"gold_gain":0.0,"event_name":"Golden Idol","player_choice":"Ignored","floor":4.0,"gold_loss":0.0,"damage_taken":0.0},{"damage_healed":0.0,"max_hp_gain":0.0,"max_hp_loss":0.0,"gold_gain":75.0,"event_name":"World of Goop","player_choice":"Gather Gold","floor":5.0,"gold_loss":0.0,"damage_taken":11.0},{"damage_healed":0.0,"max_hp_gain":0.0,"max_hp_loss":0.0,"gold_gain":50.0,"event_name":"Nest","player_choice":"Stole From Cult","floor":19.0,"gold_loss":0.0,"damage_taken":0.0},{"damage_healed":0,"gold_gain":0,"player_choice":"Obtained Book","damage_taken":21,"max_hp_gain":0,"max_hp_loss":0,"event_name":"Cursed Tome","floor":24,"gold_loss":0}],"is_beta":false,"boss_relics":[{"not_picked":["Empty Cage","Tiny House"],"picked":"Pandora\u0027s Box"}],"items_purged_floors":[22],"is_endless":false,"potions_floor_spawned":[2,7,11,20],"killed_by":"Gremlin Leader","ascension_level":20}