{"gold_per_floor":[109,126,140,153,164,239,8,20,44,44,64,82,100,120,120,198,198,213,213,213,60,76,76,102,120,143,143,143,143,159,84,84,84],"floor_reached":33,"playtime":2252,"items_purged":["Strike_G"],"score":526,"play_id":"ac34bd24-f62a-47eb-8506-41b179e1f01b","local_time":"20190629063259","is_ascension_mode":true,"campfire_choices":[{"floor":15.0,"key":"REST"},{"data":"Burst","floor":23.0,"key":"SMITH"},{"floor":29.0,"key":"REST"},{"data":"Blade Dance","floor":32.0,"key":"SMITH"}],"neow_cost":"NONE","seed_source_timestamp":809318798158600,"circlet_count":0,"master_deck":["AscendersBane","Defend_G","Defend_G","Defend_G","Defend_G","Survivor","Neutralize","Cloak And Dagger","Blade Dance+1","Footwork","Quick Slash","Terror","Burst+1","Backstab","Poisoned Stab","Caltrops","Adrenaline","Footwork","Footwork","Deflect","Escape Plan+1","Dodge and Roll","Backflip","Quick Slash","Prepared"],"special_seed":0,"relics":["Ring of the Snake","Oddly Smooth Stone","Omamori","Empty Cage","Bottled Flame","Ancient Tea Set"],"potions_floor_usage":[],"damage_taken":[{"damage":0.0,"enemies":"Cultist","floor":1.0,"turns":5.0},{"damage":0.0,"enemies":"Small Slimes","floor":2.0,"turns":4.0},{"damage":8.0,"enemies":"2 Louse","floor":3.0,"turns":4.0},{"damage":0.0,"enemies":"2 Fungi Beasts","floor":4.0,"turns":5.0},{"damage":19.0,"enemies":"Exordium Thugs","floor":5.0,"turns":8.0},{"damage":6.0,"enemies":"Lots of Slimes","floor":8.0,"turns":5.0},{"damage":0.0,"enemies":"2 Fungi Beasts","floor":11.0,"turns":4.0},{"damage":1.0,"enemies":"Blue Slaver","floor":12.0,"turns":4.0},{"damage":10.0,"enemies":"Exordium Wildlife","floor":13.0,"turns":3.0},{"damage":2.0,"enemies":"Large Slime","floor":14.0,"turns":6.0},{"damage":17.0,"enemies":"Hexaghost","floor":16.0,"turns":12.0},{"damage":5.0,"enemies":"Spheric Guardian","floor":18.0,"turns":8.0},{"damage":15.0,"enemies":"Colosseum Slavers","floor":19.0,"turns":7.0},{"damage":1.0,"enemies":"3 Byrds","floor":22.0,"turns":5.0},{"damage":27.0,"enemies":"Book of Stabbing","floor":24.0,"turns":8.0},{"damage":0.0,"enemies":"Snake Plant","floor":25.0,"turns":6.0},{"damage":2.0,"enemies":"Sentry and Sphere","floor":30.0,"turns":14.0},{"damage":33,"enemies":"Automaton","floor":33,"turns":6}],"seed_played":"-7346568190962967761","potions_obtained":[{"floor":3.0,"key":"SpeedPotion"},{"floor":5.0,"key":"Fire Potion"},{"floor":11.0,"key":"Block Potion"},{"floor":16.0,"key":"Ancient Potion"},{"floor":24.0,"key":"Block Potion"}],"is_trial":false,"path_per_floor":["M","M","M","M","M","?","$","M","T","?","M","M","M","M","R","B",null,"M","?","?","$","M","R","E","M","T","?","?","R","M","?","R","B"],"character_chosen":"THE_SILENT","items_purchased":["Burst","Block Potion","Footwork"],"campfire_rested":2,"item_purchase_floors":[7,7,21],"current_hp_per_floor":[59,59,51,51,32,21,21,15,15,15,15,14,4,2,21,4,51,46,31,31,31,30,30,3,3,3,16,16,35,33,33,33,0],"gold":84,"neow_bonus":"RANDOM_COMMON_RELIC","is_prod":false,"is_daily":false,"chose_seed":false,"campfire_upgraded":2,"win_rate":0,"timestamp":1561757579,"path_taken":["M","M","M","M","M","?","$","M","T","?","M","M","?","M","R","BOSS","M","?","?","$","M","R","E","M","T","?","?","R","M","?","R","BOSS"],"build_version":"2019-01-23","purchased_purges":1,"victory":false,"max_hp_per_floor":[66,66,66,66,66,66,66,66,66,66,66,66,66,66,66,66,66,66,66,66,66,66,66,66,66,66,66,66,66,66,66,66,66],"card_choices":[{"not_picked":["PiercingWail","Finisher"],"picked":"Cloak And Dagger","floor":1.0},{"not_picked":["Bane","Heel Hook"],"picked":"Blade Dance","floor":2.0},{"not_picked":["Backstab","Sucker Punch"],"picked":"Footwork","floor":3.0},{"not_picked":["Backflip","Prepared"],"picked":"Quick Slash","floor":4.0},{"not_picked":["Flying Knee","Leg Sweep"],"picked":"Terror","floor":5.0},{"not_picked":["Blade Dance","PiercingWail"],"picked":"Backstab","floor":8.0},{"not_picked":["Terror","Dagger Throw"],"picked":"Poisoned Stab","floor":11.0},{"not_picked":["Cloak And Dagger","Flying Knee"],"picked":"Caltrops","floor":12.0},{"not_picked":["Underhanded Strike","Endless Agony","Eviscerate"],"picked":"SKIP","floor":13.0},{"not_picked":["Acrobatics","Heel Hook","Sucker Punch"],"picked":"SKIP","floor":14.0},{"not_picked":["Tools of the Trade","Venomology"],"picked":"Adrenaline","floor":16.0},{"not_picked":["Backflip","Finisher"],"picked":"Footwork","floor":18.0},{"not_picked":["Endless Agony","Sucker Punch+1"],"picked":"Deflect","floor":22.0},{"not_picked":["Expertise","Flechettes"],"picked":"Escape Plan+1","floor":24.0},{"not_picked":["Outmaneuver","Calculated Gamble"],"picked":"Dodge and Roll","floor":25.0},{"not_picked":["Leg Sweep","Dodge and Roll"],"picked":"Backflip","floor":30.0}],"player_experience":1029542,"relics_obtained":[{"floor":9.0,"key":"Omamori"},{"floor":24.0,"key":"Bottled Flame"},{"floor":26.0,"key":"Ancient Tea Set"}],"event_choices":[{"damage_healed":0.0,"max_hp_gain":0.0,"max_hp_loss":0.0,"gold_gain":75.0,"event_name":"World of Goop","player_choice":"Gather Gold","floor":6.0,"gold_loss":0.0,"damage_taken":11.0},{"cards_removed":["Strike_G"],"damage_healed":0.0,"max_hp_gain":0.0,"max_hp_loss":0.0,"gold_gain":0.0,"event_name":"Purifier","player_choice":"Purged","floor":10.0,"gold_loss":0.0,"damage_taken":0.0},{"damage_healed":0.0,"max_hp_gain":0.0,"max_hp_loss":0.0,"gold_gain":0.0,"event_name":"Colosseum","player_choice":"Fight","floor":19.0,"gold_loss":0.0,"damage_taken":0.0},{"damage_healed":0.0,"max_hp_gain":0.0,"max_hp_loss":0.0,"gold_gain":0.0,"event_name":"Colosseum","player_choice":"Fled From Nobs","floor":19.0,"gold_loss":0.0,"damage_taken":0.0},{"damage_healed":13.0,"max_hp_gain":0.0,"max_hp_loss":0.0,"gold_gain":0.0,"event_name":"The Library","player_choice":"Heal","floor":27.0,"gold_loss":0.0,"damage_taken":0.0},{"damage_healed":0.0,"max_hp_gain":0.0,"max_hp_loss":0.0,"gold_gain":0.0,"event_name":"Ghosts","player_choice":"Ignored","floor":28.0,"gold_loss":0.0,"damage_taken":0.0},{"damage_healed":0.0,"max_hp_gain":0.0,"max_hp_loss":0.0,"gold_gain":0.0,"cards_transformed":["Strike_G","Defend_G"],"event_name":"Designer","player_choice":"Transformed Cards","floor":31.0,"gold_loss":75.0,"damage_taken":0.0,"cards_obtained":["Quick Slash","Prepared"]}],"is_beta":false,"boss_relics":[{"not_picked":["Pandora\u0027s Box","Lizard Tail"],"picked":"Empty Cage"}],"items_purged_floors":[21],"is_endless":false,"potions_floor_spawned":[3,5,11,12,16,24],"killed_by":"Automaton","ascension_level":20}