{"gold_per_floor":[115,126,126,139,59,102,126,126,126,138,190,202,245,42,42,171,171,190,190,24,43,43,81,119,135,159,159,6,44,44,88,88,216,216,240,462,587,65,134,167,167,167,167,74,87,111,40,81,81,81,81,81,29,69,69],"floor_reached":56,"playtime":2593,"items_purged":["Strike_R"],"score":1773,"play_id":"52df806a-c09b-461e-b650-383d82d9a55c","local_time":"20190519195951","is_ascension_mode":true,"campfire_choices":[{"data":"Heavy Blade","floor":8,"key":"SMITH"},{"floor":10,"key":"REST"},{"data":"Limit Break","floor":15,"key":"SMITH"},{"data":"Demon Form","floor":27,"key":"SMITH"},{"data":"Metallicize","floor":30,"key":"SMITH"},{"data":"Pummel","floor":32,"key":"SMITH"},{"data":"Juggernaut","floor":41,"key":"SMITH"},{"floor":49,"key":"RECALL"},{"data":"Impervious","floor":52,"key":"SMITH"}],"neow_cost":"PERCENT_DAMAGE","seed_source_timestamp":167548944259300,"circlet_count":0,"master_deck":["Strike_R+1","Strike_R+1","Strike_R+1","Strike_R+1","Defend_R+1","Defend_R+1","Defend_R+1","Defend_R+1","Bash","Thunderclap","Disarm","Inflame","Clothesline","Heavy Blade+1","Pummel+1","Limit Break+1","Impervious+1","RitualDagger","Metallicize+1","Anger","Warcry+1","Pummel+1","Demon Form+1","Battle Trance+1","Juggernaut+1","True Grit+1","Reaper","Disarm+1","Metallicize+1","Pummel","Dark Shackles","Havoc","Reaper","Flame Barrier","Double Tap","Sword Boomerang","Power Through+1"],"relics":["Burning Blood","Thread and Needle","Golden Idol","Vajra","MawBank","Gremlin Horn","Bird Faced Urn","Strawberry","Sozu","Sundial","Red Mask","Orichalcum","Bag of Preparation","Red Skull","Mark of Pain","Torii","Magic Flower","Incense Burner","Gambling Chip","Dodecahedron","Pear","Ancient Tea Set","War Paint"],"potions_floor_usage":[39,55,55],"damage_taken":[{"damage":3,"enemies":"2 Louse","floor":1,"turns":3},{"damage":2,"enemies":"Jaw Worm","floor":2,"turns":4},{"damage":0,"enemies":"Small Slimes","floor":4,"turns":3},{"damage":53,"enemies":"Lagavulin","floor":6,"turns":7},{"damage":8,"enemies":"3 Louse","floor":7,"turns":5},{"damage":28,"enemies":"3 Sentries","floor":11,"turns":6},{"damage":6,"enemies":"Gremlin Nob","floor":13,"turns":4},{"damage":0,"enemies":"Hexaghost","floor":16,"turns":6},{"damage":2,"enemies":"Spheric Guardian","floor":18,"turns":4},{"damage":6,"enemies":"Shell Parasite","floor":21,"turns":6},{"damage":11,"enemies":"Book of Stabbing","floor":23,"turns":5},{"damage":8,"enemies":"Masked Bandits","floor":24,"turns":5},{"damage":14,"enemies":"Centurion and Healer","floor":25,"turns":4},{"damage":0,"enemies":"Gremlin Leader","floor":29,"turns":4},{"damage":7,"enemies":"Book of Stabbing","floor":31,"turns":5},{"damage":18,"enemies":"Collector","floor":33,"turns":6},{"damage":2,"enemies":"3 Shapes","floor":35,"turns":5},{"damage":0,"enemies":"Mind Bloom Boss Battle","floor":37,"turns":5},{"damage":64,"enemies":"2 Orb Walkers","floor":39,"turns":5},{"damage":25,"enemies":"Reptomancer","floor":40,"turns":6},{"damage":0,"enemies":"Orb Walker","floor":45,"turns":4},{"damage":0,"enemies":"Sphere and 2 Shapes","floor":46,"turns":3},{"damage":0,"enemies":"Giant Head","floor":48,"turns":6},{"damage":80,"enemies":"Awakened One","floor":50,"turns":8},{"damage":40,"enemies":"Shield and Spear","floor":54,"turns":6},{"damage":107,"enemies":"The Heart","floor":55,"turns":11}],"seed_played":"-3497570393916846685","potions_obtained":[{"floor":1,"key":"BloodPotion"},{"floor":7,"key":"Block Potion"},{"floor":11,"key":"Fruit Juice"}],"is_trial":false,"path_per_floor":["M","M","?","M","$","E","M","R","T","R","E","?","E","$","R","B",null,"M","?","$","M","?","E","?","M","T","R","$","E","R","E","R","B",null,"M","?","?","$","?","E","R","T","T","$","M","M","$","E","R","B",null,"R","$","E","B",null],"character_chosen":"IRONCLAD","items_purchased":["Inflame","Limit Break","Strawberry","Metallicize","Anger","Orichalcum","Reaper","Magic Flower","Disarm","Dark Shackles","Flame Barrier","Sword Boomerang"],"campfire_rested":1,"item_purchase_floors":[5,14,14,20,20,28,38,38,38,44,47,53],"current_hp_per_floor":[54,58,58,64,64,17,15,15,15,37,15,15,15,22,22,30,68,74,68,68,72,72,71,73,69,69,69,69,81,81,81,81,69,78,81,81,81,81,29,81,81,81,91,91,91,91,91,91,91,73,87,87,87,69,84],"gold":69,"neow_bonus":"ONE_RARE_RELIC","is_prod":false,"is_daily":false,"chose_seed":false,"campfire_upgraded":7,"win_rate":0,"timestamp":1558310391,"path_taken":["M","M","?","M","$","E","M","R","T","R","E","?","E","?","R","BOSS","M","?","$","M","?","E","?","M","T","R","$","E","R","E","R","BOSS","M","?","?","$","?","E","R","?","T","$","?","M","?","E","R","BOSS","R","$","E","BOSS"],"build_version":"2019-01-23","purchased_purges":1,"victory":true,"max_hp_per_floor":[80,80,74,74,74,74,74,74,74,74,74,74,74,81,81,81,81,81,81,81,81,81,81,81,81,81,81,81,81,81,81,81,81,81,81,81,81,81,81,81,81,81,91,91,91,91,91,91,91,91,91,91,91,91,96],"card_choices":[{"not_picked":["Second Wind","Sever Soul"],"picked":"Thunderclap","floor":1},{"not_picked":["Fire Breathing","Perfected Strike","Combust"],"picked":"SKIP","floor":2},{"not_picked":["Reckless Charge","Twin Strike"],"picked":"Disarm","floor":4},{"not_picked":["Power Through","Fire Breathing"],"picked":"Clothesline","floor":6},{"not_picked":["Second Wind","Battle Trance"],"picked":"Heavy Blade","floor":7},{"not_picked":["Shrug It Off","Bloodletting"],"picked":"Pummel","floor":11},{"not_picked":["Intimidate","Wild Strike","Searing Blow"],"picked":"SKIP","floor":13},{"not_picked":["Brutality","Berserk"],"picked":"Impervious","floor":16},{"not_picked":["Iron Wave","Clash","Wild Strike"],"picked":"SKIP","floor":18},{"not_picked":["Intimidate","Anger+1"],"picked":"Warcry+1","floor":21},{"not_picked":["Thunderclap+1","Cleave","Rupture"],"picked":"SKIP","floor":23},{"not_picked":["Clash","Uppercut+1"],"picked":"Pummel+1","floor":24},{"not_picked":["Cleave","Body Slam"],"picked":"Demon Form","floor":25},{"not_picked":["Pommel Strike+1","Iron Wave","Flex"],"picked":"SKIP","floor":29},{"not_picked":["Infernal Blade","Shrug It Off+1"],"picked":"Battle Trance","floor":31},{"not_picked":["Demon Form","Limit Break"],"picked":"Juggernaut","floor":33},{"not_picked":["Shrug It Off","Pommel Strike+1","Searing Blow+1"],"picked":"SKIP","floor":35},{"not_picked":["Dropkick","Anger+1"],"picked":"True Grit+1","floor":37},{"not_picked":["Heavy Blade+1","Cleave"],"picked":"Metallicize+1","floor":39},{"not_picked":["Ghostly Armor","Seeing Red+1"],"picked":"Pummel","floor":40},{"not_picked":["Combust+1","Warcry+1"],"picked":"Havoc","floor":45},{"not_picked":["Iron Wave+1","Thunderclap"],"picked":"Reaper","floor":46},{"not_picked":["Fiend Fire","Intimidate+1"],"picked":"Double Tap","floor":48},{"not_picked":["Carnage","Havoc"],"picked":"Power Through+1","floor":54}],"player_experience":231735,"relics_obtained":[{"floor":6,"key":"Vajra"},{"floor":9,"key":"MawBank"},{"floor":11,"key":"Gremlin Horn"},{"floor":13,"key":"Bird Faced Urn"},{"floor":23,"key":"Sundial"},{"floor":24,"key":"Red Mask"},{"floor":29,"key":"Bag of Preparation"},{"floor":31,"key":"Red Skull"},{"floor":37,"key":"Torii"},{"floor":39,"key":"Incense Burner"},{"floor":40,"key":"Gambling Chip"},{"floor":42,"key":"Dodecahedron"},{"floor":43,"key":"Pear"},{"floor":48,"key":"Ancient Tea Set"},{"floor":54,"key":"War Paint"}],"event_choices":[{"damage_healed":0,"gold_gain":0,"player_choice":"Lose Max HP","damage_taken":0,"relics_obtained":["Golden Idol"],"max_hp_gain":0,"max_hp_loss":6,"event_name":"Golden Idol","floor":3,"gold_loss":0},{"damage_healed":0,"gold_gain":0,"player_choice":"Ignored","damage_taken":0,"max_hp_gain":0,"max_hp_loss":0,"event_name":"Shining Light","floor":12,"gold_loss":0},{"damage_healed":0,"gold_gain":0,"player_choice":"Joined the Cult","damage_taken":6,"max_hp_gain":0,"max_hp_loss":0,"event_name":"Nest","floor":19,"gold_loss":0,"cards_obtained":["RitualDagger"]},{"damage_healed":0,"gold_gain":0,"player_choice":"Simplicity","damage_taken":0,"max_hp_gain":0,"max_hp_loss":0,"event_name":"Back to Basics","floor":22,"gold_loss":0,"cards_upgraded":["Strike_R","Strike_R","Strike_R","Strike_R","Defend_R","Defend_R","Defend_R","Defend_R"]},{"damage_healed":0,"gold_gain":0,"player_choice":"Fought Bandits","damage_taken":0,"max_hp_gain":0,"max_hp_loss":0,"event_name":"Masked Bandits","floor":24,"gold_loss":0},{"damage_healed":0,"gold_gain":222,"player_choice":"Wore Mask","damage_taken":0,"max_hp_gain":0,"max_hp_loss":0,"event_name":"Tomb of Lord Red Mask","floor":36,"gold_loss":0},{"damage_healed":0,"gold_gain":0,"player_choice":"Fight","damage_taken":0,"max_hp_gain":0,"max_hp_loss":0,"event_name":"MindBloom","floor":37,"gold_loss":0},{"damage_healed":0,"gold_gain":0,"player_choice":"Fight","damage_taken":0,"max_hp_gain":0,"max_hp_loss":0,"event_name":"Mysterious Sphere","floor":39,"gold_loss":0}],"is_beta":false,"boss_relics":[{"not_picked":["Velvet Choker","Coffee Dripper"],"picked":"Sozu"},{"not_picked":["Calling Bell","White Beast Statue"],"picked":"Mark of Pain"}],"items_purged_floors":[20],"is_endless":false,"potions_floor_spawned":[1,7,11,16,18,21,24,33,35,37,46],"ascension_level":6}