{"gold_per_floor":[114,129,129,144,159,219,219,296,296,371,371,386,401,416,416,516,566,581,326,326,341,356,398,425,467,479,491,3,18,33,48,48,148,148,163,163,0,15,30,30,30,30,30,60,75,10,40,55,55,55],"floor_reached":51,"playtime":3678,"items_purged":[],"score":853,"play_id":"978b7919-9414-4a4e-a921-b4ef62e79fcf","local_time":"20190506105446","daily_mods":["Draft","Vintage","Night Terrors"],"is_ascension_mode":false,"campfire_choices":[{"data":"Metallicize","floor":15.0,"key":"SMITH"},{"data":"Whirlwind","floor":32.0,"key":"SMITH"},{"data":"Demon Form","floor":40,"key":"SMITH"},{"data":"Flex","floor":42,"key":"SMITH"},{"floor":49,"key":"DIG"}],"neow_cost":"","seed_source_timestamp":0,"circlet_count":0,"master_deck":["Thunderclap","Shrug It Off+1","Body Slam","Rampage","Twin Strike","Twin Strike+1","Flex+1","Iron Wave+1","Shrug It Off","Anger","Whirlwind+1","Metallicize+1","Ghostly Armor+1","Headbutt","Infernal Blade+1","Clothesline+1","Immolate+1","Anger","Pommel Strike+1","Violence","Warcry","Metallicize+1","Anger","Clash","Demon Form+1","Armaments+1","Rampage","Havoc+1","Clash","Feed","Second Wind+1","Metallicize","Dark Embrace+1"],"special_seed":18017,"relics":["Burning Blood","Gremlin Horn","Omamori","Darkstone Periapt","Kunai","Tiny Chest","War Paint","Matryoshka","Bronze Scales","Shuriken","Vajra","Tiny House","Bottled Lightning","Bag of Marbles","MawBank","Potion Belt","Smiling Mask","Pantograph","Blood Vial","Happy Flower","Self Forming Clay","Bottled Flame","Ginger","Ornamental Fan","Question Card","Orrery","Blue Candle","Centennial Puzzle","Whetstone","Red Mask","The Courier","Pear","Toxic Egg 2","Ancient Tea Set","Shovel","Bottled Tornado","Frozen Egg 2","Art of War","Bag of Preparation"],"potions_floor_usage":[39,39,39,48,50,50],"damage_taken":[{"damage":6.0,"enemies":"Jaw Worm","floor":1.0,"turns":2.0},{"damage":0.0,"enemies":"2 Louse","floor":2.0,"turns":1.0},{"damage":0.0,"enemies":"Small Slimes","floor":4.0,"turns":2.0},{"damage":8.0,"enemies":"Exordium Wildlife","floor":5.0,"turns":3.0},{"damage":16.0,"enemies":"Gremlin Nob","floor":6.0,"turns":4.0},{"damage":0.0,"enemies":"Looter","floor":12.0,"turns":2.0},{"damage":0.0,"enemies":"Lots of Slimes","floor":13.0,"turns":1.0},{"damage":0.0,"enemies":"Exordium Thugs","floor":14.0,"turns":3.0},{"damage":4.0,"enemies":"Hexaghost","floor":16.0,"turns":5.0},{"damage":0.0,"enemies":"Spheric Guardian","floor":18.0,"turns":2.0},{"damage":5.0,"enemies":"3 Byrds","floor":21.0,"turns":2.0},{"damage":0.0,"enemies":"Snake Plant","floor":22.0,"turns":3.0},{"damage":0.0,"enemies":"Gremlin Leader","floor":23.0,"turns":2.0},{"damage":0.0,"enemies":"Snecko","floor":24.0,"turns":2.0},{"damage":8.0,"enemies":"Book of Stabbing","floor":25.0,"turns":4.0},{"damage":0.0,"enemies":"3 Cultists","floor":29.0,"turns":4.0},{"damage":0.0,"enemies":"Centurion and Healer","floor":30.0,"turns":3.0},{"damage":11.0,"enemies":"Snake Plant","floor":31.0,"turns":2.0},{"damage":0.0,"enemies":"Automaton","floor":33.0,"turns":6.0},{"damage":8,"enemies":"3 Shapes","floor":35,"turns":2},{"damage":0,"enemies":"Orb Walker","floor":38,"turns":2},{"damage":24,"enemies":"Transient","floor":39,"turns":5},{"damage":19,"enemies":"Giant Head","floor":44,"turns":6},{"damage":0,"enemies":"4 Shapes","floor":45,"turns":2},{"damage":10,"enemies":"Reptomancer","floor":47,"turns":3},{"damage":6,"enemies":"Sphere and 2 Shapes","floor":48,"turns":4},{"damage":76,"enemies":"Time Eater","floor":50,"turns":10}],"seed_played":"-5970224170056604862","potions_obtained":[{"floor":1.0,"key":"SteroidPotion"},{"floor":2.0,"key":"LiquidBronze"},{"floor":6.0,"key":"EssenceOfSteel"},{"floor":13.0,"key":"SpeedPotion"},{"floor":16.0,"key":"FairyPotion"},{"floor":17.0,"key":"Dexterity Potion"},{"floor":21.0,"key":"FearPotion"},{"floor":24.0,"key":"Swift Potion"},{"floor":33.0,"key":"Strength Potion"},{"floor":35,"key":"AttackPotion"},{"floor":38,"key":"Dexterity Potion"},{"floor":47,"key":"Regen Potion"},{"floor":48,"key":"SkillPotion"}],"is_trial":false,"path_per_floor":["M","M","?","M","M","E","T","?","T","?","?","M","M","M","R","B",null,"M","$","?","M","M","E","M","E","T","?","$","M","M","M","R","B",null,"M","T","?","M","M","R","T","R","T","E","M","$","E","M","R","B",null],"character_chosen":"IRONCLAD","items_purchased":["Pommel Strike","Violence","Warcry","Self Forming Clay","Bottled Flame","Metallicize"],"campfire_rested":0,"item_purchase_floors":[19,19,19,28,28,46],"current_hp_per_floor":[80,80,80,80,78,68,68,68,68,57,41,47,53,59,59,61,85,85,85,85,85,85,85,85,83,83,83,83,85,85,80,80,85,85,83,83,83,85,77,77,77,77,77,66,74,74,72,86,86,25],"gold":55,"neow_bonus":"","is_prod":false,"is_daily":true,"chose_seed":false,"campfire_upgraded":4,"win_rate":0,"timestamp":1557136486,"path_taken":["M","M","?","M","M","E","?","?","T","?","?","M","?","M","R","BOSS","M","$","?","M","?","E","M","E","T","?","$","M","M","M","R","BOSS","M","?","?","M","M","R","?","R","T","E","M","$","E","M","R","BOSS"],"build_version":"2019-01-23","purchased_purges":0,"victory":true,"max_hp_per_floor":[80,80,80,80,80,80,80,80,80,80,80,80,80,80,80,80,85,85,85,85,85,85,85,85,85,85,85,85,85,85,85,85,85,85,85,85,85,85,95,95,95,95,95,95,95,95,95,95,95,95],"card_choices":[{"not_picked":["Seeing Red","Body Slam"],"picked":"Thunderclap","floor":0.0},{"not_picked":["Flex","Reckless Charge"],"picked":"Shrug It Off","floor":0.0},{"not_picked":["Blood for Blood","Sword Boomerang"],"picked":"Body Slam","floor":0.0},{"not_picked":["Heavy Blade","Shrug It Off"],"picked":"Rampage","floor":0.0},{"not_picked":["Shockwave","Wild Strike"],"picked":"Twin Strike","floor":0.0},{"not_picked":["Sever Soul","Carnage"],"picked":"Twin Strike","floor":0.0},{"not_picked":["True Grit","Disarm"],"picked":"Flex","floor":0.0},{"not_picked":["Clash","Thunderclap"],"picked":"Iron Wave","floor":0.0},{"not_picked":["Twin Strike","Clash"],"picked":"Shrug It Off","floor":0.0},{"not_picked":["Twin Strike","Feel No Pain"],"picked":"Anger","floor":0.0},{"not_picked":["Sever Soul","Warcry"],"picked":"Whirlwind","floor":0.0},{"not_picked":["Searing Blow","Iron Wave"],"picked":"Metallicize","floor":0.0},{"not_picked":["Perfected Strike","Whirlwind"],"picked":"Ghostly Armor","floor":0.0},{"not_picked":["Shrug It Off","Sever Soul"],"picked":"Headbutt","floor":0.0},{"not_picked":["Perfected Strike","Clothesline"],"picked":"Infernal Blade","floor":0.0},{"not_picked":["Combust","Entrench"],"picked":"Clothesline","floor":6.0},{"not_picked":["Fiend Fire","Berserk"],"picked":"Immolate","floor":16.0},{"not_picked":["Armaments","Cleave"],"picked":"Anger","floor":17.0},{"not_picked":["Infernal Blade","Fiend Fire"],"picked":"Anger","floor":23.0},{"not_picked":["Bloodletting","Evolve"],"picked":"Clash","floor":25.0},{"not_picked":["Immolate","Dark Embrace","Double Tap"],"picked":"Demon Form","floor":33.0},{"not_picked":["Shrug It Off+1","Warcry","Pommel Strike+1"],"picked":"Armaments+1","floor":34},{"not_picked":["Havoc","Thunderclap","Armaments"],"picked":"Rampage","floor":34},{"not_picked":["Reckless Charge","Seeing Red+1","Body Slam+1"],"picked":"Havoc+1","floor":34},{"not_picked":["Combust+1","Wild Strike","Disarm"],"picked":"Clash","floor":34},{"not_picked":["Combust","Second Wind","Clothesline"],"picked":"Feed","floor":34},{"not_picked":["Clothesline+1","Reckless Charge","Warcry+1"],"picked":"Second Wind+1","floor":44},{"not_picked":["Sever Soul+1","Second Wind+1","Whirlwind"],"picked":"Dark Embrace","floor":47}],"player_experience":635217,"relics_obtained":[{"floor":1.0,"key":"Gremlin Horn"},{"floor":2.0,"key":"Omamori"},{"floor":4.0,"key":"Darkstone Periapt"},{"floor":5.0,"key":"Kunai"},{"floor":6.0,"key":"Tiny Chest"},{"floor":7.0,"key":"War Paint"},{"floor":9.0,"key":"Matryoshka"},{"floor":12.0,"key":"Bronze Scales"},{"floor":13.0,"key":"Shuriken"},{"floor":14.0,"key":"Vajra"},{"floor":18.0,"key":"Bottled Lightning"},{"floor":21.0,"key":"Bag of Marbles"},{"floor":22.0,"key":"MawBank"},{"floor":23.0,"key":"Potion Belt"},{"floor":24.0,"key":"Smiling Mask"},{"floor":25.0,"key":"Pantograph"},{"floor":26.0,"key":"Blood Vial"},{"floor":26.0,"key":"Happy Flower"},{"floor":29.0,"key":"Ginger"},{"floor":30.0,"key":"Ornamental Fan"},{"floor":31.0,"key":"Question Card"},{"floor":35,"key":"Blue Candle"},{"floor":36,"key":"Centennial Puzzle"},{"floor":36,"key":"Whetstone"},{"floor":38,"key":"The Courier"},{"floor":39,"key":"Pear"},{"floor":41,"key":"Toxic Egg 2"},{"floor":43,"key":"Ancient Tea Set"},{"floor":44,"key":"Shovel"},{"floor":45,"key":"Bottled Tornado"},{"floor":47,"key":"Frozen Egg 2"},{"floor":48,"key":"Art of War"},{"floor":49,"key":"Bag of Preparation"}],"event_choices":[{"damage_healed":0.0,"max_hp_gain":0.0,"max_hp_loss":0.0,"gold_gain":0.0,"event_name":"Liars Game","player_choice":"Ignored","floor":3.0,"gold_loss":0.0,"damage_taken":0.0},{"damage_healed":0.0,"max_hp_gain":0.0,"max_hp_loss":0.0,"gold_gain":77.0,"event_name":"Golden Wing","player_choice":"Gained Gold","floor":8.0,"gold_loss":0.0,"damage_taken":0.0},{"damage_healed":0.0,"max_hp_gain":0.0,"max_hp_loss":0.0,"gold_gain":75.0,"event_name":"World of Goop","player_choice":"Gather Gold","floor":10.0,"gold_loss":0.0,"damage_taken":11.0},{"damage_healed":0.0,"max_hp_gain":0.0,"max_hp_loss":0.0,"gold_gain":0.0,"event_name":"Shining Light","player_choice":"Entered Light","floor":11.0,"gold_loss":0.0,"damage_taken":16.0,"cards_upgraded":["Twin Strike","Infernal Blade"]},{"damage_healed":0.0,"max_hp_gain":0.0,"max_hp_loss":0.0,"gold_gain":0.0,"event_name":"Duplicator","player_choice":"Copied","floor":20.0,"gold_loss":0.0,"damage_taken":0.0,"cards_obtained":["Metallicize"]},{"damage_healed":0.0,"max_hp_gain":0.0,"max_hp_loss":0.0,"gold_gain":0.0,"event_name":"Upgrade Shrine","player_choice":"Upgraded","floor":27.0,"gold_loss":0.0,"damage_taken":0.0,"cards_upgraded":["Iron Wave"]},{"damage_healed":0,"gold_gain":0,"player_choice":"Paid","damage_taken":0,"relics_obtained":["Red Mask"],"max_hp_gain":0,"max_hp_loss":0,"event_name":"Tomb of Lord Red Mask","floor":37,"gold_loss":163}],"is_beta":false,"boss_relics":[{"not_picked":["Empty Cage","Busted Crown"],"picked":"Tiny House"},{"not_picked":["Runic Cube","White Beast Statue"],"picked":"Orrery"}],"items_purged_floors":[],"is_endless":false,"potions_floor_spawned":[1,2,6,13,16,21,24,33,35,38,47,48],"ascension_level":0}