{"gold_per_floor":[109,126,126,138,157,185,185,185,212,212,231,31,56,74,74,173,173,193,161,13,31,31,31,60,34,34,34,48,77,77,93,93,198,198,214,142,160,179,198,231,231,259,259,286,386,386,61,81,81,81],"floor_reached":51,"playtime":2478,"items_purged":["Strike_B"],"score":1096,"play_id":"25b8ac91-3e06-4732-872b-eca7bbfdbf82","local_time":"20190626131841","is_ascension_mode":true,"campfire_choices":[{"data":"Genetic Algorithm","floor":7,"key":"SMITH"},{"floor":10,"key":"REST"},{"floor":15,"key":"REST"},{"data":"Defragment","floor":23,"key":"SMITH"},{"data":"Biased Cognition","floor":27,"key":"SMITH"},{"data":"Consume","floor":32,"key":"SMITH"},{"floor":41,"key":"REST"},{"floor":49,"key":"REST"}],"neow_cost":"PERCENT_DAMAGE","seed_source_timestamp":1041090556916800,"circlet_count":0,"master_deck":["Strike_B","Defend_B","Defend_B","Defend_B","Defend_B","Zap","Dualcast","Cold Snap","Steam","Cold Snap","Coolheaded","Genetic Algorithm+1","Self Repair","Biased Cognition+1","Storm","Defragment+1","Turbo+1","Darkness+1","Coolheaded","Lockon","Consume+1","Glacier","Buffer","Capacitor","Reinforced Body+1","Static Discharge+1","Creative AI","Sweeping Beam","White Noise+1","Echo Form","Blizzard","Blizzard+1"],"relics":["Cracked Core","Calipers","Pen Nib","Boot","ClockworkSouvenir","Centennial Puzzle","Black Star","Dream Catcher","Cables","Ice Cream","Kunai","WingedGreaves","Inserter","PreservedInsect","Oddly Smooth Stone","Mercury Hourglass","Toxic Egg 2","StoneCalendar","Symbiotic Virus","DataDisk","Shovel","Anchor"],"potions_floor_usage":[6,16,16,29,33,40,50,50,50],"damage_taken":[{"damage":0,"enemies":"Small Slimes","floor":1,"turns":3},{"damage":0,"enemies":"Cultist","floor":2,"turns":4},{"damage":0,"enemies":"Jaw Worm","floor":4,"turns":4},{"damage":14,"enemies":"Gremlin Gang","floor":5,"turns":6},{"damage":15,"enemies":"Gremlin Nob","floor":6,"turns":4},{"damage":0,"enemies":"3 Louse","floor":11,"turns":5},{"damage":17,"enemies":"Lagavulin","floor":13,"turns":8},{"damage":1,"enemies":"Blue Slaver","floor":14,"turns":4},{"damage":46,"enemies":"Slime Boss","floor":16,"turns":18},{"damage":8,"enemies":"3 Byrds","floor":18,"turns":6},{"damage":5,"enemies":"2 Thieves","floor":19,"turns":5},{"damage":2,"enemies":"Sentry and Sphere","floor":21,"turns":9},{"damage":20,"enemies":"Book of Stabbing","floor":24,"turns":9},{"damage":18,"enemies":"Centurion and Healer","floor":28,"turns":6},{"damage":7,"enemies":"Gremlin Leader","floor":29,"turns":10},{"damage":0,"enemies":"Snake Plant","floor":31,"turns":4},{"damage":22,"enemies":"Collector","floor":33,"turns":10},{"damage":0,"enemies":"Orb Walker","floor":35,"turns":4},{"damage":6,"enemies":"3 Shapes","floor":37,"turns":5},{"damage":0,"enemies":"Writhing Mass","floor":38,"turns":5},{"damage":10,"enemies":"Sphere and 2 Shapes","floor":39,"turns":5},{"damage":35,"enemies":"Reptomancer","floor":40,"turns":6},{"damage":0,"enemies":"Giant Head","floor":42,"turns":10},{"damage":15,"enemies":"Nemesis","floor":44,"turns":7},{"damage":0,"enemies":"Mind Bloom Boss Battle","floor":45,"turns":6},{"damage":43,"enemies":"3 Darklings","floor":48,"turns":7},{"damage":0,"enemies":"Donu and Deca","floor":50,"turns":7}],"seed_played":"8823337649167259647","potions_obtained":[{"floor":2,"key":"FearPotion"},{"floor":4,"key":"Fire Potion"},{"floor":5,"key":"EssenceOfSteel"},{"floor":13,"key":"FocusPotion"},{"floor":19,"key":"Explosive Potion"},{"floor":28,"key":"AttackPotion"},{"floor":29,"key":"PowerPotion"},{"floor":33,"key":"Block Potion"},{"floor":38,"key":"Dexterity Potion"},{"floor":42,"key":"Energy Potion"}],"is_trial":false,"path_per_floor":["M","M","?","M","M","E","R","?","T","R","M","$","E","M","R","B",null,"M","M","$","M","?","R","E","$","T","R","M","E","?","M","R","B",null,"M","$","M","M","M","E","R","E","T","E","?","?","$","M","R","B",null],"character_chosen":"DEFECT","items_purchased":["ClockworkSouvenir","Defragment","Coolheaded","Capacitor","Echo Form","Blizzard","Anchor"],"campfire_rested":4,"item_purchase_floors":[12,20,25,36,47,47,47],"current_hp_per_floor":[54,54,54,54,40,25,25,25,25,47,47,47,30,29,51,12,59,58,60,60,65,65,65,52,52,52,52,41,41,41,48,48,33,65,65,65,59,66,56,28,50,57,57,49,56,56,56,20,42,56],"gold":81,"neow_bonus":"ONE_RARE_RELIC","is_prod":false,"is_daily":false,"chose_seed":false,"campfire_upgraded":4,"win_rate":0,"timestamp":1561569521,"path_taken":["M","M","?","?","M","E","R","?","T","R","M","$","E","M","R","BOSS","M","?","$","M","?","R","E","$","T","R","M","E","?","M","R","BOSS","M","$","M","M","M","E","R","E","T","E","?","?","?","?","R","BOSS"],"build_version":"2019-01-23","purchased_purges":1,"victory":true,"max_hp_per_floor":[75,75,75,75,75,75,75,75,75,75,75,75,75,75,75,75,75,75,75,75,75,75,75,75,75,75,75,75,75,75,75,75,75,75,75,75,75,75,75,75,75,75,75,75,75,75,75,75,75,75],"card_choices":[{"not_picked":["Rebound","Stack"],"picked":"Cold Snap","floor":1},{"not_picked":["Redo","Stack"],"picked":"Steam","floor":2},{"not_picked":["Compile Driver","Sweeping Beam"],"picked":"Cold Snap","floor":4},{"not_picked":["Turbo","Barrage"],"picked":"Coolheaded","floor":5},{"not_picked":["Sweeping Beam","Meteor Strike"],"picked":"Genetic Algorithm","floor":6},{"not_picked":["BootSequence","Undo","Steam"],"picked":"SKIP","floor":11},{"not_picked":["Scrape","Redo","Compile Driver"],"picked":"SKIP","floor":13},{"not_picked":["Ball Lightning","Recycle"],"picked":"Self Repair","floor":14},{"not_picked":["Core Surge","Fission"],"picked":"Biased Cognition","floor":16},{"not_picked":["Barrage+1","Cold Snap","Reprogram+1"],"picked":"SKIP","floor":18},{"not_picked":["Sweeping Beam","Go for the Eyes"],"picked":"Storm","floor":19},{"not_picked":["Hello World","Heatsinks"],"picked":"Turbo+1","floor":21},{"not_picked":["Conserve Battery","Steam Power"],"picked":"Darkness+1","floor":24},{"not_picked":["Hello World+1","Leap+1"],"picked":"Lockon","floor":28},{"not_picked":["Go for the Eyes","Streamline"],"picked":"Consume","floor":29},{"not_picked":["Coolheaded","Stack"],"picked":"Glacier","floor":31},{"not_picked":["Meteor Strike","Machine Learning"],"picked":"Buffer","floor":33},{"not_picked":["Skim+1","Leap+1","Go for the Eyes+1"],"picked":"SKIP","floor":35},{"not_picked":["Streamline","Leap","Conserve Battery"],"picked":"SKIP","floor":37},{"not_picked":["Capacitor+1","Undo+1"],"picked":"Reinforced Body+1","floor":38},{"not_picked":["Stack","Recycle+1"],"picked":"Static Discharge+1","floor":39},{"not_picked":["Lockon","White Noise+1"],"picked":"Creative AI","floor":40},{"not_picked":["Streamline+1","Undo+1"],"picked":"Sweeping Beam","floor":41},{"not_picked":["Steam","Barrage+1","Ball Lightning"],"picked":"SKIP","floor":42},{"not_picked":["Sweeping Beam+1","Stack+1","Gash"],"picked":"SKIP","floor":44},{"not_picked":["Rip and Tear","Reprogram+1"],"picked":"White Noise+1","floor":45},{"not_picked":["Sweeping Beam","Consume+1"],"picked":"Blizzard+1","floor":48}],"player_experience":285117,"relics_obtained":[{"floor":6,"key":"Pen Nib"},{"floor":9,"key":"Boot"},{"floor":13,"key":"Centennial Puzzle"},{"floor":24,"key":"Dream Catcher"},{"floor":26,"key":"Cables"},{"floor":29,"key":"Ice Cream"},{"floor":29,"key":"Kunai"},{"floor":30,"key":"WingedGreaves"},{"floor":40,"key":"PreservedInsect"},{"floor":40,"key":"Oddly Smooth Stone"},{"floor":42,"key":"Mercury Hourglass"},{"floor":42,"key":"Toxic Egg 2"},{"floor":43,"key":"StoneCalendar"},{"floor":44,"key":"Symbiotic Virus"},{"floor":44,"key":"DataDisk"},{"floor":45,"key":"Shovel"}],"event_choices":[{"cards_removed":["Strike_B"],"damage_healed":0,"gold_gain":0,"player_choice":"Offered Basic","damage_taken":0,"max_hp_gain":0,"max_hp_loss":0,"event_name":"Bonfire Elementals","floor":3,"gold_loss":0},{"cards_removed":["Strike_B"],"damage_healed":0,"gold_gain":0,"player_choice":"Purged","damage_taken":0,"max_hp_gain":0,"max_hp_loss":0,"event_name":"Purifier","floor":8,"gold_loss":0},{"damage_healed":0,"gold_gain":0,"player_choice":"Ignored","damage_taken":0,"max_hp_gain":0,"max_hp_loss":0,"event_name":"Beggar","floor":22,"gold_loss":0},{"damage_healed":0,"gold_gain":0,"player_choice":"Relic","damage_taken":0,"max_hp_gain":0,"max_hp_loss":0,"event_name":"Wheel of Change","floor":30,"gold_loss":0},{"damage_healed":0,"gold_gain":0,"player_choice":"Fight","damage_taken":0,"max_hp_gain":0,"max_hp_loss":0,"event_name":"MindBloom","floor":45,"gold_loss":0},{"damage_healed":0,"gold_gain":0,"player_choice":"Ignored","damage_taken":0,"max_hp_gain":0,"max_hp_loss":0,"event_name":"Tomb of Lord Red Mask","floor":46,"gold_loss":0}],"is_beta":false,"boss_relics":[{"not_picked":["Tiny House","Lizard Tail"],"picked":"Black Star"},{"not_picked":["White Beast Statue","Nuclear Battery"],"picked":"Inserter"}],"items_purged_floors":[20],"is_endless":false,"potions_floor_spawned":[2,4,5,13,19,28,29,33,38,42],"ascension_level":5}