{"gold_per_floor":[118,131,131,142,142,142,156,183,195,207,12,27,54,67,67,170,170,183,202,219,219],"floor_reached":21,"playtime":1063,"items_purged":[],"score":273,"play_id":"fed4fb2d-fec3-4638-9155-178dce7d3843","local_time":"20190613181415","is_ascension_mode":true,"campfire_choices":[{"data":"Ball Lightning","floor":6,"key":"SMITH"},{"data":"Buffer","floor":10,"key":"SMITH"},{"floor":15,"key":"REST"}],"neow_cost":"NONE","seed_source_timestamp":163493261071900,"circlet_count":0,"master_deck":["Strike_B","Strike_B","Strike_B","Strike_B","Defend_B","Defend_B","Defend_B","Defend_B","Zap+1","Dualcast","Storm","Conserve Battery","Ball Lightning+1","White Noise","Buffer+1","Hologram","Barrage","Compile Driver","Core Surge","Chill","Coolheaded"],"relics":["Cracked Core","MawBank","PreservedInsect","Runic Capacitor","Bottled Tornado","Black Star"],"potions_floor_usage":[12,16,16],"damage_taken":[{"damage":0,"enemies":"Cultist","floor":1,"turns":4},{"damage":2,"enemies":"2 Louse","floor":2,"turns":2},{"damage":2,"enemies":"Jaw Worm","floor":4,"turns":3},{"damage":7,"enemies":"Exordium Thugs","floor":7,"turns":4},{"damage":10,"enemies":"3 Sentries","floor":8,"turns":5},{"damage":33,"enemies":"Gremlin Gang","floor":12,"turns":5},{"damage":0,"enemies":"Gremlin Nob","floor":13,"turns":3},{"damage":29,"enemies":"Lots of Slimes","floor":14,"turns":3},{"damage":28,"enemies":"The Guardian","floor":16,"turns":10},{"damage":15,"enemies":"Spheric Guardian","floor":18,"turns":5},{"damage":33,"enemies":"3 Byrds","floor":19,"turns":4},{"damage":8,"enemies":"Cultist and Chosen","floor":20,"turns":6},{"damage":12,"enemies":"Chosen and Byrds","floor":21,"turns":1}],"seed_played":"3885527736684927721","potions_obtained":[{"floor":2,"key":"Poison Potion"},{"floor":7,"key":"SkillPotion"},{"floor":12,"key":"EntropicBrew"},{"floor":16,"key":"Weak Potion"}],"is_trial":false,"path_per_floor":["M","M","?","M","?","R","M","E","T","R","$","M","E","M","R","B",null,"M","M","M","M"],"character_chosen":"DEFECT","items_purchased":["Runic Capacitor"],"campfire_rested":1,"item_purchase_floors":[11],"current_hp_per_floor":[82,80,85,83,83,83,76,66,66,66,66,33,33,4,30,2,66,51,18,10,0],"gold":219,"neow_bonus":"TEN_PERCENT_HP_BONUS","is_prod":false,"is_daily":false,"chose_seed":false,"campfire_upgraded":2,"win_rate":0,"timestamp":1560464055,"path_taken":["M","?","?","M","?","R","?","E","T","R","$","M","E","M","R","BOSS","M","M","M","?"],"build_version":"2019-01-23","purchased_purges":0,"victory":false,"max_hp_per_floor":[82,82,87,87,87,87,87,87,87,87,87,87,87,87,87,87,87,87,87,87,87],"card_choices":[{"not_picked":["Steam","Compile Driver"],"picked":"Storm","floor":1},{"not_picked":["Redo","Turbo"],"picked":"Conserve Battery","floor":2},{"not_picked":["Redo","Go for the Eyes"],"picked":"Ball Lightning","floor":4},{"not_picked":["Ball Lightning","Storm"],"picked":"White Noise","floor":7},{"not_picked":["BootSequence","Redo"],"picked":"Buffer","floor":8},{"not_picked":["Blizzard","Turbo"],"picked":"Hologram","floor":12},{"not_picked":["Reinforced Body","Heatsinks"],"picked":"Barrage","floor":13},{"not_picked":["Double Energy","Chill"],"picked":"Compile Driver","floor":14},{"not_picked":["Amplify","Meteor Strike"],"picked":"Core Surge","floor":16},{"not_picked":["Sweeping Beam","Capacitor+1"],"picked":"Chill","floor":18},{"not_picked":["Hologram","Melter+1","Stack+1"],"picked":"SKIP","floor":19},{"not_picked":["Genetic Algorithm","Redo"],"picked":"Coolheaded","floor":20}],"player_experience":255768,"relics_obtained":[{"floor":8,"key":"MawBank"},{"floor":9,"key":"PreservedInsect"},{"floor":13,"key":"Bottled Tornado"}],"event_choices":[{"damage_healed":0,"gold_gain":0,"player_choice":"Donut","damage_taken":0,"max_hp_gain":5,"max_hp_loss":0,"event_name":"Big Fish","floor":3,"gold_loss":0},{"damage_healed":0,"gold_gain":0,"player_choice":"Upgraded","damage_taken":0,"max_hp_gain":0,"max_hp_loss":0,"event_name":"Upgrade Shrine","floor":5,"gold_loss":0,"cards_upgraded":["Zap"]}],"is_beta":false,"boss_relics":[{"not_picked":["Empty Cage","Tiny House"],"picked":"Black Star"}],"items_purged_floors":[],"is_endless":false,"potions_floor_spawned":[2,7,12,16],"killed_by":"Chosen and Byrds","ascension_level":5}