{"gold_per_floor":[119,133,153,168,51,81,81,109,109,135,35,35,35,35,35,108,108,121,121],"floor_reached":19,"playtime":1035,"items_purged":["Strike_G","Strike_G"],"score":370,"play_id":"29bb5df0-b698-4565-a49d-5241e23fb033","local_time":"20190629091942","is_ascension_mode":true,"campfire_choices":[{"data":"Neutralize","floor":7.0,"key":"SMITH"},{"floor":13.0,"key":"REST"},{"data":"Well Laid Plans","floor":15.0,"key":"SMITH"}],"neow_cost":"NONE","seed_source_timestamp":820934948002100,"circlet_count":0,"master_deck":["AscendersBane","Defend_G","Defend_G","Defend_G","Defend_G","Defend_G","Strike_G+1","Strike_G+1","Survivor","Neutralize+1","Dagger Throw","Dash","Well Laid Plans+1","Footwork","Infinite Blades","Dash","PiercingWail","Noxious Fumes","Burst","Bane","Backflip","Flying Knee+1"],"special_seed":0,"relics":["Ring of the Snake","PreservedInsect","Juzu Bracelet","Whetstone","Shuriken","Nunchaku","Orrery"],"potions_floor_usage":[18,19],"damage_taken":[{"damage":7.0,"enemies":"Small Slimes","floor":1.0,"turns":5.0},{"damage":4.0,"enemies":"Jaw Worm","floor":2.0,"turns":5.0},{"damage":1.0,"enemies":"Cultist","floor":3.0,"turns":4.0},{"damage":3.0,"enemies":"Blue Slaver","floor":4.0,"turns":5.0},{"damage":18.0,"enemies":"Gremlin Nob","floor":6.0,"turns":4.0},{"damage":20.0,"enemies":"3 Sentries","floor":8.0,"turns":7.0},{"damage":1.0,"enemies":"Lagavulin","floor":10.0,"turns":5.0},{"damage":2.0,"enemies":"Hexaghost","floor":16.0,"turns":11.0},{"damage":36,"enemies":"Spheric Guardian","floor":18,"turns":6},{"damage":19,"enemies":"3 Byrds","floor":19,"turns":5}],"seed_played":"-1979906925143433300","potions_obtained":[{"floor":1.0,"key":"SpeedPotion"},{"floor":8.0,"key":"AttackPotion"},{"floor":10.0,"key":"FearPotion"},{"floor":16.0,"key":"Weak Potion"},{"floor":18,"key":"EssenceOfSteel"}],"is_trial":false,"path_per_floor":["M","M","M","M","$","E","R","E","T","E","$","?","R","?","R","B",null,"M","M"],"character_chosen":"THE_SILENT","items_purchased":["Infinite Blades"],"campfire_rested":1,"item_purchase_floors":[5],"current_hp_per_floor":[52,48,47,44,44,26,26,6,6,5,5,5,24,24,24,22,55,19,0],"gold":121,"neow_bonus":"RANDOM_COMMON_RELIC","is_prod":false,"is_daily":false,"chose_seed":false,"campfire_upgraded":2,"win_rate":0,"timestamp":1561767582,"path_taken":["M","M","M","M","$","E","R","E","T","E","$","?","R","?","R","BOSS","M","M"],"build_version":"2019-01-23","purchased_purges":2,"victory":false,"max_hp_per_floor":[66,66,66,66,66,66,66,66,66,66,66,66,66,66,66,66,66,66,66],"card_choices":[{"not_picked":["Flechettes","Choke"],"picked":"Dagger Throw","floor":1.0},{"not_picked":["Dagger Spray","Distraction"],"picked":"Dash","floor":2.0},{"not_picked":["Flying Knee","Prepared"],"picked":"Well Laid Plans","floor":3.0},{"not_picked":["Bane","Caltrops"],"picked":"Footwork","floor":4.0},{"not_picked":["Dagger Throw","Flechettes"],"picked":"Dash","floor":6.0},{"not_picked":["Dagger Throw","Quick Slash"],"picked":"PiercingWail","floor":8.0},{"not_picked":["Dagger Spray","Quick Slash"],"picked":"Noxious Fumes","floor":10.0},{"not_picked":["Storm of Steel","Doppelganger"],"picked":"Burst","floor":16.0},{"not_picked":["Sucker Punch","Acrobatics"],"picked":"Bane","floor":17.0},{"not_picked":["Finisher","Accuracy"],"picked":"Backflip","floor":17.0},{"not_picked":["Quick Slash","Dagger Throw"],"picked":"Flying Knee+1","floor":18}],"player_experience":1039199,"relics_obtained":[{"floor":6.0,"key":"Juzu Bracelet"},{"floor":8.0,"key":"Whetstone"},{"floor":9.0,"key":"Shuriken"},{"floor":10.0,"key":"Nunchaku"}],"event_choices":[{"damage_healed":0.0,"max_hp_gain":0.0,"max_hp_loss":0.0,"gold_gain":0.0,"event_name":"Shining Light","player_choice":"Ignored","floor":12.0,"gold_loss":0.0,"damage_taken":0.0},{"cards_removed":["Strike_G"],"damage_healed":0.0,"max_hp_gain":0.0,"max_hp_loss":0.0,"gold_gain":0.0,"event_name":"Wheel of Change","player_choice":"Card Removal","floor":14.0,"gold_loss":0.0,"damage_taken":0.0}],"is_beta":false,"boss_relics":[{"not_picked":["Cursed Key","Velvet Choker"],"picked":"Orrery"}],"items_purged_floors":[5,11],"is_endless":false,"potions_floor_spawned":[1,8,10,16,18],"killed_by":"3 Byrds","ascension_level":20}