{"gold_per_floor":[118,132,149,162,19,19,30,48,48,48,65,96,109,129,129,227,227,227],"floor_reached":18,"playtime":1328,"items_purged":["Strike_G"],"score":168,"play_id":"899bb69b-484d-41b6-b8c1-d5f3e9001824","local_time":"20181027133306","is_ascension_mode":false,"campfire_choices":[{"data":"Noxious Fumes","floor":6,"key":"SMITH"},{"floor":15,"key":"REST"}],"neow_cost":"CURSE","seed_source_timestamp":1478129565249071,"circlet_count":0,"master_deck":["Defend_G","Defend_G","Defend_G","Defend_G","Defend_G","Strike_G","Strike_G","Strike_G","Strike_G","Survivor","Neutralize","Shame","Noxious Fumes+1","Deflect","Infinite Blades","Night Terror","Accuracy","Dodge and Roll","Escape Plan","Accuracy","Infinite Blades","After Image"],"relics":["Ring of the Snake","Dead Branch","Bottled Flame","Letter Opener","Philosopher\u0027s Stone"],"potions_floor_usage":[14],"damage_taken":[{"damage":0,"enemies":"Cultist","floor":1,"turns":4},{"damage":4,"enemies":"Jaw Worm","floor":2,"turns":5},{"damage":0,"enemies":"Small Slimes","floor":3,"turns":5},{"damage":2,"enemies":"Blue Slaver","floor":4,"turns":5},{"damage":0,"enemies":"2 Fungi Beasts","floor":7,"turns":4},{"damage":5,"enemies":"Exordium Wildlife","floor":8,"turns":4},{"damage":22,"enemies":"3 Louse","floor":11,"turns":6},{"damage":1,"enemies":"Lagavulin","floor":12,"turns":5},{"damage":9,"enemies":"Blue Slaver","floor":13,"turns":4},{"damage":9,"enemies":"Exordium Wildlife","floor":14,"turns":6},{"damage":21,"enemies":"Hexaghost","floor":16,"turns":8},{"damage":34,"enemies":"3 Byrds","floor":18,"turns":2}],"seed_played":"-6949988518135533117","potions_obtained":[{"floor":2,"key":"Strength Potion"},{"floor":7,"key":"SpeedPotion"},{"floor":8,"key":"Swift Potion"},{"floor":14,"key":"GamblersBrew"}],"is_trial":false,"path_per_floor":["M","M","M","M","$","R","M","M","T","?","M","E","M","M","R","B",null],"character_chosen":"THE_SILENT","items_purchased":["Accuracy"],"campfire_rested":1,"item_purchase_floors":[5],"current_hp_per_floor":[70,66,66,64,64,64,64,59,59,59,37,36,27,18,39,18,70,36],"gold":227,"neow_bonus":"ONE_RARE_RELIC","is_prod":false,"is_daily":false,"chose_seed":false,"campfire_upgraded":1,"win_rate":0,"timestamp":1540661586,"path_taken":["M","M","?","M","$","R","M","M","T","?","?","E","M","M","R","BOSS","M"],"build_version":"2018-10-25v2","purchased_purges":1,"victory":false,"max_hp_per_floor":[70,70,70,70,70,70,70,70,70,70,70,70,70,70,70,70,70,70],"card_choices":[{"not_picked":["Dodge and Roll","Blade Dance"],"picked":"Noxious Fumes","floor":1},{"not_picked":["Quick Slash","Underhanded Strike"],"picked":"Deflect","floor":2},{"not_picked":["PiercingWail","Tactician"],"picked":"Infinite Blades","floor":3},{"not_picked":["Caltrops","PiercingWail"],"picked":"Night Terror","floor":4},{"not_picked":["Riddle With Holes","Backflip"],"picked":"Dodge and Roll","floor":7},{"not_picked":["Choke","Poisoned Stab"],"picked":"Escape Plan","floor":8},{"not_picked":["Poisoned Stab","Choke"],"picked":"Accuracy","floor":11},{"not_picked":["Quick Slash","Sucker Punch"],"picked":"Infinite Blades","floor":12},{"not_picked":["Prepared","All Out Attack","Burst"],"picked":"SKIP","floor":13},{"not_picked":["Crippling Poison","Dagger Spray","Acrobatics"],"picked":"SKIP","floor":14},{"not_picked":["Tools of the Trade","Burst"],"picked":"After Image","floor":16}],"player_experience":93870,"relics_obtained":[{"floor":9,"key":"Bottled Flame"},{"floor":12,"key":"Letter Opener"}],"event_choices":[{"damage_healed":0,"gold_gain":0,"player_choice":"0 cards matched","damage_taken":0,"max_hp_gain":0,"max_hp_loss":0,"event_name":"Match and Keep!","floor":10,"gold_loss":0,"cards_obtained":[]}],"is_beta":false,"boss_relics":[{"not_picked":["Velvet Choker","Fusion Hammer"],"picked":"Philosopher\u0027s Stone"}],"items_purged_floors":[5],"is_endless":false,"potions_floor_spawned":[2,7,8,13,14],"killed_by":"3 Byrds","ascension_level":0}