{"gold_per_floor":[113,113,113,127,9,36,36,50,73,101,101,1,16,45,45,145,145,157,175,65,65,75,75,75,350,373,373,393,393,428,70,70,70],"floor_reached":33,"playtime":3234,"items_purged":[],"score":320,"play_id":"cfdbdc82-580b-4bc8-82d1-79f1bf294ffb","local_time":"20190216114209","is_ascension_mode":true,"campfire_choices":[{"floor":7,"key":"REST"},{"floor":11,"key":"REST"},{"floor":15,"key":"REST"},{"floor":23,"key":"REST"},{"floor":27,"key":"DIG"},{"floor":29,"key":"REST"},{"floor":32,"key":"DIG"}],"neow_cost":"NONE","seed_source_timestamp":693256820746800,"circlet_count":0,"master_deck":["Strike_R","Strike_R","Strike_R","Strike_R","Defend_R","Defend_R","Defend_R","Defend_R","Bash","Infernal Blade+1","Cleave","Combust","Wild Strike","Impatience","Fiend Fire","Havoc","Infernal Blade","Shrug It Off","Burning Pact","Feed","Flex","Reaper","Clumsy","Normality","Injury","Whirlwind+1","Metallicize","Inflame","Carnage","Anger","Regret","Ghostly Armor+1","Twin Strike","Sever Soul","Feel No Pain","Dramatic Entrance"],"relics":["Burning Blood","Bronze Scales","Potion Belt","Vajra","Blue Candle","Ginger","Calling Bell","Smiling Mask","Mercury Hourglass","Shovel","Art of War","Dream Catcher","Calipers","Torii","Lee\u0027s Waffle","StoneCalendar"],"potions_floor_usage":[6,16,16,33,33,33],"damage_taken":[{"damage":4,"enemies":"Small Slimes","floor":1,"turns":3},{"damage":5,"enemies":"2 Louse","floor":4,"turns":2},{"damage":34,"enemies":"Lagavulin","floor":6,"turns":5},{"damage":7,"enemies":"Cultist","floor":8,"turns":3},{"damage":29,"enemies":"Gremlin Nob","floor":10,"turns":4},{"damage":19,"enemies":"2 Fungi Beasts","floor":13,"turns":2},{"damage":25,"enemies":"3 Sentries","floor":14,"turns":4},{"damage":58,"enemies":"Hexaghost","floor":16,"turns":10},{"damage":29,"enemies":"3 Byrds","floor":18,"turns":3},{"damage":15,"enemies":"Shell Parasite","floor":19,"turns":4},{"damage":31,"enemies":"Centurion and Healer","floor":22,"turns":5},{"damage":20,"enemies":"Snecko","floor":28,"turns":4},{"damage":43,"enemies":"Slavers","floor":30,"turns":3},{"damage":100,"enemies":"Champ","floor":33,"turns":7}],"seed_played":"2655715681436369862","potions_obtained":[{"floor":4,"key":"Strength Potion"},{"floor":6,"key":"AttackPotion"},{"floor":8,"key":"Dexterity Potion"},{"floor":14,"key":"PowerPotion"},{"floor":18,"key":"AttackPotion"},{"floor":30,"key":"Energy Potion"}],"is_trial":false,"path_per_floor":["M","?","?","M","$","E","R","M","T","E","R","$","M","E","R","B",null,"M","M","$","?","M","R","T","?","T","R","M","R","E","$","R","B"],"character_chosen":"IRONCLAD","items_purchased":["Wild Strike","Impatience","Shrug It Off","Burning Pact","Inflame","Carnage","Lee\u0027s Waffle","Feel No Pain","Dramatic Entrance"],"campfire_rested":5,"item_purchase_floors":[5,5,12,12,20,20,31,31,31],"current_hp_per_floor":[80,80,80,80,80,52,76,75,75,52,76,76,63,47,71,19,83,60,51,51,51,26,50,50,50,50,50,36,60,38,90,90,0],"gold":70,"neow_bonus":"RANDOM_COMMON_RELIC","is_prod":false,"is_daily":false,"chose_seed":false,"campfire_upgraded":0,"win_rate":0,"timestamp":1550317329,"path_taken":["M","?","?","M","$","E","R","M","T","E","R","$","M","E","R","BOSS","M","M","?","?","M","R","?","?","T","R","M","R","E","$","R","BOSS"],"build_version":"2019-01-23","purchased_purges":0,"victory":false,"max_hp_per_floor":[80,80,80,80,80,80,80,80,80,80,80,80,80,83,83,83,83,83,83,83,83,83,83,83,83,83,83,83,83,83,90,90,90],"card_choices":[{"not_picked":["Wild Strike","Power Through"],"picked":"Infernal Blade","floor":1},{"not_picked":["Iron Wave","Dropkick"],"picked":"Combust","floor":4},{"not_picked":["Rage","Sword Boomerang"],"picked":"Fiend Fire","floor":6},{"not_picked":["Clothesline","Heavy Blade"],"picked":"Havoc","floor":8},{"not_picked":["Pummel","Anger"],"picked":"Infernal Blade","floor":10},{"not_picked":["Warcry","Clothesline"],"picked":"Feed","floor":13},{"not_picked":["Pommel Strike","Wild Strike"],"picked":"Flex","floor":14},{"not_picked":["Demon Form","Immolate"],"picked":"Reaper","floor":16},{"not_picked":["Clash+1","Corruption"],"picked":"Whirlwind+1","floor":18},{"not_picked":["Anger","Headbutt"],"picked":"Metallicize","floor":19},{"not_picked":["Corruption","Bloodletting+1"],"picked":"Anger","floor":22},{"not_picked":["Evolve","Flame Barrier"],"picked":"Ghostly Armor+1","floor":28},{"not_picked":["Thunderclap","Spot Weakness"],"picked":"Twin Strike","floor":29},{"not_picked":["Shrug It Off","Warcry+1"],"picked":"Sever Soul","floor":30}],"player_experience":97594,"relics_obtained":[{"floor":6,"key":"Potion Belt"},{"floor":9,"key":"Vajra"},{"floor":10,"key":"Blue Candle"},{"floor":14,"key":"Ginger"},{"floor":17,"key":"Smiling Mask"},{"floor":17,"key":"Mercury Hourglass"},{"floor":17,"key":"Shovel"},{"floor":24,"key":"Art of War"},{"floor":26,"key":"Dream Catcher"},{"floor":27,"key":"Calipers"},{"floor":30,"key":"Torii"},{"floor":32,"key":"StoneCalendar"}],"event_choices":[{"damage_healed":0,"gold_gain":0,"player_choice":"Grow","damage_taken":0,"max_hp_gain":0,"max_hp_loss":0,"event_name":"Living Wall","floor":2,"gold_loss":0,"cards_upgraded":["Infernal Blade"]},{"damage_healed":0,"gold_gain":0,"cards_transformed":["Strike_R"],"player_choice":"Transformed","damage_taken":0,"max_hp_gain":0,"max_hp_loss":0,"event_name":"Transmorgrifier","floor":3,"gold_loss":0,"cards_obtained":["Cleave"]},{"damage_healed":0,"gold_gain":0,"player_choice":"Ignored","damage_taken":0,"max_hp_gain":0,"max_hp_loss":0,"event_name":"Beggar","floor":21,"gold_loss":0},{"damage_healed":0,"gold_gain":275,"player_choice":"Desecrate","damage_taken":0,"max_hp_gain":0,"max_hp_loss":0,"event_name":"Golden Shrine","floor":25,"gold_loss":0,"cards_obtained":["Regret"]}],"is_beta":false,"boss_relics":[{"not_picked":["Velvet Choker","Philosopher\u0027s Stone"],"picked":"Calling Bell"}],"items_purged_floors":[],"is_endless":false,"potions_floor_spawned":[4,6,8,14,18,30],"killed_by":"Champ","ascension_level":1}