{"gold_per_floor":[114,114,129,129,144,174,189,204,204,204,234,234,264,279,279,379,379,394,319,418,433,348,378,393,408,483,74,74,89,104,54,54,54],"floor_reached":33,"playtime":5079,"items_purged":[],"score":289,"play_id":"32aa5246-1ab2-43b4-a5a7-28779945437e","local_time":"20190408211723","daily_mods":["Draft","ControlledChaos","Night Terrors"],"is_ascension_mode":false,"campfire_choices":[{"data":"Inflame","floor":10,"key":"SMITH"},{"data":"Fire Breathing","floor":15,"key":"SMITH"},{"data":"Corruption","floor":32,"key":"SMITH"}],"neow_cost":"","seed_source_timestamp":0,"circlet_count":0,"master_deck":["Perfected Strike","Ghostly Armor","Headbutt","Shrug It Off","Inflame+1","Sever Soul","Shrug It Off","Rage","Heavy Blade","Dropkick","Shrug It Off","Pummel","Fire Breathing+1","Seeing Red","Cleave","Sword Boomerang","Feel No Pain","Metallicize","Sword Boomerang","Iron Wave","Cleave","Ghostly Armor","Cleave","Immolate","True Grit","Twin Strike","Thunderclap","Rupture+1","Impervious","Corruption+1","Intimidate","Necronomicurse","Flex","Inflame"],"special_seed":17994,"relics":["Burning Blood","Frozen Eye","Orichalcum","The Courier","Juzu Bracelet","Meat on the Bone","Vajra","White Beast Statue","Bag of Preparation","Mercury Hourglass","Bottled Lightning","Dodecahedron","Bag of Marbles","Necronomicon"],"potions_floor_usage":[7,11,11,13,14,16,23,23,24,25,33,33,33],"damage_taken":[{"damage":3,"enemies":"Jaw Worm","floor":1,"turns":3},{"damage":7,"enemies":"2 Louse","floor":3,"turns":3},{"damage":3,"enemies":"Small Slimes","floor":5,"turns":3},{"damage":15,"enemies":"Gremlin Nob","floor":6,"turns":4},{"damage":2,"enemies":"Red Slaver","floor":7,"turns":2},{"damage":0,"enemies":"Exordium Thugs","floor":8,"turns":4},{"damage":8,"enemies":"3 Sentries","floor":11,"turns":4},{"damage":13,"enemies":"Lagavulin","floor":13,"turns":6},{"damage":1,"enemies":"Exordium Wildlife","floor":14,"turns":2},{"damage":31,"enemies":"The Guardian","floor":16,"turns":7},{"damage":2,"enemies":"Spheric Guardian","floor":18,"turns":3},{"damage":2,"enemies":"Chosen","floor":21,"turns":4},{"damage":10,"enemies":"Book of Stabbing","floor":23,"turns":6},{"damage":6,"enemies":"3 Cultists","floor":24,"turns":3},{"damage":13,"enemies":"Sentry and Sphere","floor":25,"turns":4},{"damage":0,"enemies":"Centurion and Healer","floor":29,"turns":2},{"damage":15,"enemies":"Snake Plant","floor":30,"turns":2},{"damage":72,"enemies":"Automaton","floor":33,"turns":6}],"seed_played":"-2695250490538151915","potions_obtained":[{"floor":1,"key":"LiquidBronze"},{"floor":6,"key":"AttackPotion"},{"floor":7,"key":"EssenceOfSteel"},{"floor":11,"key":"Weak Potion"},{"floor":13,"key":"Explosive Potion"},{"floor":14,"key":"Strength Potion"},{"floor":18,"key":"Block Potion"},{"floor":21,"key":"Block Potion"},{"floor":23,"key":"PowerPotion"},{"floor":24,"key":"Ancient Potion"},{"floor":25,"key":"Dexterity Potion"},{"floor":29,"key":"EssenceOfSteel"},{"floor":30,"key":"PowerPotion"}],"is_trial":false,"path_per_floor":["M","?","M","?","M","E","M","M","T","R","E","T","E","M","R","B",null,"M","?","?","M","?","E","M","M","T","$","?","M","M","?","R","B"],"character_chosen":"IRONCLAD","items_purchased":["Dodecahedron","Bag of Marbles","Corruption","Intimidate"],"campfire_rested":0,"item_purchase_floors":[27,27,27,27],"current_hp_per_floor":[80,80,79,79,80,71,75,80,80,80,78,78,71,76,76,51,80,80,80,80,80,80,76,76,69,69,69,53,59,50,50,50,0],"gold":54,"neow_bonus":"","is_prod":false,"is_daily":true,"chose_seed":false,"campfire_upgraded":3,"win_rate":0,"timestamp":1554754643,"path_taken":["M","?","M","?","M","E","M","M","T","R","E","?","E","M","R","BOSS","M","?","?","M","?","E","M","M","T","?","?","M","M","?","R","BOSS"],"build_version":"2019-01-23","purchased_purges":0,"victory":false,"max_hp_per_floor":[80,80,80,80,80,80,80,80,80,80,80,80,80,80,80,80,80,80,80,80,80,80,80,80,80,80,80,80,80,80,80,80,80],"card_choices":[{"not_picked":["Power Through","Body Slam"],"picked":"Perfected Strike","floor":0},{"not_picked":["Perfected Strike","Body Slam"],"picked":"Ghostly Armor","floor":0},{"not_picked":["Heavy Blade","Anger"],"picked":"Headbutt","floor":0},{"not_picked":["Armaments","Iron Wave"],"picked":"Shrug It Off","floor":0},{"not_picked":["True Grit","Headbutt"],"picked":"Inflame","floor":0},{"not_picked":["Evolve","Thunderclap"],"picked":"Shockwave","floor":0},{"not_picked":["Evolve","Headbutt"],"picked":"Sever Soul","floor":0},{"not_picked":["Havoc","Clash"],"picked":"Shrug It Off","floor":0},{"not_picked":["Headbutt","Heavy Blade"],"picked":"Rage","floor":0},{"not_picked":["Disarm","Rupture"],"picked":"Heavy Blade","floor":0},{"not_picked":["Second Wind","Dual Wield"],"picked":"Dropkick","floor":0},{"not_picked":["Power Through","Clash"],"picked":"Shrug It Off","floor":0},{"not_picked":["Anger","Bloodletting"],"picked":"Pummel","floor":0},{"not_picked":["Shrug It Off","Sever Soul"],"picked":"Fire Breathing","floor":0},{"not_picked":["Warcry","Shrug It Off"],"picked":"Seeing Red","floor":0},{"not_picked":["Flex","Second Wind"],"picked":"Cleave","floor":1},{"not_picked":["Wild Strike","Sentinel"],"picked":"Sword Boomerang","floor":3},{"not_picked":["Infernal Blade","Thunderclap"],"picked":"Metallicize","floor":5},{"not_picked":["Armaments","Offering"],"picked":"Sword Boomerang","floor":6},{"not_picked":["Clothesline","Thunderclap"],"picked":"Iron Wave","floor":7},{"not_picked":["Carnage","Sword Boomerang"],"picked":"Cleave","floor":8},{"not_picked":["Evolve","Dropkick"],"picked":"Ghostly Armor","floor":11},{"not_picked":["Dropkick","Perfected Strike"],"picked":"Warcry","floor":13},{"not_picked":["Anger","Bloodletting"],"picked":"Cleave","floor":14},{"not_picked":["Offering","Impervious"],"picked":"Immolate","floor":16},{"not_picked":["Cleave","Uppercut"],"picked":"True Grit","floor":18},{"not_picked":["Flex","Battle Trance"],"picked":"Twin Strike","floor":21},{"not_picked":["Perfected Strike","Anger"],"picked":"Thunderclap","floor":23},{"not_picked":["True Grit","Clothesline"],"picked":"Rupture+1","floor":24},{"not_picked":["Dual Wield","Disarm"],"picked":"Impervious","floor":25},{"not_picked":["Armaments","Shrug It Off"],"picked":"Flex","floor":29},{"not_picked":["Body Slam","Immolate"],"picked":"Inflame","floor":30}],"player_experience":455647,"relics_obtained":[{"floor":6,"key":"Orichalcum"},{"floor":9,"key":"The Courier"},{"floor":11,"key":"Juzu Bracelet"},{"floor":12,"key":"Meat on the Bone"},{"floor":13,"key":"Vajra"},{"floor":23,"key":"Mercury Hourglass"},{"floor":26,"key":"Bottled Lightning"},{"floor":28,"key":"Necronomicon"}],"event_choices":[{"damage_healed":0,"gold_gain":0,"player_choice":"Leave","damage_taken":0,"max_hp_gain":0,"max_hp_loss":0,"event_name":"The Cleric","floor":2,"gold_loss":0},{"damage_healed":0,"gold_gain":0,"cards_transformed":["Shockwave"],"player_choice":"Change","damage_taken":0,"max_hp_gain":0,"max_hp_loss":0,"event_name":"Living Wall","floor":4,"gold_loss":0,"cards_obtained":["Feel No Pain"]},{"cards_removed":["Warcry"],"damage_healed":0,"gold_gain":0,"player_choice":"Gave Gold","damage_taken":0,"max_hp_gain":0,"max_hp_loss":0,"event_name":"Beggar","floor":19,"gold_loss":75},{"damage_healed":0,"gold_gain":99,"player_choice":"Stole From Cult","damage_taken":0,"max_hp_gain":0,"max_hp_loss":0,"event_name":"Nest","floor":20,"gold_loss":0},{"damage_healed":0,"gold_gain":0,"player_choice":"Obtained Relic","damage_taken":0,"relics_obtained":["Bag of Preparation"],"max_hp_gain":0,"max_hp_loss":0,"event_name":"Addict","floor":22,"gold_loss":85},{"damage_healed":0,"gold_gain":0,"player_choice":"Obtained Book","damage_taken":16,"max_hp_gain":0,"max_hp_loss":0,"event_name":"Cursed Tome","floor":28,"gold_loss":0},{"damage_healed":0,"gold_gain":0,"player_choice":"Bet on Murderer","damage_taken":0,"max_hp_gain":0,"max_hp_loss":0,"event_name":"The Joust","floor":31,"gold_loss":50}],"is_beta":false,"boss_relics":[{"not_picked":["Runic Pyramid","Astrolabe"],"picked":"White Beast Statue"}],"items_purged_floors":[],"is_endless":false,"potions_floor_spawned":[1,6,7,11,13,14,18,21,23,24,25,29,30],"killed_by":"Automaton","ascension_level":0}