{"gold_per_floor":[114,114,129,144,159,189,204,234,259,289,304,334,349,349,349,449,449,464,132,147,147,162,192,292,12,12,111,111,126,156,171,171,271,271,286,286,6,21,36,66,66,96,171,201,201,231,256,286,286,286],"floor_reached":51,"playtime":4976,"items_purged":[],"score":1165,"play_id":"0367547e-c66d-4b4e-ad5b-52dad48754a1","local_time":"20190407122926","daily_mods":["Insanity","Time Dilation","Elite Swarm"],"is_ascension_mode":false,"campfire_choices":[{"data":"Corruption","floor":15,"key":"SMITH"},{"data":"Brutality","floor":32,"key":"SMITH"},{"data":"Barricade","floor":45,"key":"SMITH"},{"data":"Demon Form","floor":49,"key":"SMITH"}],"neow_cost":"","seed_source_timestamp":0,"circlet_count":0,"master_deck":["Battle Trance","Power Through","Armaments","Armaments","Twin Strike","Burning Pact","Wild Strike","Disarm","Sever Soul","Shrug It Off","Warcry","Corruption+1","Heavy Blade","Cleave","Heavy Blade","Sever Soul","Feel No Pain","Clash","Dropkick","Armaments+1","Warcry","Rupture","Sever Soul","Perfected Strike","Body Slam","Perfected Strike","Flex","Battle Trance","Anger","Carnage","Iron Wave","Cleave","Dual Wield","Reckless Charge","Iron Wave","Twin Strike","Carnage","Cleave","Shrug It Off","Clothesline","Flex","Anger","Second Wind","Spot Weakness","Shrug It Off","Heavy Blade","Shockwave+1","Flame Barrier","Armaments","Combust","Feel No Pain","Cleave+1","Juggernaut","Cleave","Limit Break","Limit Break","Flex","Brutality+1","Iron Wave","Metallicize","Berserk","Fire Breathing+1","Seeing Red","Swift Strike","Swift Strike","Flex","Pummel+1","Infernal Blade","Barricade+1","Shrug It Off+1","Pummel+1","Juggernaut","Havoc+1","Dark Embrace","Iron Wave+1","Rage","Panacea","Panache","Dramatic Entrance+1","Fire Breathing","Combust","Corruption","Havoc+1","Combust","Demon Form+1","Immolate+1","Reaper+1","Barricade","Immolate+1"],"special_seed":17993,"relics":["Burning Blood","Red Skull","The Courier","Anchor","Oddly Smooth Stone","War Paint","Gambling Chip","Coffee Dripper","Lantern","Regal Pillow","Bird Faced Urn","Gremlin Horn","Membership Card","PreservedInsect","Happy Flower","Mummified Hand","Whetstone","Runic Cube","Molten Egg 2","Paper Frog","Ornamental Fan","Sundial","Singing Bowl","Art of War","Ancient Tea Set","Omamori"],"potions_floor_usage":[8,12,13,22,23,30,33,39,42,44,50,50],"damage_taken":[{"damage":3,"enemies":"Jaw Worm","floor":1,"turns":3},{"damage":0,"enemies":"Cultist","floor":3,"turns":4},{"damage":0,"enemies":"Small Slimes","floor":4,"turns":2},{"damage":2,"enemies":"2 Fungi Beasts","floor":5,"turns":3},{"damage":9,"enemies":"3 Sentries","floor":6,"turns":3},{"damage":1,"enemies":"Lots of Slimes","floor":7,"turns":3},{"damage":6,"enemies":"Lagavulin","floor":8,"turns":4},{"damage":16,"enemies":"Gremlin Nob","floor":10,"turns":3},{"damage":0,"enemies":"Looter","floor":11,"turns":2},{"damage":0,"enemies":"Lagavulin","floor":12,"turns":5},{"damage":2,"enemies":"Large Slime","floor":13,"turns":3},{"damage":42,"enemies":"Slime Boss","floor":16,"turns":8},{"damage":1,"enemies":"Chosen","floor":18,"turns":3},{"damage":4,"enemies":"3 Byrds","floor":20,"turns":3},{"damage":3,"enemies":"Cultist and Chosen","floor":22,"turns":4},{"damage":32,"enemies":"Slavers","floor":23,"turns":4},{"damage":2,"enemies":"Colosseum Slavers","floor":24,"turns":2},{"damage":1,"enemies":"Colosseum Nobs","floor":24,"turns":3},{"damage":9,"enemies":"Snecko","floor":29,"turns":3},{"damage":6,"enemies":"Book of Stabbing","floor":30,"turns":2},{"damage":2,"enemies":"Snake Plant","floor":31,"turns":2},{"damage":3,"enemies":"Collector","floor":33,"turns":4},{"damage":1,"enemies":"Orb Walker","floor":35,"turns":2},{"damage":3,"enemies":"3 Darklings","floor":38,"turns":3},{"damage":1,"enemies":"Jaw Worm Horde","floor":39,"turns":2},{"damage":5,"enemies":"Nemesis","floor":40,"turns":3},{"damage":8,"enemies":"Giant Head","floor":42,"turns":4},{"damage":9,"enemies":"Nemesis","floor":44,"turns":3},{"damage":9,"enemies":"Giant Head","floor":46,"turns":6},{"damage":36,"enemies":"Nemesis","floor":48,"turns":5},{"damage":63,"enemies":"Time Eater","floor":50,"turns":5}],"seed_played":"5152671457844222880","potions_obtained":[{"floor":1,"key":"Poison Potion"},{"floor":5,"key":"FearPotion"},{"floor":6,"key":"BloodPotion"},{"floor":11,"key":"Swift Potion"},{"floor":12,"key":"Block Potion"},{"floor":16,"key":"Swift Potion"},{"floor":24,"key":"PowerPotion"},{"floor":29,"key":"LiquidBronze"},{"floor":31,"key":"Regen Potion"},{"floor":33,"key":"Weak Potion"},{"floor":38,"key":"PowerPotion"},{"floor":40,"key":"SteroidPotion"},{"floor":48,"key":"Block Potion"}],"is_trial":false,"path_per_floor":["M","?","M","M","M","E","M","E","T","E","M","E","M","?","R","B",null,"M","$","M","?","M","E","?","$","T","?","?","M","E","M","R","B",null,"M","?","$","M","M","E","?","E","T","E","R","E","T","E","R","B",null],"character_chosen":"IRONCLAD","items_purchased":["Lantern","Seeing Red","Swift Strike","Swift Strike","Flex","Membership Card","PreservedInsect","Happy Flower","Panache","Molten Egg 2","Dramatic Entrance+1","Fire Breathing","Combust","Corruption"],"campfire_rested":0,"item_purchase_floors":[19,19,19,19,19,25,25,25,37,37,37,37,37,37],"current_hp_per_floor":[80,80,80,80,80,77,80,80,80,70,76,80,80,80,80,44,80,80,80,80,80,80,62,71,71,71,71,71,72,76,80,80,80,80,80,80,80,80,80,80,80,80,80,80,80,80,80,62,62,39],"gold":286,"neow_bonus":"","is_prod":false,"is_daily":true,"chose_seed":false,"campfire_upgraded":4,"win_rate":0,"timestamp":1554636566,"path_taken":["M","?","?","M","M","E","M","E","T","E","M","E","M","?","R","BOSS","M","?","M","?","?","E","?","$","T","?","?","M","E","M","R","BOSS","M","?","$","?","M","E","?","E","T","E","R","E","?","E","R","BOSS"],"build_version":"2019-01-23","purchased_purges":0,"victory":true,"max_hp_per_floor":[80,80,80,80,80,80,80,80,80,80,80,80,80,80,80,80,80,80,80,80,80,80,80,80,80,80,80,80,80,80,80,80,80,80,80,80,80,80,80,80,80,80,80,80,80,80,80,80,80,80],"card_choices":[{"not_picked":["Clash","Disarm"],"picked":"Armaments","floor":1},{"not_picked":["Clothesline","Pommel Strike"],"picked":"Combust","floor":3},{"not_picked":["Iron Wave","Havoc"],"picked":"Feel No Pain","floor":4},{"not_picked":["Uppercut","Shrug It Off"],"picked":"Cleave","floor":5},{"not_picked":["Dark Embrace","Bludgeon"],"picked":"Juggernaut","floor":6},{"not_picked":["Twin Strike","Dropkick"],"picked":"Cleave","floor":7},{"not_picked":["Dark Embrace","Offering"],"picked":"Limit Break","floor":8},{"not_picked":["Impervious","Offering"],"picked":"Limit Break","floor":10},{"not_picked":["Disarm","Shrug It Off"],"picked":"Flex","floor":11},{"not_picked":["Feed","Limit Break"],"picked":"Brutality","floor":12},{"not_picked":["Burning Pact","True Grit"],"picked":"Iron Wave","floor":13},{"not_picked":["Immolate","Brutality"],"picked":"Berserk","floor":16},{"not_picked":["Battle Trance","Infernal Blade+1"],"picked":"Fire Breathing+1","floor":18},{"not_picked":["Power Through+1","Rupture"],"picked":"Pummel","floor":20},{"not_picked":["Perfected Strike+1","Whirlwind"],"picked":"Infernal Blade","floor":22},{"not_picked":["Juggernaut","Exhume"],"picked":"Barricade","floor":23},{"not_picked":["True Grit","Power Through"],"picked":"Shrug It Off+1","floor":24},{"not_picked":["Flex","Wild Strike"],"picked":"Pummel+1","floor":29},{"not_picked":["Feed","Brutality"],"picked":"Juggernaut","floor":30},{"not_picked":["Hemokinesis+1","Cleave"],"picked":"Havoc+1","floor":31},{"not_picked":["Brutality","Bludgeon"],"picked":"Dark Embrace","floor":33},{"not_picked":["Searing Blow+1","Rampage"],"picked":"Iron Wave+1","floor":35},{"not_picked":["Perfected Strike+1","Corruption+1"],"picked":"Havoc+1","floor":38},{"not_picked":["Warcry+1","Evolve"],"picked":"Combust","floor":39},{"not_picked":["Fiend Fire+1","Offering"],"picked":"Demon Form","floor":40},{"not_picked":["Double Tap","Bludgeon+1"],"picked":"Immolate+1","floor":42},{"not_picked":["Brutality","Feed+1"],"picked":"Reaper+1","floor":44},{"not_picked":["Dark Embrace","Impervious"],"picked":"Barricade","floor":46},{"not_picked":["Brutality","Exhume"],"picked":"Immolate+1","floor":48}],"player_experience":450671,"relics_obtained":[{"floor":6,"key":"The Courier"},{"floor":8,"key":"Anchor"},{"floor":9,"key":"Oddly Smooth Stone"},{"floor":10,"key":"War Paint"},{"floor":12,"key":"Gambling Chip"},{"floor":23,"key":"Regal Pillow"},{"floor":24,"key":"Bird Faced Urn"},{"floor":24,"key":"Gremlin Horn"},{"floor":26,"key":"Mummified Hand"},{"floor":30,"key":"Whetstone"},{"floor":40,"key":"Paper Frog"},{"floor":42,"key":"Ornamental Fan"},{"floor":43,"key":"Sundial"},{"floor":44,"key":"Singing Bowl"},{"floor":46,"key":"Art of War"},{"floor":47,"key":"Ancient Tea Set"},{"floor":48,"key":"Omamori"}],"event_choices":[{"damage_healed":0,"gold_gain":0,"player_choice":"Gave Potion","damage_taken":0,"relics_obtained":["Red Skull"],"max_hp_gain":0,"max_hp_loss":0,"event_name":"WeMeetAgain","floor":2,"gold_loss":0},{"damage_healed":0,"gold_gain":0,"cards_transformed":["Havoc"],"player_choice":"Transformed","damage_taken":0,"max_hp_gain":0,"max_hp_loss":0,"event_name":"Transmorgrifier","floor":14,"gold_loss":0,"cards_obtained":["Metallicize"]},{"damage_healed":0,"gold_gain":0,"player_choice":"Bought 0 Potions","damage_taken":0,"max_hp_gain":0,"max_hp_loss":0,"event_name":"The Woman in Blue","floor":21,"gold_loss":0},{"damage_healed":0,"gold_gain":0,"player_choice":"Fight","damage_taken":0,"max_hp_gain":0,"max_hp_loss":0,"event_name":"Colosseum","floor":24,"gold_loss":0},{"damage_healed":0,"gold_gain":0,"player_choice":"Fought Nobs","damage_taken":0,"max_hp_gain":0,"max_hp_loss":0,"event_name":"Colosseum","floor":24,"gold_loss":0},{"damage_healed":0,"gold_gain":99,"player_choice":"Stole From Cult","damage_taken":0,"max_hp_gain":0,"max_hp_loss":0,"event_name":"Nest","floor":27,"gold_loss":0},{"damage_healed":0,"gold_gain":0,"player_choice":"Ignored","damage_taken":0,"max_hp_gain":0,"max_hp_loss":0,"event_name":"Ghosts","floor":28,"gold_loss":0},{"damage_healed":0,"gold_gain":0,"player_choice":"2 cards matched","damage_taken":0,"max_hp_gain":0,"max_hp_loss":0,"event_name":"Match and Keep!","floor":36,"gold_loss":0,"cards_obtained":["Rage","Panacea"]},{"cards_removed":["Warcry"],"damage_healed":0,"gold_gain":0,"player_choice":"Removed Skill","damage_taken":0,"max_hp_gain":0,"max_hp_loss":0,"event_name":"Falling","floor":41,"gold_loss":0}],"is_beta":false,"boss_relics":[{"not_picked":["Runic Dome","Philosopher\u0027s Stone"],"picked":"Coffee Dripper"},{"not_picked":["Tiny House","Mark of Pain"],"picked":"Runic Cube"}],"items_purged_floors":[],"is_endless":false,"potions_floor_spawned":[1,5,6,11,12,16,24,24,29,31,33,38,40,48],"ascension_level":0}