{"gold_per_floor":[114,129,181,181,10,10,40,140,140,140,170,185,185,185,185,310,310,329,348,348,367,21,21,40,78,78,97,135,135,85,104,104,229,229,248,267,267,286,45,45,83,102,127,127,127,146,165,184,184,184],"floor_reached":51,"playtime":3046,"items_purged":[],"score":802,"play_id":"52c81041-ac5b-430e-9478-1a7db0e92f56","local_time":"20190406141239","daily_mods":["SealedDeck","Red Cards","Lethality"],"is_ascension_mode":false,"campfire_choices":[{"data":"1","floor":6.0,"key":"LIFT"},{"data":"2","floor":10.0,"key":"LIFT"},{"data":"3","floor":15.0,"key":"LIFT"},{"data":"RitualDagger","floor":23.0,"key":"SMITH"},{"floor":32,"key":"REST"},{"data":"Demon Form","floor":40,"key":"SMITH"},{"data":"Sweeping Beam","floor":44,"key":"SMITH"},{"data":"Transmutation","floor":49,"key":"SMITH"}],"neow_cost":"","seed_source_timestamp":0,"circlet_count":0,"master_deck":["Rage","Uppercut","Iron Wave","Twin Strike","Sword Boomerang+1","Dropkick","Melter+1","Shrug It Off","Beam Cell","Iron Wave","Anger","Flex","Secret Weapon","Cold Snap","Ball Lightning","Steam","Electrodynamics","Battle Trance","Sweeping Beam+1","RitualDagger+1","Rebound+1","Violence","Shrug It Off","Carnage+1","Armaments+1","Go for the Eyes","BootSequence","Demon Form+1","Twin Strike","Rebound+1","Twin Strike+1","Flash of Steel","True Grit+1","Gash","Master of Strategy","Finesse","Transmutation+1","Redo+1","Cleave","Sever Soul"],"special_seed":17992,"relics":["Cracked Core","Girya","Ancient Tea Set","Pear","DataDisk","Golden Idol","Oddly Smooth Stone","White Beast Statue","Potion Belt","Anchor","Letter Opener","Ginger","Busted Crown","Vajra","Whetstone","Strawberry"],"potions_floor_usage":[31,31,33,36,36,42,42,48,50,50,50,50],"damage_taken":[{"damage":0.0,"enemies":"Small Slimes","floor":1.0,"turns":1.0},{"damage":0.0,"enemies":"2 Louse","floor":2.0,"turns":1.0},{"damage":4.0,"enemies":"3 Sentries","floor":7.0,"turns":3.0},{"damage":0.0,"enemies":"Lagavulin","floor":11.0,"turns":2.0},{"damage":0.0,"enemies":"Cultist","floor":12.0,"turns":1.0},{"damage":9.0,"enemies":"The Guardian","floor":16.0,"turns":4.0},{"damage":4.0,"enemies":"Chosen","floor":18.0,"turns":2.0},{"damage":0.0,"enemies":"3 Byrds","floor":19.0,"turns":2.0},{"damage":6.0,"enemies":"Centurion and Healer","floor":21.0,"turns":2.0},{"damage":0.0,"enemies":"Snecko","floor":24.0,"turns":2.0},{"damage":20.0,"enemies":"Slavers","floor":25.0,"turns":2.0},{"damage":13.0,"enemies":"Snake Plant","floor":27.0,"turns":2.0},{"damage":0.0,"enemies":"Gremlin Leader","floor":28.0,"turns":4.0},{"damage":0,"enemies":"Cultist and Chosen","floor":31,"turns":3},{"damage":25,"enemies":"Automaton","floor":33,"turns":6},{"damage":0,"enemies":"Orb Walker","floor":35,"turns":2},{"damage":5,"enemies":"3 Shapes","floor":36,"turns":2},{"damage":1,"enemies":"Sphere and 2 Shapes","floor":38,"turns":3},{"damage":0,"enemies":"Reptomancer","floor":41,"turns":2},{"damage":0,"enemies":"Jaw Worm Horde","floor":42,"turns":2},{"damage":0,"enemies":"4 Shapes","floor":46,"turns":2},{"damage":0,"enemies":"Sphere and 2 Shapes","floor":47,"turns":1},{"damage":0,"enemies":"Spire Growth","floor":48,"turns":3},{"damage":57,"enemies":"Donu and Deca","floor":50,"turns":8}],"seed_played":"-540605378630544762","potions_obtained":[{"floor":1.0,"key":"FairyPotion"},{"floor":11.0,"key":"Ancient Potion"},{"floor":18.0,"key":"Poison Potion"},{"floor":19.0,"key":"PowerPotion"},{"floor":21.0,"key":"Strength Potion"},{"floor":24.0,"key":"SteroidPotion"},{"floor":25.0,"key":"Explosive Potion"},{"floor":27.0,"key":"Ancient Potion"},{"floor":28,"key":"SkillPotion"},{"floor":31,"key":"Energy Potion"},{"floor":33,"key":"AttackPotion"},{"floor":35,"key":"PowerPotion"},{"floor":36,"key":"FocusPotion"},{"floor":38,"key":"Weak Potion"},{"floor":41,"key":"FearPotion"},{"floor":42,"key":"Swift Potion"},{"floor":46,"key":"EssenceOfSteel"},{"floor":47,"key":"PowerPotion"},{"floor":48,"key":"Weak Potion"}],"is_trial":false,"path_per_floor":["M","M","?","?","$","R","E","?","T","R","E","M","?","T","R","B",null,"M","M","?","M","$","R","M","E","T","M","E","?","?","M","R","B",null,"M","M","?","M","$","R","E","M","T","R","?","M","M","M","R","B",null],"character_chosen":"DEFECT","items_purchased":["Secret Weapon","Potion Belt","Violence","Vajra","Flash of Steel"],"campfire_rested":1,"item_purchase_floors":[5,22,22,39,39],"current_hp_per_floor":[75,75,75,68,68,68,64,64,74,74,74,74,74,74,74,65,79,75,75,69,63,63,63,63,43,43,30,30,30,30,30,53,28,79,79,74,74,73,73,73,73,73,80,80,70,70,70,70,70,13],"gold":184,"neow_bonus":"","is_prod":false,"is_daily":true,"chose_seed":false,"campfire_upgraded":4,"win_rate":0,"timestamp":1554556359,"path_taken":["M","M","?","?","$","R","E","?","T","R","E","?","?","?","R","BOSS","M","M","?","M","$","R","M","E","T","M","E","?","?","?","R","BOSS","M","M","?","M","$","R","E","M","T","R","?","M","?","M","R","BOSS"],"build_version":"2019-01-23","purchased_purges":0,"victory":true,"max_hp_per_floor":[75,75,75,75,75,75,75,75,85,85,85,85,79,79,79,79,79,79,79,79,79,79,79,79,79,79,79,79,79,79,79,79,79,79,79,79,79,79,79,79,79,79,86,86,86,86,86,86,86,86],"card_choices":[{"not_picked":["Clash","Burning Pact"],"picked":"Anger","floor":1.0},{"not_picked":["True Grit","Headbutt"],"picked":"Flex","floor":2.0},{"not_picked":["Machine Learning","Reprogram"],"picked":"Cold Snap","floor":7.0},{"not_picked":["Turbo","Infernal Blade"],"picked":"Ball Lightning","floor":11.0},{"not_picked":["Disarm","Blood for Blood"],"picked":"Steam","floor":12.0},{"not_picked":["Biased Cognition","Dark Embrace"],"picked":"Electrodynamics","floor":16.0},{"not_picked":["Gash","Aggregate+1"],"picked":"Battle Trance","floor":18.0},{"not_picked":["Conserve Battery+1","Twin Strike+1"],"picked":"Sweeping Beam","floor":19.0},{"not_picked":["Double Energy","Headbutt"],"picked":"Rebound+1","floor":21.0},{"not_picked":["Impervious","Double Energy"],"picked":"Shrug It Off","floor":24.0},{"not_picked":["Heatsinks","Doom and Gloom+1"],"picked":"Carnage+1","floor":25.0},{"not_picked":["Clothesline+1","White Noise"],"picked":"Armaments+1","floor":27.0},{"not_picked":["Clash","Redo"],"picked":"Go for the Eyes","floor":28},{"not_picked":["Streamline","Clothesline"],"picked":"BootSequence","floor":31},{"not_picked":["Bludgeon","Fission"],"picked":"Demon Form","floor":33},{"not_picked":[],"picked":"Twin Strike","floor":35},{"not_picked":[],"picked":"Rebound+1","floor":36},{"not_picked":[],"picked":"Twin Strike+1","floor":38},{"not_picked":[],"picked":"True Grit+1","floor":41},{"not_picked":[],"picked":"Gash","floor":42},{"not_picked":[],"picked":"Master of Strategy","floor":45},{"not_picked":[],"picked":"Finesse","floor":45},{"not_picked":[],"picked":"Transmutation","floor":45},{"not_picked":[],"picked":"Redo+1","floor":46},{"not_picked":[],"picked":"Cleave","floor":47},{"not_picked":[],"picked":"Sever Soul","floor":48}],"player_experience":442986,"relics_obtained":[{"floor":7.0,"key":"Ancient Tea Set"},{"floor":9.0,"key":"Pear"},{"floor":11.0,"key":"DataDisk"},{"floor":14.0,"key":"Oddly Smooth Stone"},{"floor":25.0,"key":"Anchor"},{"floor":26.0,"key":"Letter Opener"},{"floor":28,"key":"Ginger"},{"floor":41,"key":"Whetstone"},{"floor":43,"key":"Strawberry"}],"event_choices":[{"damage_healed":0.0,"max_hp_gain":0.0,"max_hp_loss":0.0,"gold_gain":52.0,"event_name":"Golden Wing","player_choice":"Gained Gold","floor":3.0,"gold_loss":0.0,"damage_taken":0.0},{"damage_healed":0.0,"max_hp_gain":0.0,"max_hp_loss":0.0,"gold_gain":0.0,"event_name":"Scrap Ooze","player_choice":"Success","floor":4.0,"gold_loss":0.0,"damage_taken":7.0,"relics_obtained":["Girya"]},{"damage_healed":0.0,"max_hp_gain":0.0,"max_hp_loss":0.0,"gold_gain":100.0,"event_name":"Golden Shrine","player_choice":"Pray","floor":8.0,"gold_loss":0.0,"damage_taken":0.0},{"damage_healed":0.0,"max_hp_gain":0.0,"max_hp_loss":6.0,"gold_gain":0.0,"event_name":"Golden Idol","player_choice":"Lose Max HP","floor":13.0,"gold_loss":0.0,"damage_taken":0.0,"relics_obtained":["Golden Idol"]},{"damage_healed":0.0,"max_hp_gain":0.0,"max_hp_loss":0.0,"gold_gain":0.0,"event_name":"Nest","player_choice":"Joined the Cult","floor":20.0,"gold_loss":0.0,"damage_taken":6.0,"cards_obtained":["RitualDagger"]},{"damage_healed":0,"gold_gain":0,"player_choice":"Ignored","damage_taken":0,"max_hp_gain":0,"max_hp_loss":0,"event_name":"Ghosts","floor":29,"gold_loss":0},{"damage_healed":0,"gold_gain":0,"player_choice":"Bet on Murderer","damage_taken":0,"max_hp_gain":0,"max_hp_loss":0,"event_name":"The Joust","floor":30,"gold_loss":50},{"damage_healed":0,"gold_gain":0,"player_choice":"Ignored","damage_taken":0,"max_hp_gain":0,"max_hp_loss":0,"event_name":"Tomb of Lord Red Mask","floor":37,"gold_loss":0},{"damage_healed":0,"gold_gain":0,"player_choice":"Memory 3","damage_taken":10,"max_hp_gain":0,"max_hp_loss":0,"event_name":"SensoryStone","floor":45,"gold_loss":0}],"is_beta":false,"boss_relics":[{"not_picked":["Cursed Key","Ectoplasm"],"picked":"White Beast Statue"},{"not_picked":["Runic Dome","Sozu"],"picked":"Busted Crown"}],"items_purged_floors":[],"is_endless":false,"potions_floor_spawned":[1,11,18,19,21,24,25,27,28,31,33,35,36,38,41,42,46,47,48],"ascension_level":0}