{"gold_per_floor":[118,128,128,138,148,175,187,201,227,255,311,342,358,378,378,475,475,489,489,128,141,157,188,188,201,201,201,226,236,11,36,36,139,139,149,195,213,65,85,85,110,110,110,110,143,143,143,154,154,154,154,154,1,36,36],"floor_reached":56,"playtime":9381,"items_purged":["Defend_B","Strike_B"],"score":1339,"play_id":"70b204b2-a421-49a0-b286-e2c4d59d11ee","local_time":"20190629184504","is_ascension_mode":false,"campfire_choices":[{"data":"Streamline","floor":15,"key":"SMITH"},{"data":"Consume","floor":24,"key":"SMITH"},{"data":"Fission","floor":27,"key":"SMITH"},{"data":"Reinforced Body","floor":32,"key":"SMITH"},{"data":"Glacier","floor":40,"key":"SMITH"},{"floor":42,"key":"RECALL"},{"data":"Go for the Eyes","floor":44,"key":"SMITH"},{"data":"Dualcast","floor":46,"key":"SMITH"},{"data":"Capacitor","floor":49,"key":"SMITH"},{"data":"Ball Lightning","floor":52,"key":"SMITH"}],"neow_cost":"TEN_PERCENT_HP_LOSS","seed_source_timestamp":21897390964400,"circlet_count":0,"master_deck":["Strike_B","Strike_B+1","Defend_B","Defend_B","Defend_B","Zap+1","Dualcast+1","Self Repair","Streamline+1","Conserve Battery","Coolheaded+1","Go for the Eyes+1","Fission+1","Compile Driver+1","Capacitor+1","Undo","Ball Lightning+1","Sweeping Beam","Reinforced Body+1","Core Surge","Undo","Consume+1","Cold Snap","Hologram+1","Glacier+1","Multi-Cast","Redo+1","Recycle+1","Defragment","Melter+1"],"relics":["Cracked Core","Prayer Wheel","Torii","War Paint","Whetstone","PreservedInsect","Bronze Scales","Nuclear Battery","Ice Cream","Potion Belt","Mummified Hand","Cables","Anchor","Pocketwatch","Inserter","WingedGreaves","Incense Burner","Mango","Boot"],"potions_floor_usage":[11,16,23,23,23,33,48,55,55,55,55,55],"damage_taken":[{"damage":6,"enemies":"Jaw Worm","floor":1,"turns":3},{"damage":1,"enemies":"Cultist","floor":2,"turns":3},{"damage":0,"enemies":"2 Louse","floor":4,"turns":3},{"damage":7,"enemies":"Exordium Thugs","floor":5,"turns":7},{"damage":22,"enemies":"Gremlin Nob","floor":6,"turns":5},{"damage":1,"enemies":"Blue Slaver","floor":7,"turns":3},{"damage":7,"enemies":"3 Louse","floor":8,"turns":4},{"damage":7,"enemies":"Lagavulin","floor":10,"turns":5},{"damage":10,"enemies":"Lagavulin Event","floor":11,"turns":5},{"damage":1,"enemies":"Gremlin Nob","floor":12,"turns":3},{"damage":0,"enemies":"2 Fungi Beasts","floor":13,"turns":2},{"damage":1,"enemies":"Blue Slaver","floor":14,"turns":3},{"damage":7,"enemies":"The Guardian","floor":16,"turns":10},{"damage":1,"enemies":"2 Thieves","floor":18,"turns":3},{"damage":5,"enemies":"3 Byrds","floor":21,"turns":4},{"damage":1,"enemies":"Shelled Parasite and Fungi","floor":22,"turns":6},{"damage":9,"enemies":"Slavers","floor":23,"turns":4},{"damage":0,"enemies":"Chosen and Byrds","floor":25,"turns":6},{"damage":0,"enemies":"Gremlin Leader","floor":28,"turns":7},{"damage":0,"enemies":"Snake Plant","floor":29,"turns":3},{"damage":1,"enemies":"Slavers","floor":31,"turns":4},{"damage":49,"enemies":"Automaton","floor":33,"turns":12},{"damage":15,"enemies":"3 Darklings","floor":35,"turns":5},{"damage":2,"enemies":"2 Orb Walkers","floor":36,"turns":7},{"damage":0,"enemies":"3 Shapes","floor":37,"turns":5},{"damage":0,"enemies":"Spire Growth","floor":39,"turns":6},{"damage":0,"enemies":"Giant Head","floor":41,"turns":8},{"damage":0,"enemies":"Nemesis","floor":45,"turns":7},{"damage":1,"enemies":"Sphere and 2 Shapes","floor":48,"turns":4},{"damage":0,"enemies":"Donu and Deca","floor":50,"turns":10},{"damage":21,"enemies":"Shield and Spear","floor":54,"turns":9},{"damage":40,"enemies":"The Heart","floor":55,"turns":13}],"seed_played":"-1646624563137776518","potions_obtained":[{"floor":1,"key":"SpeedPotion"},{"floor":5,"key":"PowerPotion"},{"floor":12,"key":"Explosive Potion"},{"floor":16,"key":"FocusPotion"},{"floor":22,"key":"Strength Potion"},{"floor":23,"key":"Regen Potion"},{"floor":36,"key":"Regen Potion"},{"floor":37,"key":"Poison Potion"},{"floor":39,"key":"SpeedPotion"},{"floor":45,"key":"SkillPotion"}],"is_trial":false,"path_per_floor":["M","M","?","M","M","E","M","M","T","E","?","E","M","M","R","B",null,"M","?","$","M","M","E","R","M","T","R","E","M","$","E","R","B",null,"M","?","M","$","M","R","E","R","T","R","E","R","?","M","R","B",null,"R","$","E","B",null],"character_chosen":"DEFECT","items_purchased":["Ice Cream","Glacier","Anchor","Weak Potion","LiquidBronze","Defragment"],"campfire_rested":0,"item_purchase_floors":[20,30,30,38,53,53],"current_hp_per_floor":[62,68,68,68,68,53,59,52,52,52,49,55,55,61,61,61,68,67,67,67,68,68,59,59,66,66,66,68,68,68,67,67,30,68,60,65,68,68,68,68,68,68,68,68,82,82,82,81,81,82,82,82,82,68,43],"gold":36,"neow_bonus":"ONE_RARE_RELIC","is_prod":false,"is_daily":false,"chose_seed":false,"campfire_upgraded":9,"win_rate":0,"timestamp":1561801504,"path_taken":["M","M","?","?","M","E","M","M","T","E","?","E","M","M","R","BOSS","M","?","$","M","M","E","R","M","T","R","E","M","$","E","R","BOSS","M","?","M","$","M","R","E","R","T","R","E","R","?","M","R","BOSS","R","$","E","BOSS"],"build_version":"2019-01-23","purchased_purges":2,"victory":true,"max_hp_per_floor":[68,68,68,68,68,68,68,68,68,68,68,68,68,68,68,68,68,68,68,68,68,68,68,68,68,68,68,68,68,68,68,68,68,68,68,68,68,68,68,68,68,68,68,68,82,82,82,82,82,82,82,82,82,82,82],"card_choices":[{"not_picked":["Tempest","Ball Lightning"],"picked":"Self Repair","floor":1},{"not_picked":["Compile Driver","Leap"],"picked":"Streamline","floor":1},{"not_picked":["Cold Snap","Beam Cell"],"picked":"Conserve Battery","floor":2},{"not_picked":["Ball Lightning","Barrage"],"picked":"Coolheaded","floor":2},{"not_picked":["Conserve Battery","Sweeping Beam"],"picked":"Go for the Eyes","floor":4},{"not_picked":["Ball Lightning","Go for the Eyes"],"picked":"Fission","floor":4},{"not_picked":["Rebound","Lockon"],"picked":"Compile Driver","floor":5},{"not_picked":["Conserve Battery","Hologram","Gash"],"picked":"SKIP","floor":5},{"not_picked":["Gash","Go for the Eyes"],"picked":"Capacitor","floor":6},{"not_picked":["Streamline","Conserve Battery"],"picked":"Undo","floor":7},{"not_picked":["Reprogram","Redo","Self Repair"],"picked":"SKIP","floor":7},{"not_picked":["Steam Power","Meteor Strike"],"picked":"Ball Lightning","floor":8},{"not_picked":["Compile Driver","Redo","Chaos"],"picked":"SKIP","floor":8},{"not_picked":["Turbo","Cold Snap"],"picked":"Sweeping Beam","floor":10},{"not_picked":["Beam Cell","Compile Driver","Streamline"],"picked":"SKIP","floor":12},{"not_picked":["Sweeping Beam","Ball Lightning","Chaos"],"picked":"SKIP","floor":13},{"not_picked":["Gash","Compile Driver","Streamline"],"picked":"SKIP","floor":13},{"not_picked":["Rebound","Amplify"],"picked":"Reinforced Body","floor":14},{"not_picked":["White Noise","Streamline","Sweeping Beam"],"picked":"SKIP","floor":14},{"not_picked":["Meteor Strike","Multi-Cast"],"picked":"Core Surge","floor":16},{"not_picked":["Redo","Hologram","Beam Cell+1"],"picked":"SKIP","floor":18},{"not_picked":["Steam+1","Capacitor+1","Gash"],"picked":"SKIP","floor":18},{"not_picked":["Static Discharge","Stack"],"picked":"Undo","floor":21},{"not_picked":["Gash","Cold Snap","Hello World+1"],"picked":"SKIP","floor":21},{"not_picked":["Ball Lightning","Capacitor"],"picked":"Consume","floor":22},{"not_picked":["Aggregate","Loop","Redo"],"picked":"SKIP","floor":22},{"not_picked":["Rainbow","Conserve Battery"],"picked":"Cold Snap","floor":23},{"not_picked":["Cold Snap+1","Coolheaded"],"picked":"Hologram+1","floor":25},{"not_picked":["Consume","Fusion","Hologram"],"picked":"SKIP","floor":25},{"not_picked":["Cold Snap","Scrape","Fission"],"picked":"SKIP","floor":28},{"not_picked":["Streamline","Coolheaded","Reprogram"],"picked":"SKIP","floor":29},{"not_picked":["Tempest","Darkness","Leap"],"picked":"SKIP","floor":29},{"not_picked":["Loop","Beam Cell","Steam+1"],"picked":"SKIP","floor":31},{"not_picked":["Machine Learning","Hyperbeam"],"picked":"Multi-Cast","floor":33},{"not_picked":["Blizzard","Go for the Eyes+1","Barrage+1"],"picked":"SKIP","floor":35},{"not_picked":["Gash","Rebound","Scrape"],"picked":"SKIP","floor":35},{"not_picked":["Barrage","Doom and Gloom"],"picked":"Redo+1","floor":36},{"not_picked":["Barrage","Turbo","Streamline"],"picked":"SKIP","floor":37},{"not_picked":["Reinforced Body+1","Hyperbeam","Turbo"],"picked":"SKIP","floor":37},{"not_picked":["Reprogram+1","Hologram+1","Self Repair+1"],"picked":"SKIP","floor":39},{"not_picked":["Redo","Scrape","White Noise"],"picked":"SKIP","floor":39},{"not_picked":["Reprogram+1","Hologram+1","Self Repair+1"],"picked":"SKIP","floor":39},{"not_picked":["Redo","Scrape","White Noise"],"picked":"SKIP","floor":39},{"not_picked":["Chaos","Beam Cell+1","Reinforced Body"],"picked":"SKIP","floor":41},{"not_picked":["Darkness","Chaos","Fusion"],"picked":"SKIP","floor":45},{"not_picked":["Darkness","Chaos","Fusion"],"picked":"SKIP","floor":45},{"not_picked":["Barrage+1","Stack"],"picked":"Recycle+1","floor":48},{"not_picked":["Creative AI","Stack+1","Doom and Gloom"],"picked":"SKIP","floor":48},{"not_picked":["BootSequence","Streamline"],"picked":"Melter+1","floor":54}],"player_experience":145920,"relics_obtained":[{"floor":6,"key":"Torii"},{"floor":9,"key":"War Paint"},{"floor":10,"key":"Whetstone"},{"floor":11,"key":"PreservedInsect"},{"floor":12,"key":"Bronze Scales"},{"floor":23,"key":"Potion Belt"},{"floor":26,"key":"Mummified Hand"},{"floor":28,"key":"Cables"},{"floor":31,"key":"Pocketwatch"},{"floor":36,"key":"WingedGreaves"},{"floor":41,"key":"Incense Burner"},{"floor":45,"key":"Mango"},{"floor":54,"key":"Boot"}],"event_choices":[{"cards_removed":["Strike_B"],"damage_healed":0,"gold_gain":0,"player_choice":"Offered Basic","damage_taken":0,"max_hp_gain":0,"max_hp_loss":0,"event_name":"Bonfire Elementals","floor":3,"gold_loss":0},{"damage_healed":0,"gold_gain":0,"player_choice":"Searched \u00271\u0027 times","damage_taken":0,"max_hp_gain":0,"max_hp_loss":0,"event_name":"Dead Adventurer","floor":11,"gold_loss":0},{"damage_healed":0,"gold_gain":0,"player_choice":"Ignored","damage_taken":0,"max_hp_gain":0,"max_hp_loss":0,"event_name":"Ghosts","floor":19,"gold_loss":0},{"damage_healed":0,"gold_gain":0,"player_choice":"Fight","damage_taken":0,"max_hp_gain":0,"max_hp_loss":0,"event_name":"Mysterious Sphere","floor":36,"gold_loss":0},{"damage_healed":0,"gold_gain":0,"player_choice":"Ignored","damage_taken":0,"max_hp_gain":0,"max_hp_loss":0,"event_name":"Tomb of Lord Red Mask","floor":47,"gold_loss":0}],"is_beta":false,"boss_relics":[{"not_picked":["Eternal Feather","Runic Dome"],"picked":"Nuclear Battery"},{"not_picked":["FrozenCore","Astrolabe"],"picked":"Inserter"}],"items_purged_floors":[20,38],"is_endless":false,"potions_floor_spawned":[1,5,12,16,22,23,36,37,39,45,54],"ascension_level":0}