{"gold_per_floor":[114,25,100,112,123,152,152,168,195,215,215,225,225,257,257,360,360,378,378,394,394,394,394,412,412,412,412],"floor_reached":27,"playtime":1858,"items_purged":[],"score":225,"play_id":"a37e0e7b-5061-47cf-925d-58950f6e2e03","local_time":"20180629024148","is_ascension_mode":false,"campfire_choices":[{"floor":11,"key":"REST"},{"floor":13,"key":"REST"},{"data":"Dualcast","floor":15,"key":"SMITH"},{"data":"Echo Form","floor":23,"key":"SMITH"},{"floor":25,"key":"REST"}],"neow_cost":"NONE","seed_source_timestamp":1056191117873336,"circlet_count":0,"master_deck":["Strike_B","Strike_B","Strike_B","Strike_B","Defend_B","Defend_B","Defend_B","Defend_B","Zap","Dualcast+1","Self Repair","Defragment","Go for the Eyes","Leap","Doom and Gloom","Redo","Ball Lightning","Genetic Algorithm","Coolheaded","Capacitor","All For One","Rainbow","Glacier","Hologram","Echo Form+1","RitualDagger","Loop"],"relics":["Cracked Core","Bag of Marbles","Oddly Smooth Stone","Bronze Scales","Inserter","Nloth\u0027s Gift","Bottled Flame"],"potions_floor_usage":[18],"damage_taken":[{"damage":1,"enemies":"Small Slimes","floor":1,"turns":3},{"damage":3,"enemies":"Jaw Worm","floor":4,"turns":3},{"damage":1,"enemies":"Cultist","floor":5,"turns":3},{"damage":27,"enemies":"Gremlin Nob","floor":6,"turns":4},{"damage":14,"enemies":"2 Fungi Beasts","floor":7,"turns":4},{"damage":32,"enemies":"Gremlin Gang","floor":8,"turns":4},{"damage":13,"enemies":"Exordium Thugs","floor":10,"turns":4},{"damage":0,"enemies":"Large Slime","floor":12,"turns":3},{"damage":27,"enemies":"3 Sentries","floor":14,"turns":5},{"damage":15,"enemies":"Hexaghost","floor":16,"turns":9},{"damage":10,"enemies":"Shell Parasite","floor":18,"turns":6},{"damage":10,"enemies":"Spheric Guardian","floor":20,"turns":4},{"damage":44,"enemies":"Slaver and Parasite","floor":24,"turns":6},{"damage":68,"enemies":"Cultist and Chosen","floor":27,"turns":8}],"seed_played":"6712044426994113805","potions_obtained":[{"floor":1,"key":"Ancient Potion"},{"floor":10,"key":"Dexterity Potion"},{"floor":12,"key":"Fire Potion"},{"floor":18,"key":"SkillPotion"}],"is_trial":false,"path_per_floor":["M","$","?","M","M","E","M","M","T","M","R","M","R","E","R","B",null,"M","?","M","?","?","R","M","R","T"],"character_chosen":"DEFECT","items_purchased":["Defragment","Go for the Eyes"],"campfire_rested":3,"item_purchase_floors":[2,2],"current_hp_per_floor":[74,74,63,67,73,53,46,21,21,15,37,37,59,39,39,24,75,72,72,69,69,63,63,19,41,41,0],"gold":412,"neow_bonus":"RANDOM_COMMON_RELIC","is_prod":false,"is_daily":false,"chose_seed":false,"campfire_upgraded":2,"win_rate":0.0,"timestamp":1530254508,"path_taken":["M","$","?","M","M","E","?","M","T","M","R","M","R","E","R","BOSS","M","?","M","?","?","R","M","R","T","M"],"build_version":"2018-06-28","purchased_purges":0,"victory":false,"max_hp_per_floor":[75,75,75,75,75,75,75,75,75,75,75,75,75,75,75,75,75,75,75,75,75,75,75,75,75,75,75],"card_choices":[{"not_picked":["Glacier","Reprogram"],"picked":"Self Repair","floor":1},{"not_picked":["Steam","Streamline"],"picked":"Leap","floor":4},{"not_picked":["Coolheaded","Ball Lightning"],"picked":"Doom and Gloom","floor":5},{"not_picked":["Beam Cell","Gash"],"picked":"Redo","floor":6},{"not_picked":["Hologram","Go for the Eyes"],"picked":"Ball Lightning","floor":7},{"not_picked":["Beam Cell","Double Energy"],"picked":"Genetic Algorithm","floor":8},{"not_picked":["Lockon","Compile Driver"],"picked":"Coolheaded","floor":10},{"not_picked":["Reprogram","Ball Lightning"],"picked":"Capacitor","floor":12},{"not_picked":["Chaos","Stack"],"picked":"All For One","floor":14},{"not_picked":["Reboot","All For One"],"picked":"Rainbow","floor":16},{"not_picked":["Self Repair","Barrage+1"],"picked":"Glacier","floor":18},{"not_picked":["Stack","Steam Power+1"],"picked":"Hologram","floor":20},{"not_picked":["Streamline+1","Beam Cell"],"picked":"Loop","floor":24}],"player_experience":12940,"relics_obtained":[{"floor":6,"key":"Bag of Marbles"},{"floor":9,"key":"Oddly Smooth Stone"},{"floor":14,"key":"Bronze Scales"},{"floor":26,"key":"Bottled Flame"}],"event_choices":[{"event_name":"World of Goop","player_choice":"Gather Gold","floor":3,"damage_taken":0},{"event_name":"N\u0027loth","player_choice":"Traded a Boot","floor":19,"damage_taken":0},{"event_name":"The Library","player_choice":"Read","floor":21,"damage_taken":0},{"event_name":"Nest","player_choice":"Joined the Cult","floor":22,"damage_taken":0}],"boss_relics":[{"not_picked":["Cursed Key","Lizard Tail"],"picked":"Inserter"}],"items_purged_floors":[],"is_endless":false,"potions_floor_spawned":[1,10,12,18,20],"killed_by":"Cultist and Chosen","ascension_level":0}