{"gold_per_floor":[114,129,144,159,174,189,219,219,269,284,314,329,329,359,359,459,459,474,489,504,27,42,87,117,132,132,147,162,177,192,207,207,307,307,322,337,352,352,34,64,79,94,94,109,124,154,169,184,184,184],"floor_reached":51,"playtime":5074,"items_purged":[],"score":796,"play_id":"4051dd36-5b38-4ef6-b3a3-fb03e0dbe05d","local_time":"20190316234703","daily_mods":["Shiny","Vintage","Terminal"],"is_ascension_mode":false,"campfire_choices":[{"floor":8,"key":"REST"},{"floor":15,"key":"REST"},{"floor":32,"key":"REST"},{"data":"Skewer","floor":49,"key":"SMITH"}],"neow_cost":"","seed_source_timestamp":0,"circlet_count":0,"master_deck":["Venomology","Corpse Explosion","Malaise","Phantasmal Killer","Die Die Die","Adrenaline","Envenom","Burst","Wraith Form v2","Tools of the Trade","Night Terror+1","Unload","After Image","Bullet Time","Storm of Steel","Glass Knife","A Thousand Cuts","Grand Finale","Skewer+1","Flying Knee","Riddle With Holes","Blade Dance+1","Glass Knife","Enlightenment+1","Noxious Fumes+1","Poisoned Stab","Magnetism+1","Bandage Up+1","All Out Attack","After Image+1","Violence+1","Noxious Fumes+1","Backflip+1","Sucker Punch+1"],"special_seed":17971,"relics":["Ring of the Snake","Frozen Egg 2","Question Card","Prayer Wheel","Kunai","Bottled Tornado","Bronze Scales","Oddly Smooth Stone","Bag of Marbles","Gremlin Horn","Bird Faced Urn","Happy Flower","PreservedInsect","Velvet Choker","Pantograph","Toxic Egg 2","The Courier","Art of War","Snake Skull","Tiny Chest","Shuriken","Orichalcum","WingedGreaves","Smiling Mask","Omamori","Blood Vial","FossilizedHelix","Letter Opener","HoveringKite","Lantern","Vajra","Pen Nib","War Paint","Strawberry","Ancient Tea Set","Juzu Bracelet","Molten Egg 2","Turnip","Pear","Ornamental Fan","Paper Crane","Dodecahedron","Regal Pillow"],"potions_floor_usage":[4,4,7,10,11,11,11,11,11,14,14,16,18,19,20,20,20,23,24,24,25,28,28,28,33,35,40,40,42,45,45,46,47,47,48,48,50,50,50],"damage_taken":[{"damage":0,"enemies":"Small Slimes","floor":1,"turns":5},{"damage":0,"enemies":"Cultist","floor":2,"turns":3},{"damage":0,"enemies":"2 Louse","floor":3,"turns":1},{"damage":5,"enemies":"Exordium Thugs","floor":4,"turns":3},{"damage":12,"enemies":"Lots of Slimes","floor":5,"turns":3},{"damage":17,"enemies":"Exordium Wildlife","floor":6,"turns":4},{"damage":11,"enemies":"3 Sentries","floor":7,"turns":3},{"damage":1,"enemies":"Exordium Thugs","floor":10,"turns":3},{"damage":17,"enemies":"Gremlin Nob","floor":11,"turns":3},{"damage":6,"enemies":"Looter","floor":12,"turns":3},{"damage":4,"enemies":"Lagavulin","floor":14,"turns":6},{"damage":25,"enemies":"The Guardian","floor":16,"turns":6},{"damage":0,"enemies":"3 Byrds","floor":18,"turns":2},{"damage":13,"enemies":"Spheric Guardian","floor":19,"turns":4},{"damage":4,"enemies":"Centurion and Healer","floor":20,"turns":4},{"damage":0,"enemies":"Cultist and Chosen","floor":22,"turns":4},{"damage":5,"enemies":"Shelled Parasite and Fungi","floor":23,"turns":3},{"damage":10,"enemies":"Slavers","floor":24,"turns":3},{"damage":0,"enemies":"3 Cultists","floor":25,"turns":2},{"damage":4,"enemies":"Centurion and Healer","floor":27,"turns":5},{"damage":0,"enemies":"Cultist and Chosen","floor":28,"turns":4},{"damage":6,"enemies":"Shelled Parasite and Fungi","floor":29,"turns":3},{"damage":5,"enemies":"Snecko","floor":30,"turns":3},{"damage":24,"enemies":"Chosen and Byrds","floor":31,"turns":5},{"damage":34,"enemies":"Champ","floor":33,"turns":8},{"damage":0,"enemies":"Orb Walker","floor":35,"turns":3},{"damage":26,"enemies":"3 Shapes","floor":36,"turns":3},{"damage":0,"enemies":"Jaw Worm Horde","floor":37,"turns":3},{"damage":3,"enemies":"Giant Head","floor":40,"turns":6},{"damage":5,"enemies":"Sphere and 2 Shapes","floor":41,"turns":3},{"damage":14,"enemies":"4 Shapes","floor":42,"turns":2},{"damage":21,"enemies":"Writhing Mass","floor":44,"turns":4},{"damage":6,"enemies":"Maw","floor":45,"turns":6},{"damage":0,"enemies":"Reptomancer","floor":46,"turns":3},{"damage":0,"enemies":"Transient","floor":47,"turns":5},{"damage":0,"enemies":"Writhing Mass","floor":48,"turns":3},{"damage":11,"enemies":"Time Eater","floor":50,"turns":7}],"seed_played":"-7253620270700690117","potions_obtained":[{"floor":3,"key":"SpeedPotion"},{"floor":6,"key":"Weak Potion"},{"floor":10,"key":"Energy Potion"},{"floor":12,"key":"SteroidPotion"},{"floor":14,"key":"SpeedPotion"},{"floor":19,"key":"LiquidBronze"},{"floor":20,"key":"Dexterity Potion"},{"floor":23,"key":"Fire Potion"},{"floor":24,"key":"AttackPotion"},{"floor":27,"key":"Ancient Potion"},{"floor":33,"key":"Dexterity Potion"},{"floor":37,"key":"Block Potion"},{"floor":44,"key":"Poison Potion"},{"floor":45,"key":"Energy Potion"},{"floor":46,"key":"Fire Potion"},{"floor":47,"key":"Fire Potion"},{"floor":48,"key":"LiquidBronze"}],"is_trial":false,"path_per_floor":["M","M","M","M","M","M","E","R","T","M","E","M","?","E","R","B",null,"M","M","M","$","M","M","E","M","T","M","M","M","M","M","R","B",null,"M","M","M","T","$","E","M","M","T","M","M","E","M","M","R","B",null],"character_chosen":"THE_SILENT","items_purchased":["Enlightenment+1","Noxious Fumes+1","Poisoned Stab","Magnetism+1","Bandage Up+1","Art of War","Violence+1","Strawberry","Noxious Fumes+1"],"campfire_rested":3,"item_purchase_floors":[21,21,21,21,21,21,39,39,39],"current_hp_per_floor":[68,67,66,63,51,34,23,41,41,40,23,21,21,23,39,20,52,51,38,38,38,47,42,44,44,43,39,41,39,35,20,31,19,35,34,16,26,26,33,36,31,26,26,28,41,40,39,38,37,36],"gold":184,"neow_bonus":"","is_prod":false,"is_daily":true,"chose_seed":false,"campfire_upgraded":1,"win_rate":0,"timestamp":1552780023,"path_taken":["M","M","M","M","M","M","E","R","T","M","E","M","?","E","R","BOSS","M","M","M","$","M","M","E","M","T","M","M","M","M","M","R","BOSS","M","M","M","?","$","E","M","M","T","M","M","E","M","M","R","BOSS"],"build_version":"2019-01-23","purchased_purges":0,"victory":true,"max_hp_per_floor":[68,67,66,65,64,63,62,61,60,59,58,57,56,55,54,53,52,51,50,49,48,47,46,45,44,43,42,41,40,39,38,37,36,35,34,33,32,31,37,36,35,34,33,42,41,40,39,38,37,36],"card_choices":[{"not_picked":["Poisoned Stab","Slice","Acrobatics"],"picked":"Skewer","floor":7},{"not_picked":["Doppelganger","Bane","Predator"],"picked":"Flying Knee","floor":11},{"not_picked":["Malaise","Choke","Eviscerate"],"picked":"Blade Dance","floor":14},{"not_picked":["After Image+1","Die Die Die","Wraith Form v2+1"],"picked":"Glass Knife","floor":16},{"not_picked":["Dodge and Roll+1","Flying Knee","Slice"],"picked":"All Out Attack","floor":24},{"not_picked":["Venomology+1","Storm of Steel+1","Malaise+1"],"picked":"After Image+1","floor":33},{"not_picked":["Choke+1","Masterful Stab+1","Acrobatics+1"],"picked":"Backflip+1","floor":40},{"not_picked":["PiercingWail+1","Endless Agony+1","Masterful Stab+1"],"picked":"Sucker Punch+1","floor":46}],"player_experience":324258,"relics_obtained":[{"floor":1,"key":"Frozen Egg 2"},{"floor":2,"key":"Question Card"},{"floor":3,"key":"Prayer Wheel"},{"floor":4,"key":"Kunai"},{"floor":5,"key":"Bottled Tornado"},{"floor":6,"key":"Bronze Scales"},{"floor":7,"key":"Oddly Smooth Stone"},{"floor":9,"key":"Bag of Marbles"},{"floor":10,"key":"Gremlin Horn"},{"floor":11,"key":"Bird Faced Urn"},{"floor":12,"key":"Happy Flower"},{"floor":14,"key":"PreservedInsect"},{"floor":18,"key":"Pantograph"},{"floor":19,"key":"Toxic Egg 2"},{"floor":20,"key":"The Courier"},{"floor":22,"key":"Snake Skull"},{"floor":23,"key":"Tiny Chest"},{"floor":24,"key":"Shuriken"},{"floor":25,"key":"Orichalcum"},{"floor":26,"key":"WingedGreaves"},{"floor":27,"key":"Smiling Mask"},{"floor":28,"key":"Omamori"},{"floor":29,"key":"Blood Vial"},{"floor":30,"key":"FossilizedHelix"},{"floor":31,"key":"Letter Opener"},{"floor":35,"key":"Lantern"},{"floor":36,"key":"Vajra"},{"floor":37,"key":"Pen Nib"},{"floor":38,"key":"War Paint"},{"floor":40,"key":"Ancient Tea Set"},{"floor":41,"key":"Juzu Bracelet"},{"floor":42,"key":"Molten Egg 2"},{"floor":43,"key":"Turnip"},{"floor":44,"key":"Pear"},{"floor":45,"key":"Ornamental Fan"},{"floor":46,"key":"Paper Crane"},{"floor":47,"key":"Dodecahedron"},{"floor":48,"key":"Regal Pillow"}],"event_choices":[{"damage_healed":0,"gold_gain":0,"cards_transformed":["Doppelganger"],"player_choice":"Transformed","damage_taken":0,"max_hp_gain":0,"max_hp_loss":0,"event_name":"Transmorgrifier","floor":13,"gold_loss":0,"cards_obtained":["Riddle With Holes"]}],"is_beta":false,"boss_relics":[{"not_picked":["Fusion Hammer","Coffee Dripper"],"picked":"Velvet Choker"},{"not_picked":["Eternal Feather","Runic Pyramid"],"picked":"HoveringKite"}],"items_purged_floors":[],"is_endless":false,"potions_floor_spawned":[3,6,10,12,14,19,20,23,24,27,33,37,44,45,46,47,48],"ascension_level":0}