{"gold_per_floor":[115,115,40,1,12,12,26,43,96,96,124,39,39,52,52,52],"floor_reached":16,"playtime":712,"items_purged":[],"score":200,"play_id":"7ac8f0ea-43f9-441d-9d9e-4a0fc0d5e6b7","local_time":"20190623215735","is_ascension_mode":true,"campfire_choices":[{"data":"Neutralize","floor":6.0,"key":"SMITH"},{"data":"Catalyst","floor":13,"key":"SMITH"},{"floor":15,"key":"REST"}],"neow_cost":"NONE","seed_source_timestamp":348405598379300,"circlet_count":0,"master_deck":["AscendersBane","Defend_G","Defend_G","Defend_G","Defend_G","Strike_G","Strike_G","Strike_G","Survivor","Neutralize+1","Backstab","Well Laid Plans","PiercingWail","Flying Knee","Tactician","Neutralize","Bouncing Flask","Catalyst+1","Blur","Cloak And Dagger"],"special_seed":0,"relics":["Ring of the Snake","Tiny Chest","Pen Nib"],"potions_floor_usage":[14,16,16],"damage_taken":[{"damage":1.0,"enemies":"Small Slimes","floor":1.0,"turns":4.0},{"damage":0.0,"enemies":"Jaw Worm","floor":5.0,"turns":5.0},{"damage":0.0,"enemies":"Cultist","floor":7.0,"turns":5.0},{"damage":3.0,"enemies":"Looter","floor":8.0,"turns":3.0},{"damage":22,"enemies":"Lagavulin","floor":11,"turns":6},{"damage":24,"enemies":"Gremlin Gang","floor":14,"turns":5},{"damage":29,"enemies":"Slime Boss","floor":16,"turns":7}],"seed_played":"-6710794347007032202","potions_obtained":[{"floor":1.0,"key":"Ancient Potion"},{"floor":11,"key":"PowerPotion"},{"floor":14,"key":"Fruit Juice"}],"is_trial":false,"path_per_floor":["M","?","?","$","M","R","M","M","T","?","E","$","R","M","R","B"],"character_chosen":"THE_SILENT","items_purchased":["Well Laid Plans","Blur"],"campfire_rested":1,"item_purchase_floors":[4,12],"current_hp_per_floor":[58,51,51,51,51,51,51,48,48,48,26,26,26,2,21,0],"gold":52,"neow_bonus":"REMOVE_CARD","is_prod":false,"is_daily":false,"chose_seed":false,"campfire_upgraded":2,"win_rate":0,"timestamp":1561294655,"path_taken":["M","?","?","?","M","R","M","M","T","?","E","$","R","M","R","BOSS"],"build_version":"2019-01-23","purchased_purges":0,"victory":false,"max_hp_per_floor":[66,66,66,66,66,66,66,66,66,66,66,66,66,66,66,71],"card_choices":[{"not_picked":["Noxious Fumes","Masterful Stab"],"picked":"Backstab","floor":1.0},{"not_picked":["Flying Knee","Quick Slash"],"picked":"PiercingWail","floor":5.0},{"not_picked":["Quick Slash","All Out Attack"],"picked":"Flying Knee","floor":7.0},{"not_picked":["Bane","Outmaneuver"],"picked":"Tactician","floor":8.0},{"not_picked":["Acrobatics","Dagger Spray"],"picked":"Catalyst","floor":11},{"not_picked":["Flying Knee","After Image"],"picked":"Cloak And Dagger","floor":14}],"player_experience":1013468,"relics_obtained":[{"floor":9.0,"key":"Tiny Chest"},{"floor":11,"key":"Pen Nib"}],"event_choices":[{"cards_removed":["Strike_G"],"damage_healed":0.0,"max_hp_gain":0.0,"max_hp_loss":0.0,"gold_gain":0.0,"event_name":"Golden Wing","player_choice":"Card Removal","floor":2.0,"gold_loss":0.0,"damage_taken":7.0},{"cards_removed":["Defend_G"],"damage_healed":0.0,"max_hp_gain":0.0,"max_hp_loss":0.0,"gold_gain":0.0,"event_name":"The Cleric","player_choice":"Card Removal","floor":3.0,"gold_loss":75.0,"damage_taken":0.0},{"damage_healed":0,"gold_gain":0,"player_choice":"2 cards matched","damage_taken":0,"max_hp_gain":0,"max_hp_loss":0,"event_name":"Match and Keep!","floor":10,"gold_loss":0,"cards_obtained":["Neutralize","Bouncing Flask"]}],"is_beta":false,"boss_relics":[],"items_purged_floors":[],"is_endless":false,"potions_floor_spawned":[1,11,14],"killed_by":"Slime Boss","ascension_level":20}