{"gold_per_floor":[111,42,42,17,37,69,69,69,149,33,33,46,76,89,89,184,184,198,113,113,124,10,10],"floor_reached":23,"playtime":810,"items_purged":["Strike_G"],"score":300,"play_id":"e11b38a3-aeb0-4343-812a-74f45d0e2d5f","local_time":"20190613122908","is_ascension_mode":true,"campfire_choices":[{"data":"Footwork","floor":7,"key":"SMITH"},{"data":"Dagger Spray","floor":11,"key":"SMITH"},{"floor":15,"key":"REST"}],"neow_cost":"NONE","seed_source_timestamp":143043863040700,"circlet_count":0,"master_deck":["Defend_G","Defend_G","Defend_G","Defend_G","Defend_G","Strike_G+1","Strike_G","Strike_G","Strike_G","Survivor","Neutralize","Cloak And Dagger","Footwork+1","Dagger Spray+1","Footwork+1","PiercingWail","Backstab","Poisoned Stab","Wraith Form v2","Dodge and Roll","Deadly Poison+1","Caltrops"],"relics":["Ring of the Snake","NeowsBlessing","Singing Bowl","Blood Vial","The Courier","Bag of Preparation","Bronze Scales","Snecko Eye","Pear"],"potions_floor_usage":[],"damage_taken":[{"damage":0,"enemies":"Jaw Worm","floor":1,"turns":1},{"damage":0,"enemies":"Small Slimes","floor":5,"turns":1},{"damage":0,"enemies":"3 Sentries","floor":6,"turns":1},{"damage":0,"enemies":"Cultist","floor":12,"turns":3},{"damage":32,"enemies":"Lagavulin","floor":13,"turns":13},{"damage":0,"enemies":"3 Louse","floor":14,"turns":2},{"damage":31,"enemies":"Hexaghost","floor":16,"turns":12},{"damage":8,"enemies":"Chosen","floor":18,"turns":7},{"damage":3,"enemies":"3 Byrds","floor":21,"turns":2},{"damage":64,"enemies":"Gremlin Leader","floor":23,"turns":6}],"seed_played":"9189088080582347887","potions_obtained":[{"floor":5,"key":"Energy Potion"},{"floor":14,"key":"Fire Potion"},{"floor":16,"key":"PowerPotion"},{"floor":20,"key":"SpeedPotion"}],"is_trial":false,"path_per_floor":["M","$","?","$","M","E","R","?","T","$","R","M","E","M","R","B",null,"M","?","?","M","$","E"],"character_chosen":"THE_SILENT","items_purchased":["Footwork","Dagger Spray","Bag of Preparation","Caltrops"],"campfire_rested":1,"item_purchase_floors":[2,4,10,22],"current_hp_per_floor":[63,63,56,56,56,58,58,44,44,44,44,46,16,18,39,10,57,51,61,61,60,60,0],"gold":10,"neow_bonus":"THREE_ENEMY_KILL","is_prod":false,"is_daily":false,"chose_seed":false,"campfire_upgraded":2,"win_rate":0,"timestamp":1560443348,"path_taken":["M","$","?","$","M","E","R","?","T","?","R","?","E","M","R","BOSS","M","?","?","M","$","E"],"build_version":"2019-01-23","purchased_purges":1,"victory":false,"max_hp_per_floor":[70,70,70,70,70,72,72,72,72,72,72,72,72,72,72,72,72,72,82,82,82,82,82],"card_choices":[{"not_picked":["Well Laid Plans","Backflip"],"picked":"Cloak And Dagger","floor":1},{"not_picked":["Quick Slash","Sucker Punch"],"picked":"Footwork","floor":5},{"not_picked":["Distraction","Skewer","Underhanded Strike"],"picked":"Singing Bowl","floor":6},{"not_picked":["Outmaneuver","Bane"],"picked":"PiercingWail","floor":12},{"not_picked":["Skewer","Accuracy"],"picked":"Backstab","floor":13},{"not_picked":["Tactician","Caltrops"],"picked":"Poisoned Stab","floor":14},{"not_picked":["Grand Finale","A Thousand Cuts"],"picked":"Wraith Form v2","floor":16},{"not_picked":["Underhanded Strike","Outmaneuver"],"picked":"Dodge and Roll","floor":18},{"not_picked":["Deflect+1","All Out Attack+1"],"picked":"Deadly Poison+1","floor":21}],"player_experience":254958,"relics_obtained":[{"floor":6,"key":"Blood Vial"},{"floor":9,"key":"The Courier"},{"floor":13,"key":"Bronze Scales"}],"event_choices":[{"damage_healed":0,"gold_gain":0,"player_choice":"Success","damage_taken":7,"relics_obtained":["Singing Bowl"],"max_hp_gain":0,"max_hp_loss":0,"event_name":"Scrap Ooze","floor":3,"gold_loss":0},{"damage_healed":0,"gold_gain":0,"player_choice":"Entered Light","damage_taken":14,"max_hp_gain":0,"max_hp_loss":0,"event_name":"Shining Light","floor":8,"gold_loss":0,"cards_upgraded":["Strike_G","Footwork"]},{"damage_healed":0,"gold_gain":0,"player_choice":"Obtained Relic","damage_taken":0,"relics_obtained":["Pear"],"max_hp_gain":0,"max_hp_loss":0,"event_name":"Addict","floor":19,"gold_loss":85},{"damage_healed":0,"gold_gain":0,"player_choice":"Got Potions","damage_taken":0,"max_hp_gain":0,"max_hp_loss":0,"event_name":"Lab","floor":20,"gold_loss":0}],"is_beta":false,"boss_relics":[{"not_picked":["White Beast Statue","Coffee Dripper"],"picked":"Snecko Eye"}],"items_purged_floors":[22],"is_endless":false,"potions_floor_spawned":[5,14,16],"killed_by":"Gremlin Leader","ascension_level":7}