{"gold_per_floor":[111,121,19,34,49,49,60,60,60,73,73],"floor_reached":11,"playtime":344,"items_purged":[],"score":77,"play_id":"72105973-bb5a-430e-8bad-cd5526d94a0e","local_time":"20181126205435","is_ascension_mode":true,"campfire_choices":[{"data":"Zap","floor":6,"key":"SMITH"},{"data":"White Noise","floor":8,"key":"SMITH"}],"neow_cost":"NONE","seed_source_timestamp":30116158746808,"circlet_count":0,"master_deck":["Strike_B","Strike_B","Strike_B","Strike_B","Defend_B","Defend_B","Defend_B","Defend_B","Zap+1","Dualcast","Echo Form","White Noise+1","Beam Cell","Self Repair","Conserve Battery","Sweeping Beam","Capacitor","Loop","Compile Driver"],"relics":["Cracked Core","Pantograph"],"potions_floor_usage":[],"damage_taken":[{"damage":0,"enemies":"2 Louse","floor":1,"turns":3},{"damage":14,"enemies":"Small Slimes","floor":2,"turns":3},{"damage":0,"enemies":"Cultist","floor":4,"turns":3},{"damage":21,"enemies":"3 Louse","floor":5,"turns":4},{"damage":17,"enemies":"Looter","floor":7,"turns":3},{"damage":10,"enemies":"2 Fungi Beasts","floor":10,"turns":3},{"damage":42,"enemies":"Gremlin Nob","floor":11,"turns":3}],"seed_played":"696370381650043575","potions_obtained":[{"floor":1,"key":"FocusPotion"},{"floor":2,"key":"PowerPotion"},{"floor":7,"key":"Fire Potion"}],"is_trial":false,"path_per_floor":["M","M","$","M","M","R","M","R","T","M","E"],"character_chosen":"DEFECT","items_purchased":["Self Repair","Conserve Battery"],"campfire_rested":0,"item_purchase_floors":[3,3],"current_hp_per_floor":[75,61,61,68,54,54,44,44,44,41,0],"gold":73,"neow_bonus":"ONE_RANDOM_RARE_CARD","is_prod":false,"is_daily":false,"chose_seed":false,"campfire_upgraded":2,"win_rate":0,"timestamp":1543283675,"path_taken":["M","M","$","M","M","R","M","R","T","M","E"],"build_version":"2018-11-15","purchased_purges":0,"victory":false,"max_hp_per_floor":[75,75,75,75,75,75,75,75,75,75,75],"card_choices":[{"not_picked":["Auto Shields","Beam Cell"],"picked":"White Noise","floor":1},{"not_picked":["Storm","Rip and Tear"],"picked":"Beam Cell","floor":2},{"not_picked":["Gash","Beam Cell"],"picked":"Sweeping Beam","floor":4},{"not_picked":["Stack","Redo"],"picked":"Capacitor","floor":5},{"not_picked":["Auto Shields","BootSequence"],"picked":"Loop","floor":7},{"not_picked":["Sweeping Beam","Hologram"],"picked":"Compile Driver","floor":10}],"player_experience":171583,"relics_obtained":[{"floor":9,"key":"Pantograph"}],"event_choices":[],"is_beta":false,"boss_relics":[],"items_purged_floors":[],"is_endless":false,"potions_floor_spawned":[1,2,7],"killed_by":"Gremlin Nob","ascension_level":3}