{"gold_per_floor":[16,16,16,33,47,47,61,61,109,109,109,109,128,149,149,272,310,325,32,32,32,30,30,54,154,154,154,169,207,207,207,207,207],"floor_reached":33,"playtime":2403,"items_purged":[],"score":255,"play_id":"c3712911-0f53-41b2-904d-44e16752aa31","local_time":"20180629122741","is_ascension_mode":false,"campfire_choices":[{"data":"Dual Wield","floor":6,"key":"SMITH"},{"data":"Armaments","floor":10,"key":"SMITH"},{"data":"Clothesline","floor":12,"key":"SMITH"},{"floor":15,"key":"REST"},{"data":"Demon Form","floor":23,"key":"SMITH"},{"data":"Searing Blow+1","floor":27,"key":"SMITH"},{"floor":32,"key":"REST"}],"neow_cost":"NO_GOLD","seed_source_timestamp":1090797380907946,"circlet_count":0,"master_deck":["Strike_R","Strike_R","Defend_R","Defend_R","Defend_R","Bash","Offering","Dual Wield+1","Clothesline+1","Clash","Cleave","Armaments+1","Heavy Blade","Searing Blow+2","Barricade","Shrug It Off","Feel No Pain+1","Demon Form+1","Reaper","Decay","Flame Barrier+1","Whirlwind","Heavy Blade+1","Dropkick+1"],"relics":["Burning Blood","Bronze Scales","Golden Idol","Vajra","Tiny House","Orichalcum","Dodecahedron","Enchiridion"],"potions_floor_usage":[13],"damage_taken":[{"damage":3,"enemies":"Small Slimes","floor":1,"turns":5},{"damage":8,"enemies":"Cultist","floor":4,"turns":3},{"damage":7,"enemies":"Jaw Worm","floor":5,"turns":2},{"damage":17,"enemies":"Exordium Wildlife","floor":7,"turns":4},{"damage":11,"enemies":"Large Slime","floor":13,"turns":3},{"damage":21,"enemies":"Exordium Thugs","floor":14,"turns":4},{"damage":37,"enemies":"The Guardian","floor":16,"turns":10},{"damage":15,"enemies":"Spheric Guardian","floor":18,"turns":4},{"damage":34,"enemies":"2 Thieves","floor":22,"turns":4},{"damage":32,"enemies":"3 Cultists","floor":24,"turns":5},{"damage":12,"enemies":"Centurion and Healer","floor":28,"turns":6},{"damage":57,"enemies":"Book of Stabbing","floor":29,"turns":7},{"damage":76,"enemies":"Automaton","floor":33,"turns":6}],"seed_played":"-7525202942634575013","potions_obtained":[{"floor":4,"key":"SkillPotion"},{"floor":5,"key":"LiquidBronze"},{"floor":7,"key":"Regen Potion"},{"floor":14,"key":"Ancient Potion"},{"floor":16,"key":"PowerPotion"},{"floor":17,"key":"SteroidPotion"},{"floor":18,"key":"Explosive Potion"}],"is_trial":false,"path_per_floor":["M","?","?","M","M","R","M","?","T","R","?","R","M","M","R","B",null,"M","$","?","?","M","R","M","?","T","R","M","E","?","?","R"],"character_chosen":"IRONCLAD","items_purchased":["Demon Form","Reaper"],"campfire_rested":2,"item_purchase_floors":[19,19],"current_hp_per_floor":[80,80,73,71,70,70,59,39,39,39,39,39,43,28,52,21,85,76,76,76,76,64,64,66,66,66,66,71,20,4,4,29,0],"gold":207,"neow_bonus":"TRANSFORM_TWO_CARDS","is_prod":false,"is_daily":false,"chose_seed":false,"campfire_upgraded":5,"win_rate":0.0,"timestamp":1530289661,"path_taken":["M","?","?","M","M","R","M","?","T","R","?","R","M","M","R","BOSS","M","$","?","?","M","R","M","?","T","R","?","E","?","?","R","BOSS"],"build_version":"2018-06-28","purchased_purges":0,"victory":false,"max_hp_per_floor":[80,80,80,80,80,80,80,80,80,80,80,80,80,80,80,80,85,85,85,85,85,85,85,85,85,85,85,85,85,85,85,85,85],"card_choices":[{"not_picked":["Body Slam","Second Wind"],"picked":"Clothesline","floor":1},{"not_picked":["Carnage","Cleave"],"picked":"Clash","floor":4},{"not_picked":["Corruption","Power Through"],"picked":"Cleave","floor":5},{"not_picked":["Perfected Strike","Clash"],"picked":"Armaments","floor":7},{"not_picked":["Twin Strike","Hemokinesis"],"picked":"Heavy Blade","floor":13},{"not_picked":["Headbutt","Reckless Charge"],"picked":"Searing Blow","floor":14},{"not_picked":["Limit Break","Brutality"],"picked":"Barricade","floor":16},{"not_picked":["Thunderclap","Iron Wave"],"picked":"Shrug It Off","floor":17},{"not_picked":["Armaments","Shockwave+1"],"picked":"Feel No Pain+1","floor":18},{"not_picked":["Anger","Corruption"],"picked":"Flame Barrier+1","floor":22},{"not_picked":["Sword Boomerang+1","Warcry+1"],"picked":"Whirlwind","floor":24},{"not_picked":["Flex","Pommel Strike"],"picked":"Heavy Blade+1","floor":28},{"not_picked":["Demon Form","Sever Soul"],"picked":"Dropkick+1","floor":29}],"player_experience":17075,"relics_obtained":[{"floor":9,"key":"Vajra"},{"floor":26,"key":"Orichalcum"},{"floor":29,"key":"Dodecahedron"},{"floor":30,"key":"Enchiridion"}],"event_choices":[{"event_name":"Wheel of Change","player_choice":"Relic","floor":2,"damage_taken":0},{"event_name":"Golden Wing","player_choice":"Card Removal","floor":3,"damage_taken":0},{"event_name":"Golden Idol","player_choice":"Take Damage","floor":8,"damage_taken":0},{"event_name":"The Woman in Blue","player_choice":"Bought 0 Potions","floor":11,"damage_taken":0},{"event_name":"Back to Basics","player_choice":"Elegance","floor":20,"damage_taken":0},{"event_name":"Wheel of Change","player_choice":"Curse","floor":21,"damage_taken":0},{"event_name":"Golden Shrine","player_choice":"Pray","floor":25,"damage_taken":0},{"event_name":"Cursed Tome","player_choice":"Obtained Book","floor":30,"damage_taken":0},{"event_name":"Ghosts","player_choice":"Ignored","floor":31,"damage_taken":0}],"boss_relics":[{"not_picked":["Runic Dome","Calling Bell"],"picked":"Tiny House"}],"items_purged_floors":[],"is_endless":false,"potions_floor_spawned":[4,5,7,14,16,18,29],"killed_by":"Automaton","ascension_level":0}