{"gold_per_floor":[110,65,240,240,259,259,287,287,341,369,16,16,27,42,42,140,140,158,158,171,0,0,0],"floor_reached":23,"playtime":924,"items_purged":["Doubt","Strike_B"],"score":246,"play_id":"d1478147-fffd-478e-9d3f-aafe1ff3c1d5","local_time":"20190625172957","is_ascension_mode":true,"campfire_choices":[{"data":"Consume","floor":6,"key":"SMITH"},{"data":"Loop","floor":8,"key":"SMITH"},{"floor":15,"key":"REST"}],"neow_cost":"NONE","seed_source_timestamp":971328293288600,"circlet_count":0,"master_deck":["Strike_B","Strike_B","Strike_B","Defend_B","Defend_B+1","Defend_B+1","Defend_B","Zap","Dualcast","Streamline+1","Conserve Battery","Consume+1","Loop+1","Undo","Self Repair+1","Genetic Algorithm","Core Surge","Coolheaded","Coolheaded","Gash","Glacier+1"],"relics":["Cracked Core","Ancient Tea Set","Mango","War Paint","Pen Nib","OrangePellets","Eternal Feather"],"potions_floor_usage":[10,16],"damage_taken":[{"damage":3,"enemies":"2 Louse","floor":1,"turns":3},{"damage":3,"enemies":"Small Slimes","floor":5,"turns":3},{"damage":33,"enemies":"Gremlin Nob","floor":7,"turns":4},{"damage":36,"enemies":"3 Sentries","floor":10,"turns":9},{"damage":0,"enemies":"Cultist","floor":13,"turns":4},{"damage":14,"enemies":"Looter","floor":14,"turns":3},{"damage":31,"enemies":"Slime Boss","floor":16,"turns":9},{"damage":40,"enemies":"Spheric Guardian","floor":18,"turns":7},{"damage":34,"enemies":"Shell Parasite","floor":20,"turns":11},{"damage":27,"enemies":"Slavers","floor":23,"turns":2}],"seed_played":"7821364954258941690","potions_obtained":[{"floor":1,"key":"Strength Potion"},{"floor":7,"key":"EssenceOfSteel"},{"floor":18,"key":"LiquidBronze"},{"floor":20,"key":"Swift Potion"}],"is_trial":false,"path_per_floor":["M","$","?","?","M","R","E","R","T","E","$","?","M","M","R","B",null,"M","?","M","$","?","E"],"character_chosen":"DEFECT","items_purchased":["Conserve Battery","OrangePellets","Self Repair","Glacier"],"campfire_rested":1,"item_purchase_floors":[2,11,11,21],"current_hp_per_floor":[72,72,72,72,69,69,50,50,50,14,14,14,24,20,46,25,73,43,43,19,19,19,0],"gold":0,"neow_bonus":"RANDOM_COMMON_RELIC","is_prod":false,"is_daily":false,"chose_seed":false,"campfire_upgraded":2,"win_rate":0,"timestamp":1561498197,"path_taken":["M","$","?","?","?","R","E","R","T","E","$","?","M","M","R","BOSS","M","?","M","$","?","E"],"build_version":"2019-01-23","purchased_purges":2,"victory":false,"max_hp_per_floor":[75,75,75,75,75,75,89,89,89,89,89,89,89,89,89,89,89,89,89,89,89,89,89],"card_choices":[{"not_picked":["Go for the Eyes","Recycle"],"picked":"Streamline","floor":1},{"not_picked":["Heatsinks","Leap"],"picked":"Consume","floor":5},{"not_picked":["Coolheaded","Melter"],"picked":"Loop","floor":7},{"not_picked":["Streamline","Redo"],"picked":"Undo","floor":10},{"not_picked":["Cold Snap","Conserve Battery"],"picked":"Genetic Algorithm","floor":13},{"not_picked":["Sunder","Tempest","Leap"],"picked":"SKIP","floor":14},{"not_picked":["Meteor Strike","Seek"],"picked":"Core Surge","floor":16},{"not_picked":["Turbo+1","Recycle+1"],"picked":"Coolheaded","floor":18},{"not_picked":["Hologram","Stack"],"picked":"Gash","floor":20}],"player_experience":266587,"relics_obtained":[{"floor":7,"key":"Mango"},{"floor":9,"key":"War Paint"},{"floor":10,"key":"Pen Nib"}],"event_choices":[{"damage_healed":0,"gold_gain":175,"player_choice":"AGREE","damage_taken":0,"max_hp_gain":0,"max_hp_loss":0,"event_name":"Liars Game","floor":3,"gold_loss":0,"cards_obtained":["Doubt"]},{"damage_healed":0,"gold_gain":0,"player_choice":"Forge","damage_taken":0,"max_hp_gain":0,"max_hp_loss":0,"event_name":"Accursed Blacksmith","floor":4,"gold_loss":0,"cards_upgraded":["Streamline"]},{"damage_healed":0,"gold_gain":0,"player_choice":"Grow","damage_taken":0,"max_hp_gain":0,"max_hp_loss":0,"event_name":"Living Wall","floor":12,"gold_loss":0,"cards_upgraded":["Self Repair"]},{"damage_healed":0,"gold_gain":0,"player_choice":"Read","damage_taken":0,"max_hp_gain":0,"max_hp_loss":0,"event_name":"The Library","floor":19,"gold_loss":0,"cards_obtained":["Coolheaded"]},{"damage_healed":0,"gold_gain":0,"player_choice":"Upgraded","damage_taken":0,"max_hp_gain":0,"max_hp_loss":0,"event_name":"Upgrade Shrine","floor":22,"gold_loss":0,"cards_upgraded":["Glacier"]}],"is_beta":false,"boss_relics":[{"not_picked":["FrozenCore","Runic Dome"],"picked":"Eternal Feather"}],"items_purged_floors":[11,21],"is_endless":false,"potions_floor_spawned":[1,7,18,20],"killed_by":"Slavers","ascension_level":5}