{"gold_per_floor":[116,135,60,80,97,132,132,132,132,167,167,182,44,44,44,147,147,159,170,184,198,212,212,244,244,244,244,244,244,269,287,287,287],"floor_reached":33,"playtime":2213,"items_purged":["Strike_G","Strike_G"],"score":456,"play_id":"416ed3d6-497b-4f33-9fce-bd32de764894","local_time":"20190628122608","is_ascension_mode":true,"campfire_choices":[{"floor":7,"key":"REST"},{"data":"Malaise","floor":11,"key":"SMITH"},{"data":"Deadly Poison","floor":15,"key":"SMITH"},{"data":"Adrenaline","floor":23,"key":"SMITH"},{"floor":27,"key":"REST"},{"data":"Envenom","floor":32,"key":"SMITH"}],"neow_cost":"NONE","seed_source_timestamp":1211011525382100,"circlet_count":0,"master_deck":["Defend_G+1","Defend_G+1","Defend_G+1","Defend_G+1","Defend_G+1","Survivor","Neutralize","Blur","Cloak And Dagger","Deadly Poison+1","Dash+1","Well Laid Plans","Malaise+1","Infinite Blades","Caltrops","Adrenaline+1","A Thousand Cuts+1","Venomology+1","Heel Hook+1","Blade Dance+1","Backstab","Envenom+1","Backflip+1"],"relics":["Ring of the Snake","Strawberry","Mango","The Courier","Astrolabe","Question Card","Ice Cream","Blue Candle","Orichalcum"],"potions_floor_usage":[10,20,21,22,24,24,30,31,33],"damage_taken":[{"damage":1,"enemies":"Cultist","floor":1,"turns":5},{"damage":1,"enemies":"2 Louse","floor":2,"turns":3},{"damage":0,"enemies":"Small Slimes","floor":4,"turns":6},{"damage":34,"enemies":"Gremlin Gang","floor":5,"turns":10},{"damage":15,"enemies":"3 Sentries","floor":6,"turns":13},{"damage":22,"enemies":"Lagavulin","floor":10,"turns":8},{"damage":3,"enemies":"Large Slime","floor":12,"turns":9},{"damage":6,"enemies":"Hexaghost","floor":16,"turns":11},{"damage":0,"enemies":"3 Byrds","floor":18,"turns":5},{"damage":11,"enemies":"Spheric Guardian","floor":19,"turns":4},{"damage":2,"enemies":"Cultist and Chosen","floor":20,"turns":5},{"damage":6,"enemies":"Centurion and Healer","floor":21,"turns":10},{"damage":9,"enemies":"Chosen and Byrds","floor":22,"turns":6},{"damage":40,"enemies":"Slavers","floor":24,"turns":6},{"damage":7,"enemies":"Gremlin Leader","floor":30,"turns":6},{"damage":0,"enemies":"Snake Plant","floor":31,"turns":4},{"damage":55,"enemies":"Champ","floor":33,"turns":11}],"seed_played":"5220594135708123651","potions_obtained":[{"floor":2,"key":"Dexterity Potion"},{"floor":6,"key":"EntropicBrew"},{"floor":19,"key":"PowerPotion"},{"floor":22,"key":"SpeedPotion"},{"floor":31,"key":"Strength Potion"}],"is_trial":false,"path_per_floor":["M","M","$","M","M","E","R","?","T","E","R","M","$","?","R","B",null,"M","M","M","M","M","R","E","?","T","R","?","?","E","M","R","B"],"character_chosen":"THE_SILENT","items_purchased":["Caltrops"],"campfire_rested":2,"item_purchase_floors":[13],"current_hp_per_floor":[69,68,68,68,34,26,51,51,51,43,43,40,40,40,40,34,82,82,71,69,63,54,54,14,14,14,43,43,48,41,41,41,0],"gold":287,"neow_bonus":"TEN_PERCENT_HP_BONUS","is_prod":false,"is_daily":false,"chose_seed":false,"campfire_upgraded":4,"win_rate":0,"timestamp":1561739168,"path_taken":["M","?","$","M","M","E","R","?","T","E","R","M","$","?","R","BOSS","M","M","M","M","?","R","E","?","T","R","?","?","E","?","R","BOSS"],"build_version":"2019-01-23","purchased_purges":2,"victory":false,"max_hp_per_floor":[77,77,77,77,77,84,84,84,84,98,98,98,98,98,98,98,98,98,98,98,98,98,98,98,98,98,98,98,98,98,98,98,98],"card_choices":[{"not_picked":["Bane","Blade Dance"],"picked":"Blur","floor":1},{"not_picked":["Well Laid Plans","Distraction"],"picked":"Cloak And Dagger","floor":2},{"not_picked":["Calculated Gamble","Acrobatics"],"picked":"Deadly Poison","floor":4},{"not_picked":["Heel Hook","Accuracy"],"picked":"Dash","floor":5},{"not_picked":["Deflect","Cloak And Dagger"],"picked":"Well Laid Plans","floor":6},{"not_picked":["Cloak And Dagger","Slice"],"picked":"Malaise","floor":10},{"not_picked":["Eviscerate","Bane"],"picked":"Infinite Blades","floor":12},{"not_picked":["Glass Knife","Night Terror"],"picked":"Adrenaline","floor":16},{"not_picked":["Skewer","Reflex"],"picked":"Blade Dance+1","floor":18},{"not_picked":["Reflex","Bane","Blade Dance"],"picked":"SKIP","floor":19},{"not_picked":["Heel Hook","Terror+1"],"picked":"Dodge and Roll","floor":20},{"not_picked":["Skewer","Sucker Punch","Bane+1"],"picked":"SKIP","floor":21},{"not_picked":["Flying Knee","Acrobatics"],"picked":"Backstab","floor":22},{"not_picked":["Deflect","PiercingWail"],"picked":"Envenom","floor":24},{"not_picked":["Outmaneuver","Prepared","Storm of Steel"],"picked":"Backflip+1","floor":30},{"not_picked":["Caltrops","Sucker Punch","Prepared+1","Predator"],"picked":"SKIP","floor":31}],"player_experience":294053,"relics_obtained":[{"floor":6,"key":"Strawberry"},{"floor":10,"key":"Mango"},{"floor":24,"key":"Question Card"},{"floor":26,"key":"Blue Candle"},{"floor":30,"key":"Orichalcum"}],"event_choices":[{"damage_healed":0,"gold_gain":0,"player_choice":"Grow","damage_taken":0,"max_hp_gain":0,"max_hp_loss":0,"event_name":"Living Wall","floor":8,"gold_loss":0,"cards_upgraded":["Dash"]},{"damage_healed":0,"gold_gain":0,"player_choice":"Gave Potion","damage_taken":0,"relics_obtained":["The Courier"],"max_hp_gain":0,"max_hp_loss":0,"event_name":"WeMeetAgain","floor":14,"gold_loss":0},{"damage_healed":0,"gold_gain":0,"player_choice":"Opened","damage_taken":0,"relics_obtained":["Ice Cream"],"max_hp_gain":0,"max_hp_loss":0,"event_name":"The Mausoleum","floor":25,"gold_loss":0},{"damage_healed":0,"gold_gain":0,"player_choice":"Simplicity","damage_taken":0,"max_hp_gain":0,"max_hp_loss":0,"event_name":"Back to Basics","floor":28,"gold_loss":0,"cards_upgraded":["Defend_G","Defend_G","Defend_G","Defend_G","Defend_G"]},{"cards_removed":["Dodge and Roll"],"damage_healed":5,"gold_gain":0,"player_choice":"Offered Common","damage_taken":0,"max_hp_gain":0,"max_hp_loss":0,"event_name":"Bonfire Elementals","floor":29,"gold_loss":0},{"cards_removed":["Dodge and Roll"],"damage_healed":5,"gold_gain":0,"player_choice":"Offered Special","damage_taken":0,"max_hp_gain":0,"max_hp_loss":0,"event_name":"Bonfire Elementals","floor":29,"gold_loss":0}],"is_beta":false,"boss_relics":[{"not_picked":["Calling Bell","Tiny House"],"picked":"Astrolabe"}],"items_purged_floors":[3,13],"is_endless":false,"potions_floor_spawned":[2,6,19,22,31],"killed_by":"Champ","ascension_level":9}