{"gold_per_floor":[114,129,144,319,319,319,319,319,319,334,349,379,49,64,64,164,164,179,96,15,15,30,30,45,60,60,75,90,105,135,135],"floor_reached":31,"playtime":1773,"items_purged":[],"score":286,"play_id":"776ecd52-1814-4dd7-a9d6-6a291dfac84c","local_time":"20190225091148","daily_mods":["Shiny","Uncertain Future","Night Terrors"],"is_ascension_mode":false,"campfire_choices":[{"data":"Electrodynamics","floor":6,"key":"SMITH"},{"data":"Thunder Strike","floor":8,"key":"SMITH"},{"data":"Loop","floor":15,"key":"SMITH"},{"data":"Storm","floor":23,"key":"SMITH"}],"neow_cost":"","seed_source_timestamp":0,"circlet_count":0,"master_deck":["Multi-Cast","Hyperbeam","Thunder Strike+1","Biased Cognition","Machine Learning","Electrodynamics+1","Buffer","Rainbow","Seek","Meteor Strike","Echo Form","All For One","Reboot","Amplify+1","Creative AI","Core Surge","Tempest","Turbo","Rebound","Doubt","White Noise","Capacitor","Coolheaded","Loop+1","Melter","Electrodynamics","Steam","Storm+1","Coolheaded","Ball Lightning","Barrage","Beam Cell","Forethought+1","Storm","Cold Snap","Self Repair","Sweeping Beam+1","Beam Cell+1","Coolheaded+1","Thunder Strike+1","Ball Lightning+1"],"special_seed":17952,"relics":["Cracked Core","Sundial","Art of War","Letter Opener","Orrery","Nloth\u0027s Gift","Molten Egg 2","War Paint"],"potions_floor_usage":[10,29,29,31],"damage_taken":[{"damage":0,"enemies":"2 Louse","floor":1,"turns":1},{"damage":9,"enemies":"Jaw Worm","floor":2,"turns":3},{"damage":0,"enemies":"Cultist","floor":3,"turns":4},{"damage":14,"enemies":"2 Fungi Beasts","floor":10,"turns":3},{"damage":0,"enemies":"Lots of Slimes","floor":11,"turns":1},{"damage":14,"enemies":"Gremlin Nob","floor":12,"turns":3},{"damage":7,"enemies":"Blue Slaver","floor":14,"turns":2},{"damage":23,"enemies":"Hexaghost","floor":16,"turns":4},{"damage":2,"enemies":"Chosen","floor":18,"turns":3},{"damage":5,"enemies":"3 Byrds","floor":22,"turns":2},{"damage":0,"enemies":"3 Cultists","floor":24,"turns":2},{"damage":10,"enemies":"Cultist and Chosen","floor":25,"turns":4},{"damage":13,"enemies":"Snecko","floor":27,"turns":3},{"damage":24,"enemies":"Centurion and Healer","floor":28,"turns":4},{"damage":9,"enemies":"Chosen and Byrds","floor":29,"turns":3},{"damage":18,"enemies":"Gremlin Leader","floor":30,"turns":4},{"damage":35,"enemies":"Snake Plant","floor":31,"turns":2}],"seed_played":"-6516255005524469742","potions_obtained":[{"floor":3,"key":"Swift Potion"},{"floor":11,"key":"FearPotion"},{"floor":12,"key":"SteroidPotion"},{"floor":25,"key":"Regen Potion"},{"floor":27,"key":"Dexterity Potion"},{"floor":28,"key":"Swift Potion"}],"is_trial":false,"path_per_floor":["M","M","M","?","?","R","?","R","T","M","M","E","$","M","R","B",null,"M","$","$","?","M","R","M","M","T","M","M","M","E","M"],"character_chosen":"DEFECT","items_purchased":["Letter Opener","Loop","Forethought","Storm"],"campfire_rested":0,"item_purchase_floors":[13,13,19,20],"current_hp_per_floor":[75,66,66,66,48,48,85,85,85,71,71,57,57,50,50,27,85,83,83,83,83,78,78,78,75,75,62,45,45,34,0],"gold":135,"neow_bonus":"","is_prod":false,"is_daily":true,"chose_seed":false,"campfire_upgraded":4,"win_rate":0,"timestamp":1551085908,"path_taken":["M","M","M","?","?","R","?","R","T","M","M","E","$","M","R","BOSS","M","?","$","?","M","R","?","M","T","M","M","M","E","M"],"build_version":"2019-01-23","purchased_purges":0,"victory":false,"max_hp_per_floor":[75,75,75,75,75,75,85,85,85,85,85,85,85,85,85,85,85,85,85,85,85,85,85,85,85,85,85,85,85,85,85],"card_choices":[{"not_picked":["Leap","Stack"],"picked":"Tempest","floor":1},{"not_picked":["Streamline","Force Field"],"picked":"Turbo","floor":2},{"not_picked":["Redo","Go for the Eyes"],"picked":"Rebound","floor":3},{"not_picked":["Conserve Battery","Rebound"],"picked":"White Noise","floor":10},{"not_picked":["Sweeping Beam","Compile Driver"],"picked":"Capacitor","floor":11},{"not_picked":["Barrage","Core Surge"],"picked":"Coolheaded","floor":12},{"not_picked":["Force Field","Capacitor"],"picked":"Melter","floor":14},{"not_picked":["Biased Cognition","Multi-Cast"],"picked":"Electrodynamics","floor":16},{"not_picked":["Rebound","Melter"],"picked":"Steam","floor":17},{"not_picked":["Blizzard","Conserve Battery"],"picked":"Storm","floor":17},{"not_picked":["Hyperbeam","Redo"],"picked":"Coolheaded","floor":17},{"not_picked":["Turbo","Steam"],"picked":"Ball Lightning","floor":17},{"not_picked":["Double Energy","Turbo"],"picked":"Barrage","floor":17},{"not_picked":["Gash","Leap"],"picked":"Beam Cell","floor":18},{"not_picked":["Leap","Gash+1"],"picked":"Cold Snap","floor":22},{"not_picked":["Leap","Undo"],"picked":"Self Repair","floor":24},{"not_picked":["Hologram","Steam+1"],"picked":"Sweeping Beam+1","floor":25},{"not_picked":["Steam Power","Coolheaded"],"picked":"Beam Cell+1","floor":27},{"not_picked":["Turbo+1","Heatsinks+1"],"picked":"Coolheaded+1","floor":28},{"not_picked":["Force Field","Lockon+1"],"picked":"Thunder Strike+1","floor":29},{"not_picked":["White Noise","Go for the Eyes+1"],"picked":"Ball Lightning+1","floor":30}],"player_experience":220897,"relics_obtained":[{"floor":9,"key":"Symbiotic Virus"},{"floor":12,"key":"Art of War"},{"floor":26,"key":"Molten Egg 2"},{"floor":30,"key":"War Paint"}],"event_choices":[{"damage_healed":0,"gold_gain":175,"player_choice":"AGREE","damage_taken":0,"max_hp_gain":0,"max_hp_loss":0,"event_name":"Liars Game","floor":4,"gold_loss":0,"cards_obtained":["Doubt"]},{"damage_healed":0,"gold_gain":0,"player_choice":"Success","damage_taken":18,"relics_obtained":["Sundial"],"max_hp_gain":0,"max_hp_loss":0,"event_name":"Scrap Ooze","floor":5,"gold_loss":0},{"cards_removed":["Fission"],"damage_healed":27,"gold_gain":0,"player_choice":"Offered Rare","damage_taken":0,"max_hp_gain":10,"max_hp_loss":0,"event_name":"Bonfire Elementals","floor":7,"gold_loss":0},{"damage_healed":0,"gold_gain":0,"player_choice":"Traded Relic","damage_taken":0,"relics_obtained":["Nloth\u0027s Gift"],"max_hp_gain":0,"max_hp_loss":0,"event_name":"N\u0027loth","floor":21,"relics_lost":["Symbiotic Virus"],"gold_loss":0}],"is_beta":false,"boss_relics":[{"not_picked":["Velvet Choker","Runic Pyramid"],"picked":"Orrery"}],"items_purged_floors":[],"is_endless":false,"potions_floor_spawned":[3,11,12,25,27,28],"killed_by":"Snake Plant","ascension_level":0}