{"gold_per_floor":[119,21,21,21,34,34,49,63,63,63,78,157,191,266,266,386,386,409,409,422,422,422],"floor_reached":22,"playtime":926,"items_purged":[],"score":212,"play_id":"8c265766-1496-46cb-b5c6-1ba56e3c763d","local_time":"20181127224643","is_ascension_mode":true,"campfire_choices":[{"data":"Zap","floor":6,"key":"SMITH"},{"data":"Genetic Algorithm","floor":10,"key":"SMITH"},{"floor":15,"key":"REST"}],"neow_cost":"NONE","seed_source_timestamp":122662494893142,"circlet_count":0,"master_deck":["Strike_B","Strike_B","Strike_B","Strike_B","Defend_B","Defend_B","Defend_B","Defend_B","Zap+1","Dualcast","Gash","Ball Lightning","Gash","Conserve Battery","Injury","Chill","Genetic Algorithm+1","Steam","Self Repair","Core Surge","Redo","Echo Form+1","Go for the Eyes+1","Writhe","Hologram"],"relics":["Cracked Core","Golden Idol","Bottled Flame","Shuriken","Molten Egg 2","Fusion Hammer","Art of War"],"potions_floor_usage":[16,16,16],"damage_taken":[{"damage":7,"enemies":"Jaw Worm","floor":1,"turns":4},{"damage":2,"enemies":"2 Louse","floor":5,"turns":2},{"damage":8,"enemies":"Small Slimes","floor":7,"turns":3},{"damage":4,"enemies":"2 Fungi Beasts","floor":8,"turns":4},{"damage":0,"enemies":"Exordium Thugs","floor":11,"turns":5},{"damage":20,"enemies":"3 Sentries","floor":12,"turns":8},{"damage":18,"enemies":"3 Sentries","floor":13,"turns":7},{"damage":46,"enemies":"Slime Boss","floor":16,"turns":13},{"damage":30,"enemies":"Spheric Guardian","floor":18,"turns":6},{"damage":15,"enemies":"Shell Parasite","floor":20,"turns":8},{"damage":40,"enemies":"Cultist and Chosen","floor":22,"turns":7}],"seed_played":"185650118474632965","potions_obtained":[{"floor":11,"key":"EntropicBrew"},{"floor":13,"key":"Dexterity Potion"},{"floor":16,"key":"Swift Potion"},{"floor":20,"key":"Block Potion"}],"is_trial":false,"path_per_floor":["M","$","?","?","M","R","M","M","T","R","M","?","E","?","R","B",null,"M","?","M","?","M"],"character_chosen":"DEFECT","items_purchased":["Gash","Conserve Battery"],"campfire_rested":1,"item_purchase_floors":[2,2],"current_hp_per_floor":[68,68,73,73,71,71,63,59,59,59,59,46,35,24,48,9,80,57,57,49,49,9],"gold":422,"neow_bonus":"THREE_CARDS","is_prod":false,"is_daily":false,"chose_seed":false,"campfire_upgraded":2,"win_rate":0,"timestamp":1543376803,"path_taken":["M","$","?","?","M","R","M","?","T","R","M","?","E","?","R","BOSS","M","?","M","?","?"],"build_version":"2018-11-15","purchased_purges":0,"victory":false,"max_hp_per_floor":[75,75,80,80,80,80,80,80,80,80,80,80,80,80,80,80,80,80,80,80,80,80],"card_choices":[{"not_picked":["Stack","Consume"],"picked":"Gash","floor":0},{"not_picked":["Compile Driver","Coolheaded"],"picked":"Ball Lightning","floor":1},{"not_picked":["Double Energy","Redo"],"picked":"Chill","floor":5},{"not_picked":["Steam Power","Turbo"],"picked":"Genetic Algorithm","floor":7},{"not_picked":["Ball Lightning","Doom and Gloom"],"picked":"Steam","floor":8},{"not_picked":["Tempest","Leap"],"picked":"Self Repair","floor":11},{"not_picked":["Gash","Cold Snap"],"picked":"Core Surge","floor":12},{"not_picked":["Static Discharge","Steam"],"picked":"Redo","floor":13},{"not_picked":["Rainbow","Buffer"],"picked":"Echo Form","floor":16},{"not_picked":["Ball Lightning+1","Steam+1"],"picked":"Go for the Eyes+1","floor":18},{"not_picked":["Heatsinks","Redo"],"picked":"Hologram","floor":20}],"player_experience":180505,"relics_obtained":[{"floor":9,"key":"Bottled Flame"},{"floor":12,"key":"Shuriken"},{"floor":13,"key":"Molten Egg 2"}],"event_choices":[{"damage_healed":0,"gold_gain":0,"player_choice":"Donut","damage_taken":0,"max_hp_gain":5,"max_hp_loss":0,"event_name":"Big Fish","floor":3,"gold_loss":0},{"damage_healed":0,"gold_gain":0,"player_choice":"Take Wound","damage_taken":0,"relics_obtained":["Golden Idol"],"max_hp_gain":0,"max_hp_loss":0,"event_name":"Golden Idol","floor":4,"gold_loss":0,"cards_obtained":["Injury"]},{"damage_healed":0,"gold_gain":0,"player_choice":"Searched \u00272\u0027 times","damage_taken":0,"max_hp_gain":0,"max_hp_loss":0,"event_name":"Dead Adventurer","floor":12,"gold_loss":0},{"damage_healed":0,"gold_gain":75,"player_choice":"Gather Gold","damage_taken":11,"max_hp_gain":0,"max_hp_loss":0,"event_name":"World of Goop","floor":14,"gold_loss":0},{"damage_healed":0,"gold_gain":0,"player_choice":"Opened","damage_taken":0,"relics_obtained":["Art of War"],"max_hp_gain":0,"max_hp_loss":0,"event_name":"The Mausoleum","floor":19,"gold_loss":0,"cards_obtained":["Writhe"]},{"damage_healed":0,"gold_gain":0,"player_choice":"Forge","damage_taken":0,"max_hp_gain":0,"max_hp_loss":0,"event_name":"Accursed Blacksmith","floor":21,"gold_loss":0,"cards_upgraded":["Echo Form"]}],"is_beta":false,"boss_relics":[{"not_picked":["Philosopher\u0027s Stone","Empty Cage"],"picked":"Fusion Hammer"}],"items_purged_floors":[],"is_endless":false,"potions_floor_spawned":[11,13,16,20],"killed_by":"Cultist and Chosen","ascension_level":3}