{"gold_per_floor":[116,291,306,127,127,161,161,188,211,230,244,244,260,260,260,355,355,310,310,235,24,24],"floor_reached":22,"playtime":1225,"items_purged":["Defend_B","Defend_B"],"score":194,"play_id":"99492ed0-9b12-4bd3-b532-4bcb99621f9f","local_time":"20181025220029","is_ascension_mode":false,"campfire_choices":[{"data":"Hologram","floor":7,"key":"SMITH"},{"data":"Loop","floor":12,"key":"SMITH"},{"data":"Multi-Cast","floor":15,"key":"SMITH"}],"neow_cost":"NONE","seed_source_timestamp":1335900002229113,"circlet_count":0,"master_deck":["Strike_B","Strike_B","Defend_B","Defend_B","Zap+1","Dualcast","Cold Snap","Loop+1","Leap","Hologram+1","Multi-Cast+1","Doom and Gloom+1","Chill","Core Surge+1","White Noise","Rebound+1","Blizzard+1","Loop"],"relics":["Cracked Core","Bag of Marbles","Molten Egg 2","Blood Vial","Ectoplasm"],"potions_floor_usage":[11,16],"damage_taken":[{"damage":7,"enemies":"Small Slimes","floor":1,"turns":3},{"damage":2,"enemies":"2 Louse","floor":3,"turns":3},{"damage":27,"enemies":"Lagavulin","floor":6,"turns":6},{"damage":8,"enemies":"3 Sentries","floor":8,"turns":9},{"damage":0,"enemies":"Cultist","floor":10,"turns":3},{"damage":4,"enemies":"Large Slime","floor":11,"turns":4},{"damage":0,"enemies":"Blue Slaver","floor":13,"turns":3},{"damage":26,"enemies":"The Guardian","floor":16,"turns":10},{"damage":2,"enemies":"2 Thieves","floor":18,"turns":4},{"damage":1,"enemies":"Chosen","floor":19,"turns":6},{"damage":16,"enemies":"Colosseum Slavers","floor":22,"turns":4},{"damage":66,"enemies":"Colosseum Nobs","floor":22,"turns":4}],"seed_played":"-675979388448097565","potions_obtained":[{"floor":8,"key":"GamblersBrew"},{"floor":10,"key":"EssenceOfSteel"},{"floor":11,"key":"Fruit Juice"}],"is_trial":false,"path_per_floor":["M","?","M","$","?","E","R","E","T","M","M","R","M","?","R","B",null,"M","M","?","$"],"character_chosen":"DEFECT","items_purchased":["Loop","Leap","Blizzard+1","Loop"],"campfire_rested":0,"item_purchase_floors":[4,4,21,21],"current_hp_per_floor":[68,68,66,66,66,39,39,31,31,33,36,36,38,31,31,7,80,78,79,79,79,0],"gold":24,"neow_bonus":"UPGRADE_CARD","is_prod":false,"is_daily":false,"chose_seed":false,"campfire_upgraded":3,"win_rate":0.0,"timestamp":1540519229,"path_taken":["M","?","M","$","?","E","R","E","T","M","?","R","M","?","R","BOSS","M","M","?","$","?"],"build_version":"2018-10-25","purchased_purges":2,"victory":false,"max_hp_per_floor":[75,75,75,75,75,75,75,75,75,75,80,80,80,80,80,80,80,80,80,80,80,80],"card_choices":[{"not_picked":["Compile Driver","Barrage"],"picked":"Cold Snap","floor":1},{"not_picked":["Rebound","Coolheaded","Barrage"],"picked":"SKIP","floor":3},{"not_picked":["Recycle","Cold Snap"],"picked":"Hologram","floor":6},{"not_picked":["Steam","Leap"],"picked":"Multi-Cast","floor":8},{"not_picked":["Gash+1","Compile Driver+1"],"picked":"Doom and Gloom+1","floor":10},{"not_picked":["Stack","Barrage+1","Turbo"],"picked":"SKIP","floor":11},{"not_picked":["Stack","Double Energy"],"picked":"Chill","floor":13},{"not_picked":["Meteor Strike+1","Hyperbeam+1"],"picked":"Core Surge+1","floor":16},{"not_picked":["Hologram","Stack"],"picked":"White Noise","floor":18},{"not_picked":["Gash+1","Reprogram"],"picked":"Rebound+1","floor":19}],"player_experience":83994,"relics_obtained":[{"floor":6,"key":"Bag of Marbles"},{"floor":8,"key":"Molten Egg 2"},{"floor":9,"key":"Blood Vial"}],"event_choices":[{"damage_healed":0,"gold_gain":175,"player_choice":"AGREE","damage_taken":0,"max_hp_gain":0,"max_hp_loss":0,"event_name":"Liars Game","floor":2,"gold_loss":0,"cards_obtained":["Doubt"]},{"cards_removed":["Doubt"],"damage_healed":0,"gold_gain":0,"player_choice":"Forget","damage_taken":0,"max_hp_gain":0,"max_hp_loss":0,"event_name":"Living Wall","floor":5,"gold_loss":0},{"cards_removed":["Strike_B"],"damage_healed":0,"gold_gain":0,"player_choice":"Card Removal","damage_taken":7,"max_hp_gain":0,"max_hp_loss":0,"event_name":"Golden Wing","floor":14,"gold_loss":0},{"cards_removed":["Strike_B"],"damage_healed":0,"gold_gain":0,"player_choice":"Gave Gold","damage_taken":0,"max_hp_gain":0,"max_hp_loss":0,"event_name":"Beggar","floor":20,"gold_loss":75},{"damage_healed":0,"gold_gain":0,"player_choice":"Fight","damage_taken":0,"max_hp_gain":0,"max_hp_loss":0,"event_name":"Colosseum","floor":22,"gold_loss":0},{"damage_healed":0,"gold_gain":0,"player_choice":"Fought Nobs","damage_taken":0,"max_hp_gain":0,"max_hp_loss":0,"event_name":"Colosseum","floor":22,"gold_loss":0}],"is_beta":false,"boss_relics":[{"not_picked":["Fusion Hammer","Eternal Feather"],"picked":"Ectoplasm"}],"items_purged_floors":[4,21],"is_endless":false,"potions_floor_spawned":[8,10,11],"killed_by":"Colosseum Nobs","ascension_level":0}