{"gold_per_floor":[214,15,25,200,275,307,307,338,338,338,338,338,1,20,20,116,116,128,128,140,160,160],"floor_reached":22,"playtime":2360,"items_purged":[],"score":221,"play_id":"3fcdded1-a97f-4bfc-9461-ff8ed9b7ce66","local_time":"20190308105424","is_ascension_mode":true,"campfire_choices":[{"floor":7,"key":"REST"},{"floor":15,"key":"REST"}],"neow_cost":"NONE","seed_source_timestamp":582626571719600,"circlet_count":0,"master_deck":["Strike_R","Strike_R","Strike_R","Strike_R+1","Strike_R","Defend_R","Defend_R","Defend_R","Defend_R","Bash","Shrug It Off+1","Anger","Doubt","Rage","Pummel","Shrug It Off","Cleave","Pommel Strike","Offering","Blood for Blood","Twin Strike","Cleave","Shrug It Off","Twin Strike","Iron Wave","Hemokinesis+1"],"relics":["Burning Blood","Toolbox","Letter Opener","Mercury Hourglass","Singing Bowl","Charon\u0027s Ashes","Meat on the Bone","Orrery","Regal Pillow"],"potions_floor_usage":[6,16],"damage_taken":[{"damage":15,"enemies":"Small Slimes","floor":1,"turns":3},{"damage":8,"enemies":"2 Louse","floor":3,"turns":2},{"damage":32,"enemies":"Gremlin Nob","floor":6,"turns":5},{"damage":25,"enemies":"Lagavulin","floor":8,"turns":7},{"damage":0,"enemies":"Cultist","floor":14,"turns":3},{"damage":37,"enemies":"Hexaghost","floor":16,"turns":11},{"damage":9,"enemies":"2 Thieves","floor":18,"turns":2},{"damage":28,"enemies":"Spheric Guardian","floor":20,"turns":4},{"damage":37,"enemies":"Snake Plant","floor":21,"turns":7},{"damage":43,"enemies":"Snecko","floor":22,"turns":5}],"seed_played":"895282591963382135","potions_obtained":[{"floor":3,"key":"Poison Potion"},{"floor":14,"key":"LiquidBronze"},{"floor":18,"key":"Energy Potion"}],"is_trial":false,"path_per_floor":["M","$","M","?","?","E","R","E","T","?","?","?","$","M","R","B",null,"M","?","M","M","M"],"character_chosen":"IRONCLAD","items_purchased":["Toolbox","Meat on the Bone","Shrug It Off","Cleave"],"campfire_rested":2,"item_purchase_floors":[2,13,13,13],"current_hp_per_floor":[71,71,69,69,58,32,56,37,37,21,14,14,14,32,56,37,82,79,79,57,38,0],"gold":160,"neow_bonus":"HUNDRED_GOLD","is_prod":false,"is_daily":false,"chose_seed":false,"campfire_upgraded":0,"win_rate":0,"timestamp":1552042464,"path_taken":["M","$","M","?","?","E","R","E","T","?","?","?","$","M","R","BOSS","M","?","M","?","M"],"build_version":"2019-01-23","purchased_purges":0,"victory":false,"max_hp_per_floor":[80,80,80,80,80,80,80,80,80,80,80,80,80,80,80,80,82,82,82,82,82,82],"card_choices":[{"not_picked":["Sword Boomerang","Sentinel"],"picked":"Shrug It Off","floor":1},{"not_picked":["Headbutt","Disarm"],"picked":"Anger","floor":3},{"not_picked":["Pommel Strike","Intimidate"],"picked":"Rage","floor":6},{"not_picked":["True Grit","Corruption"],"picked":"Pummel","floor":8},{"not_picked":["Body Slam","Blood for Blood"],"picked":"Pommel Strike","floor":14},{"not_picked":["Limit Break","Impervious"],"picked":"Offering","floor":16},{"not_picked":["Carnage","Shrug It Off"],"picked":"Blood for Blood","floor":17},{"not_picked":["Thunderclap","Headbutt"],"picked":"Twin Strike","floor":17},{"not_picked":["Thunderclap","Entrench"],"picked":"Cleave","floor":17},{"not_picked":["Headbutt","Shockwave"],"picked":"Shrug It Off","floor":17},{"not_picked":["Fiend Fire","Havoc","Fire Breathing"],"picked":"Singing Bowl","floor":17},{"not_picked":["Cleave","Heavy Blade+1"],"picked":"Twin Strike","floor":18},{"not_picked":["Pommel Strike","True Grit"],"picked":"Iron Wave","floor":20},{"not_picked":["Rage","True Grit"],"picked":"Hemokinesis+1","floor":21}],"player_experience":270237,"relics_obtained":[{"floor":6,"key":"Letter Opener"},{"floor":8,"key":"Mercury Hourglass"},{"floor":9,"key":"Singing Bowl"}],"event_choices":[{"damage_healed":0,"gold_gain":175,"player_choice":"AGREE","damage_taken":0,"max_hp_gain":0,"max_hp_loss":0,"event_name":"Liars Game","floor":4,"gold_loss":0,"cards_obtained":["Doubt"]},{"damage_healed":0,"gold_gain":75,"player_choice":"Gather Gold","damage_taken":11,"max_hp_gain":0,"max_hp_loss":0,"event_name":"World of Goop","floor":5,"gold_loss":0},{"damage_healed":0,"gold_gain":0,"player_choice":"Entered Light","damage_taken":16,"max_hp_gain":0,"max_hp_loss":0,"event_name":"Shining Light","floor":10,"gold_loss":0,"cards_upgraded":["Strike_R","Shrug It Off"]},{"damage_healed":0,"gold_gain":0,"player_choice":"Success","damage_taken":7,"relics_obtained":["Charon\u0027s Ashes"],"max_hp_gain":0,"max_hp_loss":0,"event_name":"Scrap Ooze","floor":11,"gold_loss":0},{"damage_healed":0,"gold_gain":0,"player_choice":"Ignored","damage_taken":0,"max_hp_gain":0,"max_hp_loss":0,"event_name":"Golden Wing","floor":12,"gold_loss":0},{"damage_healed":0,"gold_gain":0,"player_choice":"Gave Potion","damage_taken":0,"relics_obtained":["Regal Pillow"],"max_hp_gain":0,"max_hp_loss":0,"event_name":"WeMeetAgain","floor":19,"gold_loss":0}],"is_beta":false,"boss_relics":[{"not_picked":["Coffee Dripper","Eternal Feather"],"picked":"Orrery"}],"items_purged_floors":[],"is_endless":false,"potions_floor_spawned":[3,14,18],"killed_by":"Snecko","ascension_level":3}