{"gold_per_floor":[115,115,43,57,57,84,84,103,103,118,136,136,154,52,52,156,156],"floor_reached":17,"playtime":661,"items_purged":[],"score":173,"play_id":"347687d5-7c90-4ed1-b8e6-072b6ea039db","local_time":"20181122174724","is_ascension_mode":true,"campfire_choices":[{"data":"Noxious Fumes","floor":7.0,"key":"SMITH"},{"floor":12.0,"key":"REST"},{"data":"Catalyst","floor":15.0,"key":"SMITH"}],"neow_cost":"NONE","seed_source_timestamp":0,"circlet_count":0,"master_deck":["Survivor","Neutralize","Deadly Poison","Finisher","Distraction","Setup","Deflect","Prepared","Quick Slash","Bane","Bouncing Flask","PiercingWail","Noxious Fumes+1","Noxious Fumes+1","Night Terror","Acrobatics","Deflect","Blur","Catalyst+1","Dash+1","Poisoned Stab+1","Corpse Explosion"],"special_seed":0,"relics":["Pandora\u0027s Box","Paper Crane","Molten Egg 2"],"potions_floor_usage":[],"damage_taken":[{"damage":1.0,"enemies":"2 Louse","floor":1.0,"turns":3.0},{"damage":0.0,"enemies":"Small Slimes","floor":4.0,"turns":2.0},{"damage":10.0,"enemies":"3 Sentries","floor":6.0,"turns":6.0},{"damage":6.0,"enemies":"Cultist","floor":8.0,"turns":3.0},{"damage":13.0,"enemies":"Exordium Thugs","floor":10.0,"turns":4.0},{"damage":16.0,"enemies":"Exordium Wildlife","floor":11.0,"turns":4.0},{"damage":5.0,"enemies":"Looter","floor":13.0,"turns":4.0},{"damage":35.0,"enemies":"Slime Boss","floor":16.0,"turns":7.0}],"seed_played":"194092750698846548","potions_obtained":[{"floor":4.0,"key":"AttackPotion"},{"floor":8.0,"key":"Block Potion"},{"floor":11.0,"key":"Explosive Potion"},{"floor":13.0,"key":"Block Potion"}],"is_trial":false,"path_per_floor":["M","?","$","M","?","E","R","M","T","M","M","R","M","$","R","B",null],"character_chosen":"THE_SILENT","items_purchased":["Noxious Fumes","Dash+1","Poisoned Stab+1"],"campfire_rested":1,"item_purchase_floors":[3,14,14],"current_hp_per_floor":[69,69,69,69,69,59,59,53,53,40,24,45,40,40,40,5,5],"gold":156,"neow_bonus":"BOSS_RELIC","is_prod":false,"is_daily":false,"chose_seed":false,"campfire_upgraded":2,"win_rate":0,"timestamp":1542926844,"path_taken":["M","?","$","M","?","E","R","M","T","M","M","R","M","$","R","BOSS"],"build_version":"2018-11-15","purchased_purges":0,"victory":false,"max_hp_per_floor":[70,70,70,70,70,70,70,70,70,70,70,70,70,70,70,70,70],"card_choices":[{"not_picked":["Backflip","Deflect"],"picked":"Noxious Fumes","floor":1.0},{"not_picked":["Deadly Poison","Escape Plan","Accuracy"],"picked":"SKIP","floor":4.0},{"not_picked":["Flying Knee","Sucker Punch"],"picked":"Night Terror","floor":6.0},{"not_picked":["Expertise","Underhanded Strike"],"picked":"Acrobatics","floor":8.0},{"not_picked":["Prepared","Dagger Throw+1"],"picked":"Deflect","floor":10.0},{"not_picked":["Sucker Punch+1","Corpse Explosion"],"picked":"Blur","floor":11.0},{"not_picked":["Calculated Gamble","Bouncing Flask"],"picked":"Catalyst","floor":13.0},{"not_picked":["Die Die Die+1","Burst"],"picked":"Corpse Explosion","floor":16.0}],"player_experience":147423,"relics_obtained":[{"floor":6.0,"key":"Paper Crane"},{"floor":9.0,"key":"Molten Egg 2"}],"event_choices":[{"damage_healed":0.0,"max_hp_gain":0.0,"max_hp_loss":0.0,"gold_gain":0.0,"event_name":"Living Wall","player_choice":"Grow","floor":2.0,"gold_loss":0.0,"damage_taken":0.0,"cards_upgraded":["Noxious Fumes"]},{"damage_healed":0.0,"max_hp_gain":0.0,"max_hp_loss":0.0,"gold_gain":0.0,"event_name":"The Woman in Blue","player_choice":"Bought 0 Potions","floor":5.0,"gold_loss":0.0,"damage_taken":0.0}],"is_beta":false,"boss_relics":[],"items_purged_floors":[],"is_endless":false,"potions_floor_spawned":[4,8,11,13],"ascension_level":2}