{"gold_per_floor":[114,114,149,164,219,289,324,359,409,424,424,424,459,489,489,609,659,694,674,689,108,123,153,153,183,263,263,278,328,378,425,437,549,561,588,615,1027,1039,1051,1093,1105,21,96,131,131,131,166,221,221,221],"floor_reached":51,"playtime":3804,"items_purged":[],"score":956,"play_id":"35770311-43f9-40df-b852-db38071a81f0","local_time":"20190317104814","daily_mods":["Cursed Run","Colorless Cards","Binary"],"is_ascension_mode":false,"campfire_choices":[{"floor":12,"key":"REST"},{"data":"Scrape","floor":15,"key":"SMITH"},{"floor":24,"key":"REST"},{"data":"Chill","floor":32,"key":"SMITH"},{"data":"White Noise","floor":46,"key":"SMITH"},{"floor":49,"key":"REST"}],"neow_cost":"","seed_source_timestamp":0,"circlet_count":0,"master_deck":["Strike_B","Strike_B+1","Strike_B","Strike_B+1","Defend_B","Defend_B","Defend_B","Defend_B+1","Zap","Dualcast","Conserve Battery","HandOfGreed","Beam Cell","Auto Shields","Scrape+1","Sweeping Beam","Conserve Battery","Beam Cell","Writhe","Gash","Regret","Seek","Steam","Normality","Sadistic Nature","BootSequence","Impatience","Streamline","Jack Of All Trades","Go for the Eyes","Sweeping Beam","Chill+1","Coolheaded+1","Shame","Clumsy","Cold Snap","Decay","Decay","Gash+1","Pain","All For One","Hologram","Steam Power","Ball Lightning","Writhe","Dark Shackles+1","Pain","HandOfGreed","Discovery","Scrape","White Noise+1","Writhe","Parasite","Cold Snap","Go for the Eyes","Transmutation+1","Gash+1","Doubt"],"special_seed":17972,"relics":["Cursed Key","Darkstone Periapt","Du-Vu Doll","Pantograph","Anchor","Question Card","Potion Belt","Tiny House","Toolbox","Matryoshka","Blue Candle","Whetstone","Shuriken","Tiny Chest","DataDisk","Cables","Art of War","MawBank","White Beast Statue","Old Coin","FossilizedHelix","Dream Catcher","Sundial","Pear","HandDrill","Toxic Egg 2"],"potions_floor_usage":[8,14,18,20,20,20,20,20,20,22,23,23,25,37,37,40,40,48,50,50],"damage_taken":[{"damage":0,"enemies":"Cultist","floor":1,"turns":3},{"damage":0,"enemies":"Small Slimes","floor":3,"turns":3},{"damage":0,"enemies":"2 Louse","floor":4,"turns":2},{"damage":4,"enemies":"Gremlin Gang","floor":5,"turns":5},{"damage":4,"enemies":"3 Sentries","floor":6,"turns":7},{"damage":2,"enemies":"Exordium Thugs","floor":7,"turns":3},{"damage":13,"enemies":"Exordium Wildlife","floor":8,"turns":6},{"damage":7,"enemies":"Blue Slaver","floor":10,"turns":4},{"damage":0,"enemies":"2 Fungi Beasts","floor":13,"turns":3},{"damage":14,"enemies":"Gremlin Nob","floor":14,"turns":3},{"damage":21,"enemies":"Slime Boss","floor":16,"turns":6},{"damage":18,"enemies":"Spheric Guardian","floor":18,"turns":5},{"damage":0,"enemies":"2 Thieves","floor":20,"turns":2},{"damage":8,"enemies":"Snecko","floor":22,"turns":4},{"damage":16,"enemies":"Slavers","floor":23,"turns":5},{"damage":12,"enemies":"Book of Stabbing","floor":25,"turns":4},{"damage":4,"enemies":"Centurion and Healer","floor":28,"turns":4},{"damage":12,"enemies":"Shelled Parasite and Fungi","floor":31,"turns":4},{"damage":53,"enemies":"Collector","floor":33,"turns":8},{"damage":1,"enemies":"3 Darklings","floor":35,"turns":2},{"damage":16,"enemies":"3 Shapes","floor":36,"turns":3},{"damage":40,"enemies":"Mind Bloom Boss Battle","floor":37,"turns":5},{"damage":21,"enemies":"Giant Head","floor":40,"turns":7},{"damage":13,"enemies":"Writhing Mass","floor":44,"turns":4},{"damage":8,"enemies":"3 Darklings","floor":47,"turns":5},{"damage":3,"enemies":"4 Shapes","floor":48,"turns":3},{"damage":111,"enemies":"Time Eater","floor":50,"turns":10}],"seed_played":"8846997957486014283","potions_obtained":[{"floor":3,"key":"Strength Potion"},{"floor":7,"key":"Ancient Potion"},{"floor":8,"key":"SpeedPotion"},{"floor":13,"key":"Explosive Potion"},{"floor":17,"key":"GamblersBrew"},{"floor":19,"key":"EntropicBrew"},{"floor":20,"key":"SteroidPotion"},{"floor":23,"key":"Fruit Juice"},{"floor":33,"key":"PowerPotion"},{"floor":35,"key":"PowerPotion"},{"floor":36,"key":"Energy Potion"},{"floor":37,"key":"Poison Potion"},{"floor":40,"key":"FearPotion"},{"floor":44,"key":"SmokeBomb"},{"floor":47,"key":"SneckoOil"},{"floor":48,"key":"PowerPotion"}],"is_trial":false,"path_per_floor":["M","?","M","M","M","E","M","M","T","M","?","R","M","E","R","B",null,"M","?","M","$","M","E","R","E","T","T","M","T","T","M","R","B",null,"M","M","?","?","?","E","T","$","T","M","?","R","M","M","R","B",null],"character_chosen":"DEFECT","items_purchased":["Toolbox","Matryoshka","Jack Of All Trades","Go for the Eyes","Sundial","Pear","HandDrill","HandOfGreed","Discovery","Scrape","White Noise"],"campfire_rested":3,"item_purchase_floors":[21,21,21,21,42,42,42,42,42,42,42],"current_hp_per_floor":[75,75,75,75,71,67,65,52,58,51,57,83,83,69,69,72,98,80,80,85,85,77,61,90,83,89,95,91,97,103,91,91,69,133,132,116,93,132,132,111,117,127,133,126,126,126,118,115,165,62],"gold":221,"neow_bonus":"","is_prod":false,"is_daily":true,"chose_seed":false,"campfire_upgraded":3,"win_rate":0,"timestamp":1552819694,"path_taken":["M","?","M","?","M","E","M","M","T","M","?","R","M","E","R","BOSS","M","?","M","$","?","E","R","E","T","?","M","?","?","M","R","BOSS","M","M","?","?","?","E","?","$","T","M","?","R","M","?","R","BOSS"],"build_version":"2019-01-23","purchased_purges":0,"victory":true,"max_hp_per_floor":[75,75,75,75,75,75,75,75,81,81,87,87,87,87,87,93,98,98,98,98,98,98,98,98,103,109,115,115,121,127,127,127,133,133,133,133,133,139,139,139,145,155,161,167,167,167,167,167,167,173],"card_choices":[{"not_picked":["Beam Cell"],"picked":"Conserve Battery","floor":1},{"not_picked":["Redo"],"picked":"Auto Shields","floor":3},{"not_picked":["Sunder"],"picked":"Hologram","floor":4},{"not_picked":["Static Discharge"],"picked":"Scrape","floor":5},{"not_picked":["Coolheaded"],"picked":"Sweeping Beam","floor":6},{"not_picked":["Forethought"],"picked":"Conserve Battery","floor":7},{"not_picked":["Consume"],"picked":"Beam Cell","floor":8},{"not_picked":["Ball Lightning"],"picked":"Gash","floor":10},{"not_picked":["Beam Cell","Leap"],"picked":"Seek","floor":13},{"not_picked":["Leap","Stack"],"picked":"Steam","floor":14},{"not_picked":["Secret Technique","Transmutation"],"picked":"Sadistic Nature","floor":16},{"not_picked":["Double Energy","Beam Cell"],"picked":"BootSequence","floor":17},{"not_picked":["Streamline","Hello World"],"picked":"Impatience","floor":18},{"not_picked":["Compile Driver","Leap"],"picked":"Streamline","floor":20},{"not_picked":["Turbo","Ball Lightning"],"picked":"Sweeping Beam","floor":22},{"not_picked":["Purity+1","Panacea"],"picked":"Chill","floor":23},{"not_picked":["Machine Learning","Turbo"],"picked":"Coolheaded+1","floor":25},{"not_picked":["BootSequence","Forethought+1"],"picked":"Cold Snap","floor":28},{"not_picked":["Beam Cell","Go for the Eyes"],"picked":"Gash+1","floor":31},{"not_picked":["Mayhem","Panache"],"picked":"All For One","floor":33},{"not_picked":["Conserve Battery+1","Redo"],"picked":"Hologram","floor":35},{"not_picked":["Redo","Hologram"],"picked":"Steam Power","floor":36},{"not_picked":["Steam","Magnetism"],"picked":"Ball Lightning","floor":37},{"not_picked":["Rebound","Steam"],"picked":"Dark Shackles+1","floor":40},{"not_picked":["Auto Shields+1","Chaos+1"],"picked":"Cold Snap","floor":44},{"not_picked":["Barrage","Enlightenment+1"],"picked":"Go for the Eyes","floor":47},{"not_picked":["Steam+1","Deep Breath+1"],"picked":"Transmutation+1","floor":48},{"not_picked":["Beam Cell","Darkness+1"],"picked":"Gash+1","floor":49}],"player_experience":329332,"relics_obtained":[{"floor":6,"key":"Pantograph"},{"floor":9,"key":"Anchor"},{"floor":14,"key":"Potion Belt"},{"floor":23,"key":"Blue Candle"},{"floor":25,"key":"Whetstone"},{"floor":26,"key":"Shuriken"},{"floor":26,"key":"Tiny Chest"},{"floor":27,"key":"DataDisk"},{"floor":27,"key":"Cables"},{"floor":29,"key":"Art of War"},{"floor":30,"key":"MawBank"},{"floor":37,"key":"Old Coin"},{"floor":40,"key":"FossilizedHelix"},{"floor":41,"key":"Dream Catcher"},{"floor":43,"key":"Toxic Egg 2"}],"event_choices":[{"damage_healed":0,"gold_gain":0,"player_choice":"2 cards matched","damage_taken":0,"max_hp_gain":0,"max_hp_loss":0,"event_name":"Match and Keep!","floor":2,"gold_loss":0,"cards_obtained":["HandOfGreed","Beam Cell"]},{"damage_healed":0,"gold_gain":0,"player_choice":"Box","damage_taken":0,"relics_obtained":["Question Card"],"max_hp_gain":0,"max_hp_loss":0,"event_name":"Big Fish","floor":11,"gold_loss":0,"cards_obtained":["Regret"]},{"damage_healed":0,"gold_gain":0,"player_choice":"Bought 1 Potion","damage_taken":0,"max_hp_gain":0,"max_hp_loss":0,"event_name":"The Woman in Blue","floor":19,"gold_loss":0},{"damage_healed":0,"gold_gain":0,"player_choice":"Fight","damage_taken":0,"max_hp_gain":0,"max_hp_loss":0,"event_name":"MindBloom","floor":37,"gold_loss":0},{"damage_healed":33,"gold_gain":0,"player_choice":"Writhe","damage_taken":0,"max_hp_gain":0,"max_hp_loss":0,"event_name":"Winding Halls","floor":38,"gold_loss":0,"cards_obtained":["Writhe"]},{"damage_healed":0,"gold_gain":0,"player_choice":"Ignored","damage_taken":0,"max_hp_gain":0,"max_hp_loss":0,"event_name":"Tomb of Lord Red Mask","floor":39,"gold_loss":0},{"cards_removed":["Hologram"],"damage_healed":0,"gold_gain":0,"player_choice":"Removed Skill","damage_taken":0,"max_hp_gain":0,"max_hp_loss":0,"event_name":"Falling","floor":45,"gold_loss":0}],"is_beta":false,"boss_relics":[{"not_picked":["Fusion Hammer","Empty Cage"],"picked":"Tiny House"},{"not_picked":["Runic Dome","Busted Crown"],"picked":"White Beast Statue"}],"items_purged_floors":[],"is_endless":false,"potions_floor_spawned":[3,7,8,13,20,23,33,35,36,37,40,44,47,48],"ascension_level":0}