{"gold_per_floor":[10,27,127,52,63,63,96,96,119,135,35,68,78,98,98,200,200,217,232,232,31,41,41],"floor_reached":23,"playtime":2236,"items_purged":["Strike_G","Defend_G"],"score":244,"play_id":"a4ca6563-b2ee-4a8b-a30e-371c14dafff0","local_time":"20190507181342","is_ascension_mode":true,"campfire_choices":[{"data":"Skewer","floor":6,"key":"SMITH"},{"floor":8,"key":"REST"},{"floor":15,"key":"REST"}],"neow_cost":"NO_GOLD","seed_source_timestamp":310721466372300,"circlet_count":0,"master_deck":["Defend_G","Defend_G","Strike_G","Strike_G","Survivor","Neutralize","Backflip","Skewer+1","Footwork","Well Laid Plans","After Image"],"relics":["Ring of the Snake","Boot","Oddly Smooth Stone","Happy Flower","Empty Cage","Pear","Toy Ornithopter"],"potions_floor_usage":[7,12,16,16,16,23],"damage_taken":[{"damage":4,"enemies":"Small Slimes","floor":1,"turns":4},{"damage":0,"enemies":"Cultist","floor":2,"turns":5},{"damage":6,"enemies":"Jaw Worm","floor":5,"turns":5},{"damage":27,"enemies":"Lagavulin","floor":7,"turns":11},{"damage":0,"enemies":"2 Fungi Beasts","floor":10,"turns":4},{"damage":23,"enemies":"Gremlin Nob","floor":12,"turns":4},{"damage":0,"enemies":"Looter","floor":13,"turns":2},{"damage":0,"enemies":"Large Slime","floor":14,"turns":5},{"damage":16,"enemies":"Hexaghost","floor":16,"turns":10},{"damage":0,"enemies":"Spheric Guardian","floor":18,"turns":3},{"damage":29,"enemies":"2 Thieves","floor":19,"turns":5},{"damage":8,"enemies":"Snake Plant","floor":22,"turns":5},{"damage":54,"enemies":"Slavers","floor":23,"turns":6}],"seed_played":"3615556848043607511","potions_obtained":[{"floor":2,"key":"AttackPotion"},{"floor":10,"key":"SkillPotion"},{"floor":12,"key":"LiquidBronze"},{"floor":13,"key":"Block Potion"},{"floor":14,"key":"Dexterity Potion"},{"floor":16,"key":"Ancient Potion"},{"floor":22,"key":"EssenceOfSteel"}],"is_trial":false,"path_per_floor":["M","M","?","$","M","R","E","R","T","M","$","E","M","M","R","B",null,"M","M","?","$","M","E"],"character_chosen":"THE_SILENT","items_purchased":["Toy Ornithopter"],"campfire_rested":2,"item_purchase_floors":[21],"current_hp_per_floor":[66,66,66,66,60,60,33,54,54,54,54,31,31,31,52,36,70,70,41,51,51,43,0],"gold":41,"neow_bonus":"REMOVE_TWO","is_prod":false,"is_daily":false,"chose_seed":false,"campfire_upgraded":1,"win_rate":0,"timestamp":1557249222,"path_taken":["M","M","?","$","M","R","E","R","T","?","?","E","M","?","R","BOSS","M","?","?","$","M","E"],"build_version":"2019-01-23","purchased_purges":2,"victory":false,"max_hp_per_floor":[70,70,70,70,70,70,70,70,70,70,70,70,70,70,70,70,70,70,70,80,80,80,80],"card_choices":[{"not_picked":["Distraction","Blur"],"picked":"Backflip","floor":1},{"not_picked":["Predator","Dagger Spray"],"picked":"Skewer","floor":2},{"not_picked":["Riddle With Holes","Bane","Blur"],"picked":"SKIP","floor":5},{"not_picked":["Terror","Setup","Slice"],"picked":"SKIP","floor":7},{"not_picked":["Acrobatics","Poisoned Stab","Infinite Blades"],"picked":"SKIP","floor":10},{"not_picked":["Sucker Punch","Bane"],"picked":"Footwork","floor":12},{"not_picked":["Heel Hook","Outmaneuver"],"picked":"Well Laid Plans","floor":13},{"not_picked":["PiercingWail","Cloak And Dagger","Tools of the Trade"],"picked":"SKIP","floor":14},{"not_picked":["Storm of Steel","A Thousand Cuts"],"picked":"After Image","floor":16},{"not_picked":["Quick Slash","Calculated Gamble+1","Dodge and Roll"],"picked":"SKIP","floor":18},{"not_picked":["Poisoned Stab","Underhanded Strike","Blade Dance"],"picked":"SKIP","floor":19},{"not_picked":["Quick Slash","Dagger Throw","Prepared"],"picked":"SKIP","floor":22}],"player_experience":670780,"relics_obtained":[{"floor":7,"key":"Boot"},{"floor":9,"key":"Oddly Smooth Stone"},{"floor":12,"key":"Happy Flower"}],"event_choices":[{"damage_healed":0,"gold_gain":100,"player_choice":"Pray","damage_taken":0,"max_hp_gain":0,"max_hp_loss":0,"event_name":"Golden Shrine","floor":3,"gold_loss":0},{"damage_healed":0,"gold_gain":0,"player_choice":"Gave Potion","damage_taken":0,"relics_obtained":["Pear"],"max_hp_gain":0,"max_hp_loss":0,"event_name":"WeMeetAgain","floor":20,"gold_loss":0}],"is_beta":false,"boss_relics":[{"not_picked":["Snecko Eye","Velvet Choker"],"picked":"Empty Cage"}],"items_purged_floors":[4,11],"is_endless":false,"potions_floor_spawned":[2,10,12,13,14,16,22],"killed_by":"Slavers","ascension_level":4}