{"gold_per_floor":[118,118,128,53,3,30,30,5,50,62,74,105,135,163,175,288,300,330,342,365,72,91,122,142,170,170,170,96,96,109,119,119,217,217,231,83,83,0,0,0,0,32,81,99,134,149,149,149,149,149],"floor_reached":51,"playtime":2806,"items_purged":["Defend_R"],"score":816,"play_id":"2b78dc71-80d6-4f76-bf35-7906749c1b14","local_time":"20181024011243","is_ascension_mode":false,"campfire_choices":[{"data":"Metallicize","floor":7,"key":"SMITH"},{"data":"Armaments","floor":10,"key":"SMITH"},{"data":"Iron Wave","floor":15,"key":"SMITH"},{"data":"Barricade","floor":27,"key":"SMITH"},{"data":"Impervious","floor":29,"key":"SMITH"},{"floor":32,"key":"REST"},{"data":"Flame Barrier","floor":40,"key":"SMITH"},{"data":"Limit Break","floor":47,"key":"SMITH"},{"data":"Heavy Blade","floor":49,"key":"SMITH"}],"neow_cost":"NONE","seed_source_timestamp":1173040964142514,"circlet_count":0,"master_deck":["Strike_R","Strike_R","Strike_R","Strike_R","Defend_R","Defend_R","Bash+1","Pommel Strike","Metallicize+1","Iron Wave+1","Heavy Blade+1","Armaments+1","Iron Wave+1","Impervious+1","Barricade+1","Shrug It Off","Flex","Impervious","Metallicize+1","Immolate","Inflame+1","Flame Barrier+1","Headbutt","Metallicize+1","Limit Break+1"],"relics":["Burning Blood","Whetstone","GremlinMask","Mark of Pain","Nloth\u0027s Gift","Oddly Smooth Stone","FossilizedHelix","Frozen Egg 2","Darkstone Periapt","Self Forming Clay","Sozu","Red Mask","Bird Faced Urn","Bottled Flame","Anchor","PreservedInsect"],"potions_floor_usage":[16,16,23,25,25,25,50],"damage_taken":[{"damage":2,"enemies":"2 Louse","floor":1,"turns":3},{"damage":3,"enemies":"Cultist","floor":3,"turns":3},{"damage":48,"enemies":"Lagavulin","floor":6,"turns":10},{"damage":6,"enemies":"Jaw Worm","floor":12,"turns":4},{"damage":0,"enemies":"3 Louse","floor":13,"turns":5},{"damage":21,"enemies":"Exordium Wildlife","floor":14,"turns":6},{"damage":28,"enemies":"Slime Boss","floor":16,"turns":18},{"damage":14,"enemies":"Spheric Guardian","floor":18,"turns":6},{"damage":4,"enemies":"Shell Parasite","floor":22,"turns":6},{"damage":22,"enemies":"Book of Stabbing","floor":23,"turns":10},{"damage":0,"enemies":"Centurion and Healer","floor":24,"turns":11},{"damage":39,"enemies":"Slavers","floor":25,"turns":11},{"damage":8,"enemies":"Snake Plant","floor":30,"turns":6},{"damage":0,"enemies":"Snecko","floor":31,"turns":7},{"damage":0,"enemies":"Automaton","floor":33,"turns":22},{"damage":22,"enemies":"Orb Walker","floor":35,"turns":5},{"damage":0,"enemies":"Mind Bloom Boss Battle","floor":41,"turns":7},{"damage":2,"enemies":"Nemesis","floor":42,"turns":9},{"damage":0,"enemies":"3 Darklings","floor":44,"turns":5},{"damage":0,"enemies":"Reptomancer","floor":45,"turns":10},{"damage":0,"enemies":"Writhing Mass","floor":46,"turns":9},{"damage":34,"enemies":"Awakened One","floor":50,"turns":11}],"seed_played":"-4672557931035462895","potions_obtained":[{"floor":1,"key":"Dexterity Potion"},{"floor":6,"key":"SpeedPotion"},{"floor":14,"key":"Weak Potion"},{"floor":16,"key":"SkillPotion"},{"floor":23,"key":"GamblersBrew"},{"floor":24,"key":"PowerPotion"},{"floor":30,"key":"Swift Potion"},{"floor":33,"key":"Weak Potion"}],"is_trial":false,"path_per_floor":["M","?","M","$","?","E","R","$","T","R","?","M","M","M","R","B",null,"M","?","T","$","M","E","M","E","T","R","$","R","M","M","R","B",null,"M","$","?","?","$","R","?","E","T","M","E","M","R","?","R","B"],"character_chosen":"IRONCLAD","items_purchased":["Armaments","FossilizedHelix","Metallicize+1","Inflame+1","Flame Barrier"],"campfire_rested":1,"item_purchase_floors":[8,21,28,36,36],"current_hp_per_floor":[80,80,80,80,80,38,38,38,38,38,38,38,44,29,29,7,80,72,72,72,72,74,58,64,31,31,31,31,31,29,35,59,65,80,64,64,64,64,64,64,70,76,76,76,76,76,76,76,76,52],"gold":149,"neow_bonus":"TRANSFORM_CARD","is_prod":false,"is_daily":false,"chose_seed":false,"campfire_upgraded":8,"win_rate":0.0,"timestamp":1540357963,"path_taken":["M","?","M","$","?","E","R","?","T","R","?","M","?","M","R","BOSS","M","?","?","$","M","E","M","E","T","R","$","R","?","M","R","BOSS","M","$","?","?","?","R","?","E","T","?","E","M","R","?","R","BOSS"],"build_version":"2018-10-18","purchased_purges":1,"victory":true,"max_hp_per_floor":[80,80,80,80,80,80,80,80,80,80,80,80,80,80,80,80,80,80,80,80,80,80,80,80,80,80,80,80,80,80,80,80,80,80,80,80,76,76,76,76,76,76,76,76,76,76,76,76,76,76],"card_choices":[{"not_picked":["Battle Trance","Pummel"],"picked":"Metallicize","floor":1},{"not_picked":["Combust","Carnage"],"picked":"Iron Wave","floor":3},{"not_picked":["Offering","Perfected Strike"],"picked":"Heavy Blade","floor":6},{"not_picked":["Wild Strike","Body Slam","Clothesline"],"picked":"SKIP","floor":12},{"not_picked":["Body Slam","Sword Boomerang"],"picked":"Iron Wave","floor":13},{"not_picked":["Wild Strike","Sword Boomerang"],"picked":"Impervious","floor":14},{"not_picked":["Bludgeon","Brutality"],"picked":"Barricade","floor":16},{"not_picked":["Armaments","Thunderclap","Heavy Blade+1"],"picked":"SKIP","floor":18},{"not_picked":["Clothesline","Perfected Strike+1"],"picked":"Shrug It Off","floor":22},{"not_picked":["Twin Strike","Pummel"],"picked":"Flex","floor":23},{"not_picked":["Clash","Twin Strike","Thunderclap+1"],"picked":"SKIP","floor":24},{"not_picked":["Headbutt","Barricade+1"],"picked":"Impervious","floor":25},{"not_picked":["Iron Wave+1","Hemokinesis","Twin Strike"],"picked":"SKIP","floor":30},{"not_picked":["Fiend Fire","Iron Wave","Blood for Blood"],"picked":"SKIP","floor":31},{"not_picked":["Fiend Fire","Reaper"],"picked":"Immolate","floor":33},{"not_picked":["Perfected Strike+1","True Grit+1","Anger+1"],"picked":"SKIP","floor":35},{"not_picked":["True Grit","Blood for Blood+1"],"picked":"Headbutt","floor":41},{"not_picked":["Armaments","Anger+1","Headbutt+1"],"picked":"SKIP","floor":42},{"not_picked":["Wild Strike","Warcry"],"picked":"Metallicize+1","floor":44},{"not_picked":["Shockwave+1","Warcry","Anger"],"picked":"SKIP","floor":45},{"not_picked":["Sword Boomerang","Disarm"],"picked":"Limit Break","floor":46}],"player_experience":70857,"relics_obtained":[{"floor":6,"key":"Whetstone"},{"floor":9,"key":"MawBank"},{"floor":20,"key":"Oddly Smooth Stone"},{"floor":23,"key":"Frozen Egg 2"},{"floor":25,"key":"Darkstone Periapt"},{"floor":26,"key":"Self Forming Clay"},{"floor":41,"key":"Bird Faced Urn"},{"floor":42,"key":"Bottled Flame"},{"floor":43,"key":"Anchor"},{"floor":45,"key":"PreservedInsect"}],"event_choices":[{"damage_healed":0,"gold_gain":0,"player_choice":"Bought 0 Potions","damage_taken":0,"max_hp_gain":0,"max_hp_loss":0,"event_name":"The Woman in Blue","floor":2,"gold_loss":0},{"cards_removed":["Strike_R"],"damage_healed":0,"gold_gain":0,"player_choice":"Card Removal","damage_taken":0,"max_hp_gain":0,"max_hp_loss":0,"event_name":"The Cleric","floor":5,"gold_loss":50},{"damage_healed":0,"gold_gain":0,"player_choice":"Trade","damage_taken":0,"relics_obtained":["GremlinMask"],"max_hp_gain":0,"max_hp_loss":0,"event_name":"FaceTrader","floor":11,"gold_loss":0},{"damage_healed":0,"gold_gain":0,"player_choice":"Traded Relic","damage_taken":0,"relics_obtained":["Nloth\u0027s Gift"],"max_hp_gain":0,"max_hp_loss":0,"event_name":"N\u0027loth","floor":19,"relics_lost":["MawBank"],"gold_loss":0},{"damage_healed":0,"gold_gain":0,"player_choice":"Max HP","damage_taken":0,"max_hp_gain":0,"max_hp_loss":4,"event_name":"Winding Halls","floor":37,"gold_loss":0},{"damage_healed":0,"gold_gain":0,"player_choice":"Paid","damage_taken":0,"relics_obtained":["Red Mask"],"max_hp_gain":0,"max_hp_loss":0,"event_name":"Tomb of Lord Red Mask","floor":38,"gold_loss":83},{"damage_healed":0,"gold_gain":0,"player_choice":"Fight","damage_taken":0,"max_hp_gain":0,"max_hp_loss":0,"event_name":"MindBloom","floor":41,"gold_loss":0},{"damage_healed":0,"gold_gain":0,"player_choice":"Ignored","damage_taken":0,"max_hp_gain":0,"max_hp_loss":0,"event_name":"Mysterious Sphere","floor":48,"gold_loss":0}],"is_beta":false,"boss_relics":[{"not_picked":["Runic Dome","Philosopher\u0027s Stone"],"picked":"Mark of Pain"},{"not_picked":["Cursed Key","Snecko Eye"],"picked":"Sozu"}],"items_purged_floors":[4],"is_endless":false,"potions_floor_spawned":[1,6,14,16,23,24,30,33,41,42,45],"ascension_level":0}