{"gold_per_floor":[112,112,112,132,15,47,122,148,148,159,46,59,70,98,98,199,199,214,214,214,214,228,257,273,64,89,114,129,129,44,61,61,166,166,180,191,9,9,20,51,51,51,75,75,75],"floor_reached":45,"playtime":3379,"items_purged":[],"score":631,"play_id":"7882f707-8254-4333-a8ea-77403df5b34d","local_time":"20190328230727","is_ascension_mode":true,"campfire_choices":[{"floor":15,"key":"REST"},{"floor":29,"key":"REST"},{"floor":32,"key":"REST"},{"floor":42,"key":"REST"}],"neow_cost":"NONE","seed_source_timestamp":2353567357050200,"circlet_count":0,"master_deck":["Defend_G","Defend_G","Defend_G","Defend_G","Defend_G","Strike_G","Strike_G+1","Strike_G+1","Strike_G","Strike_G","Survivor","Neutralize","Backflip","Cloak And Dagger","Adrenaline","Sucker Punch","Blade Dance","Blade Dance","Slice","Accuracy","Backstab","Slice","Footwork","Caltrops","Adrenaline","Quick Slash+1","Cloak And Dagger","Well Laid Plans","Cloak And Dagger","Mind Blast","Footwork","Riddle With Holes","Accuracy","Deflect","Distraction","Flying Knee+1","Outmaneuver","Mayhem","PiercingWail+1","Burst"],"relics":["Ring of the Snake","WarpedTongs","Mercury Hourglass","Lantern","Question Card","Busted Crown","MutagenicStrength","Spirit Poop","Blood Vial","Tiny Chest","Bag of Preparation","Whetstone","Fusion Hammer","Shuriken","Potion Belt"],"potions_floor_usage":[6,14,16,18,33,40,41,41],"damage_taken":[{"damage":6,"enemies":"Cultist","floor":1,"turns":5},{"damage":6,"enemies":"Small Slimes","floor":4,"turns":4},{"damage":11,"enemies":"Lagavulin","floor":6,"turns":7},{"damage":29,"enemies":"Gremlin Nob","floor":8,"turns":4},{"damage":0,"enemies":"2 Louse","floor":10,"turns":1},{"damage":0,"enemies":"Looter","floor":12,"turns":2},{"damage":1,"enemies":"Lots of Slimes","floor":13,"turns":2},{"damage":5,"enemies":"3 Sentries","floor":14,"turns":4},{"damage":22,"enemies":"Slime Boss","floor":16,"turns":7},{"damage":4,"enemies":"Shell Parasite","floor":18,"turns":3},{"damage":0,"enemies":"3 Byrds","floor":22,"turns":3},{"damage":14,"enemies":"Slavers","floor":23,"turns":5},{"damage":12,"enemies":"Centurion and Healer","floor":24,"turns":5},{"damage":15,"enemies":"Book of Stabbing","floor":27,"turns":4},{"damage":1,"enemies":"Sentry and Sphere","floor":28,"turns":3},{"damage":17,"enemies":"Snake Plant","floor":31,"turns":3},{"damage":25,"enemies":"Collector","floor":33,"turns":11},{"damage":0,"enemies":"Orb Walker","floor":35,"turns":1},{"damage":29,"enemies":"3 Darklings","floor":36,"turns":6},{"damage":18,"enemies":"Writhing Mass","floor":39,"turns":5},{"damage":27,"enemies":"Nemesis","floor":40,"turns":6},{"damage":0,"enemies":"Maw","floor":41,"turns":2},{"damage":69,"enemies":"Giant Head","floor":45,"turns":7}],"seed_played":"836707234804931535","potions_obtained":[{"floor":4,"key":"Dexterity Potion"},{"floor":6,"key":"GamblersBrew"},{"floor":10,"key":"SteroidPotion"},{"floor":16,"key":"Weak Potion"},{"floor":22,"key":"SmokeBomb"},{"floor":27,"key":"SteroidPotion"},{"floor":39,"key":"Dexterity Potion"},{"floor":40,"key":"PowerPotion"}],"is_trial":false,"path_per_floor":["M","?","?","M","$","E","?","E","T","M","$","M","M","E","R","B",null,"M","?","?","?","M","E","M","$","T","E","M","R","$","M","R","B",null,"M","M","$","?","M","E","M","R","T","?","E"],"character_chosen":"THE_SILENT","items_purchased":["Adrenaline","Sucker Punch","Accuracy","Backstab","Mind Blast","Tiny Chest","Accuracy","Deflect","Mayhem"],"campfire_rested":4,"item_purchase_floors":[5,5,11,11,25,25,30,30,37],"current_hp_per_floor":[71,71,71,65,65,54,43,14,14,14,14,14,13,8,31,9,77,73,73,73,73,73,59,49,49,49,36,37,60,60,45,68,45,77,77,48,48,48,32,7,9,32,32,67,0],"gold":75,"neow_bonus":"TEN_PERCENT_HP_BONUS","is_prod":false,"is_daily":false,"chose_seed":false,"campfire_upgraded":0,"win_rate":0,"timestamp":1553814447,"path_taken":["M","?","?","?","$","E","?","E","T","M","$","M","M","E","R","BOSS","M","?","?","?","M","E","M","$","T","E","M","R","$","M","R","BOSS","M","?","$","?","M","E","M","R","T","?","E"],"build_version":"2019-01-23","purchased_purges":0,"victory":false,"max_hp_per_floor":[77,77,77,77,77,77,77,77,77,77,77,77,77,77,77,77,77,77,77,77,77,77,77,77,77,77,77,77,77,77,77,77,77,77,77,77,77,77,77,77,77,77,77,67,67],"card_choices":[{"not_picked":["Calculated Gamble","Concentrate"],"picked":"Bane","floor":1},{"not_picked":["Masterful Stab","Well Laid Plans"],"picked":"Cloak And Dagger","floor":4},{"not_picked":["Underhanded Strike","Sucker Punch"],"picked":"Blade Dance","floor":6},{"not_picked":["Prepared","Acrobatics"],"picked":"Blade Dance","floor":8},{"not_picked":["Prepared","Flying Knee"],"picked":"Slice","floor":10},{"not_picked":["Flying Knee","Underhanded Strike"],"picked":"Slice","floor":12},{"not_picked":["Bane","Slice"],"picked":"Footwork","floor":13},{"not_picked":["Unload","Cloak And Dagger"],"picked":"Caltrops","floor":14},{"not_picked":["Burst","Phantasmal Killer","Glass Knife"],"picked":"Adrenaline","floor":16},{"not_picked":["Slice"],"picked":"Quick Slash+1","floor":18},{"not_picked":["Predator"],"picked":"Cloak And Dagger","floor":22},{"not_picked":["Outmaneuver"],"picked":"Well Laid Plans","floor":23},{"not_picked":["Flechettes"],"picked":"Cloak And Dagger","floor":24},{"not_picked":["Underhanded Strike"],"picked":"Footwork","floor":27},{"not_picked":["Sucker Punch"],"picked":"Riddle With Holes","floor":28},{"not_picked":["Crippling Poison"],"picked":"Distraction","floor":31},{"not_picked":["Doppelganger"],"picked":"Phantasmal Killer","floor":33},{"not_picked":["Sucker Punch"],"picked":"Flying Knee+1","floor":35},{"not_picked":["Dodge and Roll"],"picked":"Outmaneuver","floor":36},{"not_picked":["Masterful Stab"],"picked":"PiercingWail+1","floor":39},{"not_picked":["Dagger Throw+1"],"picked":"Burst","floor":40}],"player_experience":400035,"relics_obtained":[{"floor":6,"key":"Mercury Hourglass"},{"floor":8,"key":"Lantern"},{"floor":14,"key":"Question Card"},{"floor":23,"key":"Blood Vial"},{"floor":26,"key":"Bag of Preparation"},{"floor":27,"key":"Whetstone"},{"floor":40,"key":"Shuriken"},{"floor":43,"key":"Potion Belt"}],"event_choices":[{"damage_healed":0,"gold_gain":0,"cards_transformed":["Bane"],"player_choice":"Change","damage_taken":0,"max_hp_gain":0,"max_hp_loss":0,"event_name":"Living Wall","floor":2,"gold_loss":0,"cards_obtained":["Backflip"]},{"damage_healed":0,"gold_gain":0,"player_choice":"Rummage","damage_taken":0,"relics_obtained":["WarpedTongs"],"max_hp_gain":0,"max_hp_loss":0,"event_name":"Accursed Blacksmith","floor":3,"gold_loss":0,"cards_obtained":["Pain"]},{"damage_healed":0,"gold_gain":75,"player_choice":"Gather Gold","damage_taken":11,"max_hp_gain":0,"max_hp_loss":0,"event_name":"World of Goop","floor":7,"gold_loss":0},{"damage_healed":0,"gold_gain":0,"player_choice":"Inject Mutagens","damage_taken":0,"relics_obtained":["MutagenicStrength"],"max_hp_gain":0,"max_hp_loss":0,"event_name":"Drug Dealer","floor":19,"gold_loss":0},{"damage_healed":0,"gold_gain":0,"player_choice":"Ignored","damage_taken":0,"max_hp_gain":0,"max_hp_loss":0,"event_name":"Beggar","floor":20,"gold_loss":0},{"cards_removed":["Pain"],"damage_healed":0,"gold_gain":0,"player_choice":"Offered Curse","damage_taken":0,"relics_obtained":["Spirit Poop"],"max_hp_gain":0,"max_hp_loss":0,"event_name":"Bonfire Elementals","floor":21,"gold_loss":0},{"cards_removed":["Phantasmal Killer"],"damage_healed":0,"gold_gain":0,"player_choice":"Removed Skill","damage_taken":0,"max_hp_gain":0,"max_hp_loss":0,"event_name":"Falling","floor":38,"gold_loss":0},{"damage_healed":67,"gold_gain":0,"player_choice":"Heal","damage_taken":0,"max_hp_gain":0,"max_hp_loss":10,"event_name":"The Moai Head","floor":44,"gold_loss":0}],"is_beta":false,"boss_relics":[{"not_picked":["Runic Dome","Empty Cage"],"picked":"Busted Crown"},{"not_picked":["Orrery","Cursed Key"],"picked":"Fusion Hammer"}],"items_purged_floors":[],"is_endless":false,"potions_floor_spawned":[4,6,10,16,22,27,39,40],"killed_by":"Giant Head","ascension_level":3}