{"gold_per_floor":[114,189,189,189,204,204,219,249,249,249,264,264,294,309,309,409,409,424,424,424,20,35,65,65,80,80,95,95,125,140,140],"floor_reached":31,"playtime":2410,"items_purged":[],"score":335,"play_id":"06d82c57-55df-416b-ad9d-f4bc76d88d4a","local_time":"20190228084718","daily_mods":["Heirloom","ControlledChaos","Terminal"],"is_ascension_mode":false,"campfire_choices":[{"floor":6,"key":"REST"},{"floor":12,"key":"REST"},{"data":"Cleave","floor":15,"key":"SMITH"},{"floor":24,"key":"REST"}],"neow_cost":"","seed_source_timestamp":0,"circlet_count":0,"master_deck":["Strike_R","Strike_R","Strike_R","Strike_R","Strike_R","Defend_R+1","Defend_R+1","Defend_R","Defend_R","Bash","Wild Strike","Berserk","Iron Wave","Cleave+1","Inflame","Metallicize","Iron Wave","Blood for Blood","Barricade","Clothesline+1","Flash of Steel","Inflame","Havoc","Flame Barrier","Ghostly Armor","True Grit+1","Second Wind","Pommel Strike"],"special_seed":17955,"relics":["Black Blood","Frozen Eye","Ginger","Turnip","Sundial","Bottled Flame","Peace Pipe","Mummified Hand","WingedGreaves","Dead Branch","Ice Cream","Vajra"],"potions_floor_usage":[11,18,18,22,23,27,31],"damage_taken":[{"damage":0,"enemies":"2 Louse","floor":1,"turns":2},{"damage":0,"enemies":"Jaw Worm","floor":5,"turns":3},{"damage":0,"enemies":"Small Slimes","floor":7,"turns":4},{"damage":19,"enemies":"3 Sentries","floor":8,"turns":5},{"damage":10,"enemies":"Exordium Thugs","floor":11,"turns":4},{"damage":8,"enemies":"Gremlin Nob","floor":13,"turns":4},{"damage":3,"enemies":"Lots of Slimes","floor":14,"turns":2},{"damage":2,"enemies":"Slime Boss","floor":16,"turns":8},{"damage":42,"enemies":"Spheric Guardian","floor":18,"turns":8},{"damage":5,"enemies":"Chosen","floor":22,"turns":6},{"damage":27,"enemies":"Book of Stabbing","floor":23,"turns":5},{"damage":17,"enemies":"Snake Plant","floor":25,"turns":5},{"damage":7,"enemies":"Centurion and Healer","floor":27,"turns":7},{"damage":28,"enemies":"Slavers","floor":29,"turns":6},{"damage":15,"enemies":"Cultist and Chosen","floor":30,"turns":7},{"damage":7,"enemies":"Colosseum Slavers","floor":31,"turns":4},{"damage":26,"enemies":"Colosseum Nobs","floor":31,"turns":4}],"seed_played":"-2833648165703776253","potions_obtained":[{"floor":5,"key":"FearPotion"},{"floor":11,"key":"Dexterity Potion"},{"floor":14,"key":"Regen Potion"},{"floor":16,"key":"Weak Potion"},{"floor":18,"key":"BloodPotion"},{"floor":25,"key":"Ancient Potion"},{"floor":30,"key":"PowerPotion"}],"is_trial":false,"path_per_floor":["M","?","?","?","M","R","M","E","T","T","M","R","E","M","R","B",null,"M","?","?","$","M","E","R","M","T","M","T","E","M","?"],"character_chosen":"IRONCLAD","items_purchased":["Mummified Hand","Flash of Steel","Inflame"],"campfire_rested":3,"item_purchase_floors":[21,21,21],"current_hp_per_floor":[78,67,52,52,58,73,72,59,59,59,55,67,65,65,64,63,62,44,34,34,34,45,28,46,39,39,42,42,24,19,0],"gold":140,"neow_bonus":"","is_prod":false,"is_daily":true,"chose_seed":false,"campfire_upgraded":1,"win_rate":0,"timestamp":1551343638,"path_taken":["M","?","?","?","?","R","?","E","T","?","M","R","E","M","R","BOSS","M","?","?","?","M","E","R","?","T","M","?","E","?","?"],"build_version":"2019-01-23","purchased_purges":0,"victory":false,"max_hp_per_floor":[78,77,76,75,74,73,72,71,70,69,68,67,66,65,64,63,62,61,65,64,63,62,61,60,59,58,57,56,55,54,54],"card_choices":[{"not_picked":["Clash","Sever Soul"],"picked":"Wild Strike","floor":1},{"not_picked":["True Grit","Body Slam"],"picked":"Iron Wave","floor":5},{"not_picked":["Body Slam","Sword Boomerang"],"picked":"Cleave","floor":7},{"not_picked":["Pummel","Shrug It Off"],"picked":"Inflame","floor":8},{"not_picked":["True Grit","Juggernaut"],"picked":"Metallicize","floor":11},{"not_picked":["Entrench","Ghostly Armor"],"picked":"Iron Wave","floor":13},{"not_picked":["Warcry","Carnage"],"picked":"Blood for Blood","floor":14},{"not_picked":["Offering","Juggernaut"],"picked":"Barricade","floor":16},{"not_picked":["Battle Trance","Heavy Blade"],"picked":"Clothesline+1","floor":18},{"not_picked":["Anger","Heavy Blade+1"],"picked":"Havoc","floor":22},{"not_picked":["Headbutt","Berserk"],"picked":"Flame Barrier","floor":23},{"not_picked":["Intimidate","Cleave"],"picked":"Ghostly Armor","floor":25},{"not_picked":["Shrug It Off","Perfected Strike"],"picked":"True Grit+1","floor":27},{"not_picked":["Dark Embrace","Heavy Blade+1"],"picked":"Second Wind","floor":29},{"not_picked":["Shockwave","Twin Strike"],"picked":"Pommel Strike","floor":30}],"player_experience":232131,"relics_obtained":[{"floor":8,"key":"Turnip"},{"floor":9,"key":"Sundial"},{"floor":10,"key":"Bottled Flame"},{"floor":13,"key":"Peace Pipe"},{"floor":23,"key":"WingedGreaves"},{"floor":26,"key":"Dead Branch"},{"floor":28,"key":"Ice Cream"},{"floor":29,"key":"Vajra"}],"event_choices":[{"damage_healed":0,"gold_gain":75,"player_choice":"Gather Gold","damage_taken":11,"max_hp_gain":0,"max_hp_loss":0,"event_name":"World of Goop","floor":2,"gold_loss":0},{"damage_healed":0,"gold_gain":0,"player_choice":"Entered Light","damage_taken":15,"max_hp_gain":0,"max_hp_loss":0,"event_name":"Shining Light","floor":3,"gold_loss":0,"cards_upgraded":["Defend_R","Defend_R"]},{"damage_healed":0,"gold_gain":0,"player_choice":"1 cards matched","damage_taken":0,"max_hp_gain":0,"max_hp_loss":0,"event_name":"Match and Keep!","floor":4,"gold_loss":0,"cards_obtained":["Berserk"]},{"damage_healed":0,"gold_gain":0,"player_choice":"Shed Blood","damage_taken":15,"max_hp_gain":5,"max_hp_loss":0,"event_name":"Forgotten Altar","floor":19,"gold_loss":0},{"damage_healed":0,"gold_gain":0,"player_choice":"Ignored","damage_taken":0,"max_hp_gain":0,"max_hp_loss":0,"event_name":"Vampires","floor":20,"gold_loss":0},{"damage_healed":0,"gold_gain":0,"player_choice":"Fight","damage_taken":0,"max_hp_gain":0,"max_hp_loss":0,"event_name":"Colosseum","floor":31,"gold_loss":0},{"damage_healed":0,"gold_gain":0,"player_choice":"Fought Nobs","damage_taken":0,"max_hp_gain":0,"max_hp_loss":0,"event_name":"Colosseum","floor":31,"gold_loss":0}],"is_beta":false,"boss_relics":[{"not_picked":["Runic Dome","White Beast Statue"],"picked":"Black Blood"}],"items_purged_floors":[],"is_endless":false,"potions_floor_spawned":[5,11,14,16,18,25,30],"killed_by":"Colosseum Nobs","ascension_level":0}