{"gold_per_floor":[13,13,29,29,29,63,63,74,74,106,106,123,123],"floor_reached":13,"playtime":475,"items_purged":[],"score":93,"play_id":"e31c66ba-3d11-4f68-bd53-20e76b071c6c","local_time":"20181016175304","is_ascension_mode":false,"campfire_choices":[{"data":"Chaos","floor":7,"key":"SMITH"}],"neow_cost":"NO_GOLD","seed_source_timestamp":544198711673242,"circlet_count":0,"master_deck":["Strike_B","Defend_B","Defend_B","Defend_B","Zap","Dualcast","Force Field","Redo","Chaos+1","Loop","FTL","Self Repair"],"relics":["Cracked Core","Matryoshka","Bronze Scales","Centennial Puzzle","Bottled Flame"],"potions_floor_usage":[],"damage_taken":[{"damage":0,"enemies":"2 Louse","floor":1,"turns":2},{"damage":5,"enemies":"Small Slimes","floor":3,"turns":4},{"damage":45,"enemies":"Lagavulin","floor":6,"turns":9},{"damage":0,"enemies":"Cultist","floor":8,"turns":2},{"damage":14,"enemies":"3 Sentries","floor":10,"turns":7},{"damage":3,"enemies":"Exordium Thugs","floor":12,"turns":3},{"damage":1,"enemies":"Red Slaver","floor":13,"turns":1}],"seed_played":"-487560542619784887","potions_obtained":[{"floor":1,"key":"Swift Potion"},{"floor":6,"key":"Fire Potion"},{"floor":8,"key":"Energy Potion"},{"floor":11,"key":"SmokeBomb"}],"is_trial":false,"path_per_floor":["M","?","M","$","?","E","R","M","T","E","?","M"],"character_chosen":"DEFECT","items_purchased":[],"campfire_rested":0,"item_purchase_floors":[],"current_hp_per_floor":[75,68,63,63,63,18,18,18,18,4,4,1,0],"gold":123,"neow_bonus":"REMOVE_TWO","is_prod":false,"is_daily":false,"chose_seed":false,"campfire_upgraded":1,"win_rate":0.0,"timestamp":1539726784,"path_taken":["M","?","?","$","?","E","R","?","T","E","?","M","M"],"build_version":"2018-10-11","purchased_purges":0,"victory":false,"max_hp_per_floor":[75,75,75,75,75,75,75,75,75,75,75,75,75],"card_choices":[{"not_picked":["Go for the Eyes","Heatsinks"],"picked":"Force Field","floor":1},{"not_picked":["Leap","Lockon"],"picked":"Redo","floor":3},{"not_picked":["Stack","Barrage"],"picked":"Chaos","floor":6},{"not_picked":["Scrape","BootSequence"],"picked":"Loop","floor":8},{"not_picked":["Blizzard","Skim"],"picked":"FTL","floor":10},{"not_picked":["Redo","Sweeping Beam"],"picked":"Self Repair","floor":12}],"player_experience":36254,"relics_obtained":[{"floor":6,"key":"Matryoshka"},{"floor":9,"key":"Bronze Scales"},{"floor":9,"key":"Centennial Puzzle"},{"floor":10,"key":"Bottled Flame"}],"event_choices":[{"event_name":"Golden Wing","player_choice":"Card Removal","floor":2,"damage_taken":0},{"event_name":"Bonfire Elementals","player_choice":"BASIC","floor":5,"damage_taken":0},{"event_name":"The Lab","player_choice":"Got Potions","floor":11,"damage_taken":0}],"is_beta":false,"boss_relics":[],"items_purged_floors":[],"is_endless":false,"potions_floor_spawned":[1,6,8],"killed_by":"Red Slaver","ascension_level":0}