{"gold_per_floor":[419,435,435,126,91,120,120,120,120,295,312,312,89,116,116,216,266,281,10,110,110,125,155,170,205,205,205,205,217,217,244,244,348,348,358,358,11,41,59,79,0,17,17,33,115,115,125,141,141,141],"floor_reached":51,"playtime":5785,"items_purged":[],"score":796,"play_id":"b92c9122-ff87-4e35-b652-5b3a882f8719","local_time":"20190218223319","is_ascension_mode":true,"campfire_choices":[{"floor":7,"key":"REST"},{"floor":15,"key":"REST"},{"floor":27,"key":"REST"},{"floor":32,"key":"REST"},{"floor":46,"key":"REST"},{"floor":49,"key":"REST"}],"neow_cost":"TEN_PERCENT_HP_LOSS","seed_source_timestamp":142964985680800,"circlet_count":0,"master_deck":["Strike_B","Strike_B+1","Strike_B","Defend_B","Defend_B","Defend_B","Defend_B+1","Zap","Dualcast","Genetic Algorithm","Ball Lightning","White Noise","Cold Snap+1","Chaos","Capacitor","Sweeping Beam","Defragment","Redo","Defragment+1","Conserve Battery+1","Doom and Gloom","Coolheaded+1","Fission+1","Defragment+1","Hologram+1","Echo Form+1","Hologram+1","Coolheaded+1","BootSequence+1","Ball Lightning","Rebound+1","Core Surge","Coolheaded+1"],"relics":["Cracked Core","Old Coin","Du-Vu Doll","Emotion Chip","Matryoshka","Oddly Smooth Stone","Peace Pipe","Bronze Scales","Pear","Bag of Preparation","Pen Nib","Tiny House","Frozen Egg 2","Unceasing Top","Mercury Hourglass","Toxic Egg 2","Blood Vial","Symbiotic Virus","StoneCalendar","Empty Cage","OrangePellets","Whetstone","Tiny Chest","Red Mask","Cables","Question Card"],"potions_floor_usage":[6,16,20,23,23,24,24,24,24,25,29,33,47],"damage_taken":[{"damage":7,"enemies":"2 Louse","floor":1,"turns":3},{"damage":0,"enemies":"Small Slimes","floor":2,"turns":2},{"damage":23,"enemies":"3 Sentries","floor":6,"turns":6},{"damage":0,"enemies":"Cultist","floor":11,"turns":3},{"damage":16,"enemies":"Lagavulin","floor":14,"turns":5},{"damage":34,"enemies":"Hexaghost","floor":16,"turns":6},{"damage":4,"enemies":"Shell Parasite","floor":18,"turns":3},{"damage":23,"enemies":"Colosseum Slavers","floor":20,"turns":4},{"damage":36,"enemies":"Colosseum Nobs","floor":20,"turns":4},{"damage":10,"enemies":"Chosen","floor":22,"turns":4},{"damage":2,"enemies":"Book of Stabbing","floor":23,"turns":4},{"damage":12,"enemies":"Centurion and Healer","floor":24,"turns":5},{"damage":18,"enemies":"Slavers","floor":25,"turns":2},{"damage":2,"enemies":"Shelled Parasite and Fungi","floor":29,"turns":6},{"damage":6,"enemies":"Book of Stabbing","floor":31,"turns":6},{"damage":14,"enemies":"Champ","floor":33,"turns":7},{"damage":34,"enemies":"3 Shapes","floor":35,"turns":3},{"damage":0,"enemies":"Orb Walker","floor":39,"turns":3},{"damage":28,"enemies":"Transient","floor":40,"turns":5},{"damage":24,"enemies":"Sphere and 2 Shapes","floor":42,"turns":6},{"damage":0,"enemies":"Jaw Worm Horde","floor":44,"turns":4},{"damage":2,"enemies":"Writhing Mass","floor":47,"turns":5},{"damage":13,"enemies":"4 Shapes","floor":48,"turns":4},{"damage":15,"enemies":"Time Eater","floor":50,"turns":10}],"seed_played":"-6815742424081257187","potions_obtained":[{"floor":1,"key":"Ancient Potion"},{"floor":11,"key":"LiquidBronze"},{"floor":16,"key":"Ancient Potion"},{"floor":17,"key":"GamblersBrew"},{"floor":20,"key":"EntropicBrew"},{"floor":22,"key":"Dexterity Potion"},{"floor":23,"key":"SpeedPotion"},{"floor":24,"key":"PowerPotion"},{"floor":31,"key":"PowerPotion"},{"floor":35,"key":"SteroidPotion"},{"floor":42,"key":"Poison Potion"}],"is_trial":false,"path_per_floor":["M","M","?","$","?","E","R","?","T","?","M","T","$","E","R","B",null,"M","$","?","?","M","E","M","E","T","R","?","M","?","E","R","B",null,"M","?","$","?","M","M","?","M","T","M","T","R","M","M","R","B",null],"character_chosen":"DEFECT","items_purchased":["Emotion Chip","Bag of Preparation","Chaos","Frozen Egg 2","Redo","OrangePellets","Whetstone"],"campfire_rested":6,"item_purchase_floors":[4,13,13,19,19,37,37],"current_hp_per_floor":[61,61,49,49,66,43,63,56,56,56,56,66,66,50,73,39,83,79,79,20,47,37,35,23,5,5,29,29,29,13,9,35,23,88,54,54,54,54,56,30,30,8,8,10,10,36,36,25,51,38],"gold":141,"neow_bonus":"ONE_RARE_RELIC","is_prod":false,"is_daily":false,"chose_seed":false,"campfire_upgraded":0,"win_rate":0,"timestamp":1550529199,"path_taken":["M","M","?","$","?","E","R","?","T","?","M","?","$","E","R","BOSS","M","$","?","?","M","E","M","E","T","R","?","?","?","E","R","BOSS","M","?","$","?","?","M","?","M","T","M","?","R","M","M","R","BOSS"],"build_version":"2019-01-23","purchased_purges":0,"victory":true,"max_hp_per_floor":[68,68,68,68,68,68,68,68,68,68,68,78,78,78,78,78,83,83,83,83,83,83,83,83,83,83,83,83,83,88,88,88,88,88,88,88,88,88,88,88,88,88,88,88,88,88,88,88,88,88],"card_choices":[{"not_picked":["Melter","Streamline"],"picked":"Genetic Algorithm","floor":1},{"not_picked":["Consume","Lockon"],"picked":"Ball Lightning","floor":2},{"not_picked":["Amplify","Steam"],"picked":"White Noise","floor":6},{"not_picked":["Rebound","Hologram"],"picked":"Cold Snap","floor":11},{"not_picked":["Aggregate","Genetic Algorithm"],"picked":"Capacitor","floor":14},{"not_picked":["Reboot","Thunder Strike"],"picked":"Multi-Cast","floor":16},{"not_picked":["Sunder","Gash"],"picked":"Sweeping Beam","floor":17},{"not_picked":["Reprogram","Turbo"],"picked":"Defragment","floor":18},{"not_picked":["Turbo","Storm+1"],"picked":"Defragment+1","floor":20},{"not_picked":["Stack","Undo"],"picked":"Conserve Battery+1","floor":22},{"not_picked":["Beam Cell","Steam"],"picked":"Doom and Gloom","floor":23},{"not_picked":["Blizzard+1","Gash"],"picked":"Coolheaded+1","floor":24},{"not_picked":["Ball Lightning","Cold Snap"],"picked":"Fission+1","floor":25},{"not_picked":["Sweeping Beam+1","Steam+1"],"picked":"Hologram+1","floor":29},{"not_picked":["Melter","Turbo+1"],"picked":"Conserve Battery+1","floor":31},{"not_picked":["Amplify+1","Hyperbeam"],"picked":"Echo Form+1","floor":33},{"not_picked":["Go for the Eyes+1","Rebound"],"picked":"Hologram+1","floor":35},{"not_picked":["Echo Form+1","Stack+1"],"picked":"Coolheaded+1","floor":39},{"not_picked":["Barrage","Go for the Eyes"],"picked":"BootSequence+1","floor":40},{"not_picked":["Streamline","Gash+1"],"picked":"Ball Lightning","floor":42},{"not_picked":["Stack+1","Sunder"],"picked":"Rebound+1","floor":44},{"not_picked":["Sunder+1","Reinforced Body+1","Sweeping Beam+1"],"picked":"Core Surge","floor":47},{"not_picked":["Stack+1","Rebound+1","Auto Shields+1"],"picked":"Coolheaded+1","floor":48}],"player_experience":151090,"relics_obtained":[{"floor":6,"key":"Matryoshka"},{"floor":9,"key":"Oddly Smooth Stone"},{"floor":9,"key":"Peace Pipe"},{"floor":12,"key":"Bronze Scales"},{"floor":12,"key":"Pear"},{"floor":14,"key":"Pen Nib"},{"floor":20,"key":"Unceasing Top"},{"floor":20,"key":"Mercury Hourglass"},{"floor":23,"key":"Toxic Egg 2"},{"floor":25,"key":"Blood Vial"},{"floor":26,"key":"Symbiotic Virus"},{"floor":31,"key":"StoneCalendar"},{"floor":43,"key":"Cables"},{"floor":45,"key":"Question Card"}],"event_choices":[{"damage_healed":0,"gold_gain":0,"player_choice":"Success","damage_taken":12,"relics_obtained":["Du-Vu Doll"],"max_hp_gain":0,"max_hp_loss":0,"event_name":"Scrap Ooze","floor":3,"gold_loss":0},{"damage_healed":17,"gold_gain":0,"player_choice":"Healed","damage_taken":0,"max_hp_gain":0,"max_hp_loss":0,"event_name":"The Cleric","floor":5,"gold_loss":35},{"cards_removed":["Strike_B"],"damage_healed":0,"gold_gain":0,"player_choice":"Card Removal","damage_taken":7,"max_hp_gain":0,"max_hp_loss":0,"event_name":"Golden Wing","floor":8,"gold_loss":0},{"damage_healed":0,"gold_gain":175,"player_choice":"AGREE","damage_taken":0,"max_hp_gain":0,"max_hp_loss":0,"event_name":"Liars Game","floor":10,"gold_loss":0,"cards_obtained":["Doubt"]},{"damage_healed":0,"gold_gain":0,"player_choice":"Fight","damage_taken":0,"max_hp_gain":0,"max_hp_loss":0,"event_name":"Colosseum","floor":20,"gold_loss":0},{"damage_healed":0,"gold_gain":0,"player_choice":"Fought Nobs","damage_taken":0,"max_hp_gain":0,"max_hp_loss":0,"event_name":"Colosseum","floor":20,"gold_loss":0},{"damage_healed":27,"gold_gain":0,"player_choice":"Heal","damage_taken":0,"max_hp_gain":0,"max_hp_loss":0,"event_name":"The Library","floor":21,"gold_loss":0},{"damage_healed":0,"gold_gain":0,"player_choice":"Copied","damage_taken":0,"max_hp_gain":0,"max_hp_loss":0,"event_name":"Duplicator","floor":28,"gold_loss":0,"cards_obtained":["Defragment"]},{"damage_healed":0,"gold_gain":0,"player_choice":"Shed Blood","damage_taken":21,"max_hp_gain":5,"max_hp_loss":0,"event_name":"Forgotten Altar","floor":30,"gold_loss":0},{"cards_removed":["Conserve Battery"],"damage_healed":0,"gold_gain":0,"player_choice":"Removed Skill","damage_taken":0,"max_hp_gain":0,"max_hp_loss":0,"event_name":"Falling","floor":36,"gold_loss":0},{"damage_healed":0,"gold_gain":0,"player_choice":"Gave Potion","damage_taken":0,"relics_obtained":["Tiny Chest"],"max_hp_gain":0,"max_hp_loss":0,"event_name":"WeMeetAgain","floor":38,"gold_loss":0},{"damage_healed":0,"gold_gain":0,"player_choice":"Paid","damage_taken":0,"relics_obtained":["Red Mask"],"max_hp_gain":0,"max_hp_loss":0,"event_name":"Tomb of Lord Red Mask","floor":41,"gold_loss":79}],"is_beta":false,"boss_relics":[{"not_picked":["Lizard Tail","Coffee Dripper"],"picked":"Tiny House"},{"not_picked":["Runic Dome","Velvet Choker"],"picked":"Empty Cage"}],"items_purged_floors":[],"is_endless":false,"potions_floor_spawned":[1,11,16,20,22,23,24,31,35,42],"ascension_level":1}