{"gold_per_floor":[114,129,144,219,32,62,62,77,77,92,122,41,71,83,95,207,219,246,273,285,312,339,366,408,435,472,514,526,538,309,339,339,439,439,454,469,272,287,287,317,31,61,86,116,13,43,58,73,73,73],"floor_reached":51,"playtime":6830,"items_purged":[],"score":1022,"play_id":"e64f4064-1021-4d20-9e60-0b87ed8d0abc","local_time":"20190615202656","daily_mods":["Specialized","ControlledChaos","Elite Swarm"],"is_ascension_mode":false,"campfire_choices":[{"floor":7,"key":"REST"},{"data":"Adrenaline","floor":15,"key":"SMITH"},{"floor":28,"key":"REST"},{"floor":32,"key":"REST"},{"data":"1","floor":49,"key":"LIFT"}],"neow_cost":"","seed_source_timestamp":0,"circlet_count":0,"master_deck":["Defend_G","Defend_G","Defend_G","Defend_G","Defend_G","Strike_G","Strike_G","Strike_G","Strike_G","Strike_G","Survivor","Neutralize","Venomology","Venomology","Venomology","Venomology","Venomology","Dash","Distraction","Finisher","Backflip","Dramatic Entrance","Footwork","Adrenaline+1","Footwork","Deflect","Die Die Die","Crippling Poison","Adrenaline","Underhanded Strike","Backflip","Poisoned Stab+1","Underhanded Strike+1","Blade Dance+1","A Thousand Cuts","Accuracy","Glass Knife","Noxious Fumes","Storm of Steel","Glass Knife","A Thousand Cuts","Dodge and Roll+1","Deflect+1","Tactician","Backstab","Dramatic Entrance","Backstab+1","Die Die Die","Trip","After Image","Backflip","Footwork","Venomology","Dodge and Roll","PiercingWail"],"special_seed":18062,"relics":["Ring of the Snake","Anchor","Unceasing Top","FossilizedHelix","MawBank","HoveringKite","Nloth\u0027s Gift","Singing Bowl","Orichalcum","Happy Flower","Tingsha","Busted Crown","Peace Pipe","Mercury Hourglass","Toy Ornithopter","Girya","Pen Nib","Calipers","Bag of Preparation"],"potions_floor_usage":[1,2,2,3,6,6,8,8,10,10,10,10,11,11,11,11,13,13,13,13,13,16,16,16,16,16,18,18,18,19,19,21,21,22,23,24,24,24,24,25,25,25,27,27,27,33,33,35,35,36,36,38,38,38,40,40,40,42,42,42,42,42,44,44,46,46,46,46,46,46,47,47,47,48,50,50,50,50,50,50],"damage_taken":[{"damage":11,"enemies":"Cultist","floor":1,"turns":5},{"damage":0,"enemies":"2 Louse","floor":2,"turns":4},{"damage":0,"enemies":"Small Slimes","floor":3,"turns":4},{"damage":31,"enemies":"Lagavulin","floor":6,"turns":7},{"damage":0,"enemies":"2 Fungi Beasts","floor":8,"turns":2},{"damage":8,"enemies":"Exordium Thugs","floor":10,"turns":4},{"damage":0,"enemies":"3 Sentries","floor":11,"turns":3},{"damage":1,"enemies":"Gremlin Nob","floor":13,"turns":5},{"damage":0,"enemies":"Slime Boss","floor":16,"turns":11},{"damage":0,"enemies":"Chosen","floor":18,"turns":6},{"damage":0,"enemies":"3 Byrds","floor":19,"turns":5},{"damage":0,"enemies":"Snake Plant","floor":21,"turns":1},{"damage":6,"enemies":"3 Cultists","floor":22,"turns":5},{"damage":2,"enemies":"Shelled Parasite and Fungi","floor":23,"turns":4},{"damage":36,"enemies":"Gremlin Leader","floor":24,"turns":5},{"damage":8,"enemies":"Snecko","floor":25,"turns":5},{"damage":20,"enemies":"Book of Stabbing","floor":27,"turns":4},{"damage":23,"enemies":"Slavers","floor":31,"turns":4},{"damage":56,"enemies":"Automaton","floor":33,"turns":10},{"damage":0,"enemies":"Orb Walker","floor":35,"turns":3},{"damage":0,"enemies":"3 Darklings","floor":36,"turns":4},{"damage":0,"enemies":"Maw","floor":38,"turns":6},{"damage":77,"enemies":"Reptomancer","floor":40,"turns":4},{"damage":0,"enemies":"Giant Head","floor":42,"turns":9},{"damage":0,"enemies":"Nemesis","floor":44,"turns":5},{"damage":8,"enemies":"Giant Head","floor":46,"turns":7},{"damage":0,"enemies":"Transient","floor":47,"turns":5},{"damage":0,"enemies":"Spire Growth","floor":48,"turns":3},{"damage":61,"enemies":"Donu and Deca","floor":50,"turns":8}],"seed_played":"9183149745965414246","potions_obtained":[{"floor":6,"key":"AttackPotion"},{"floor":10,"key":"GhostInAJar"},{"floor":11,"key":"PowerPotion"},{"floor":16,"key":"Weak Potion"},{"floor":18,"key":"FearPotion"},{"floor":19,"key":"Swift Potion"},{"floor":23,"key":"Weak Potion"},{"floor":25,"key":"PowerPotion"},{"floor":33,"key":"AttackPotion"},{"floor":36,"key":"GhostInAJar"},{"floor":38,"key":"Fire Potion"},{"floor":46,"key":"Fire Potion"},{"floor":47,"key":"FearPotion"},{"floor":48,"key":"SkillPotion"}],"is_trial":false,"path_per_floor":["M","M","M","?","$","E","R","M","T","M","E","$","E","?","R","B",null,"M","M","?","M","M","M","E","M","T","E","R","?","$","E","R","B",null,"M","M","$","M","?","E","$","E","T","E","$","E","M","M","R","B",null],"character_chosen":"THE_SILENT","items_purchased":["Backflip","Dramatic Entrance","Footwork","Crippling Poison","Noxious Fumes","Storm of Steel","Tactician","Backstab","Dramatic Entrance","Toy Ornithopter","Trip","Backflip","Footwork"],"campfire_rested":3,"item_purchase_floors":[5,5,5,12,30,30,37,37,37,41,41,45,45],"current_hp_per_floor":[59,59,59,48,48,17,38,38,38,42,42,42,41,80,80,80,80,80,80,80,80,74,78,42,43,43,23,47,47,47,24,48,8,80,80,80,80,80,80,8,8,33,33,45,45,72,82,82,82,36],"gold":73,"neow_bonus":"","is_prod":false,"is_daily":true,"chose_seed":false,"campfire_upgraded":1,"win_rate":0,"timestamp":1560626816,"path_taken":["M","?","M","?","$","E","R","M","T","M","E","$","E","?","R","BOSS","M","?","?","M","M","?","E","M","T","E","R","?","$","E","R","BOSS","M","M","$","M","?","E","$","E","T","E","?","E","M","M","R","BOSS"],"build_version":"2019-01-23","purchased_purges":0,"victory":true,"max_hp_per_floor":[70,70,70,70,70,70,70,70,70,70,70,70,70,80,80,80,80,80,80,80,80,80,80,80,80,80,80,80,80,80,80,80,80,80,80,80,80,80,80,80,80,80,80,82,82,82,82,82,82,82],"card_choices":[{"not_picked":["Prepared","Choke"],"picked":"Dash","floor":1},{"not_picked":["Prepared","PiercingWail"],"picked":"Distraction","floor":2},{"not_picked":["Distraction","Outmaneuver"],"picked":"Finisher","floor":3},{"not_picked":["Grand Finale","Wraith Form v2"],"picked":"Adrenaline","floor":6},{"not_picked":["Masterful Stab","Deadly Poison"],"picked":"Footwork","floor":8},{"not_picked":["Eviscerate","All Out Attack"],"picked":"Deflect","floor":10},{"not_picked":["Unload","Phantasmal Killer"],"picked":"Die Die Die","floor":11},{"not_picked":["Wraith Form v2","Glass Knife"],"picked":"Burst","floor":13},{"not_picked":["Burst","Die Die Die"],"picked":"Adrenaline","floor":16},{"not_picked":["Finisher","Choke"],"picked":"Underhanded Strike","floor":18},{"not_picked":["Deadly Poison+1","Sucker Punch"],"picked":"Backflip","floor":19},{"not_picked":["Setup+1","Quick Slash+1"],"picked":"Poisoned Stab+1","floor":21},{"not_picked":["Concentrate","Dagger Spray+1"],"picked":"Underhanded Strike+1","floor":22},{"not_picked":["Calculated Gamble","Deflect"],"picked":"Blade Dance+1","floor":23},{"not_picked":["Die Die Die","Bullet Time"],"picked":"A Thousand Cuts","floor":24},{"not_picked":["Outmaneuver+1","Bouncing Flask+1"],"picked":"Accuracy","floor":25},{"not_picked":["Wraith Form v2","Die Die Die"],"picked":"Glass Knife","floor":27},{"not_picked":["Doppelganger","Venomology"],"picked":"Glass Knife","floor":31},{"not_picked":["Grand Finale","Tools of the Trade"],"picked":"A Thousand Cuts","floor":33},{"not_picked":[],"picked":"Dodge and Roll+1","floor":35},{"not_picked":[],"picked":"Deflect+1","floor":36},{"not_picked":[],"picked":"Backstab+1","floor":38},{"not_picked":[],"picked":"Die Die Die","floor":40},{"not_picked":[],"picked":"After Image","floor":42},{"not_picked":["Phantasmal Killer"],"picked":"Singing Bowl","floor":44},{"not_picked":[],"picked":"Venomology","floor":46},{"not_picked":[],"picked":"Dodge and Roll","floor":47},{"not_picked":[],"picked":"PiercingWail","floor":48}],"player_experience":733329,"relics_obtained":[{"floor":6,"key":"Anchor"},{"floor":9,"key":"Unceasing Top"},{"floor":11,"key":"FossilizedHelix"},{"floor":13,"key":"MawBank"},{"floor":24,"key":"Singing Bowl"},{"floor":26,"key":"Orichalcum"},{"floor":27,"key":"Happy Flower"},{"floor":31,"key":"Tingsha"},{"floor":40,"key":"Mercury Hourglass"},{"floor":42,"key":"Girya"},{"floor":43,"key":"Pen Nib"},{"floor":44,"key":"Calipers"},{"floor":46,"key":"Bag of Preparation"}],"event_choices":[{"damage_healed":0,"gold_gain":75,"player_choice":"Gather Gold","damage_taken":11,"max_hp_gain":0,"max_hp_loss":0,"event_name":"World of Goop","floor":4,"gold_loss":0},{"cards_removed":["Burst"],"damage_healed":29,"gold_gain":0,"player_choice":"Offered Rare","damage_taken":0,"max_hp_gain":10,"max_hp_loss":0,"event_name":"Bonfire Elementals","floor":14,"gold_loss":0},{"damage_healed":0,"gold_gain":0,"player_choice":"Traded Relic","damage_taken":0,"relics_obtained":["Nloth\u0027s Gift"],"max_hp_gain":0,"max_hp_loss":0,"event_name":"N\u0027loth","floor":20,"relics_lost":["Frozen Eye"],"gold_loss":0},{"damage_healed":0,"gold_gain":0,"player_choice":"Ignored","damage_taken":0,"max_hp_gain":0,"max_hp_loss":0,"event_name":"Ghosts","floor":29,"gold_loss":0},{"damage_healed":0,"gold_gain":0,"player_choice":"Gave Potion","damage_taken":0,"relics_obtained":["Peace Pipe"],"max_hp_gain":0,"max_hp_loss":0,"event_name":"WeMeetAgain","floor":39,"gold_loss":0}],"is_beta":false,"boss_relics":[{"not_picked":["Snecko Eye","Runic Dome"],"picked":"HoveringKite"},{"not_picked":["Orrery","WristBlade"],"picked":"Busted Crown"}],"items_purged_floors":[],"is_endless":false,"potions_floor_spawned":[6,10,11,16,18,19,23,25,33,36,38,46,47,48],"ascension_level":0}