{"gold_per_floor":[114,129,144,159,334,334,364,379,404,419,434,449,464,5,5,105,105,120,135,150,165,180,210,225,240,290,305,335,350,365,380,380,480,480,495,510,525,540,2,17,32,47,47,47,72,87,102,132,132,132],"floor_reached":51,"playtime":3418,"items_purged":[],"score":993,"play_id":"aed050ce-4958-4a30-904b-6d907cb77e3f","local_time":"20190321091711","daily_mods":["Heirloom","Vintage","Terminal"],"is_ascension_mode":false,"campfire_choices":[{"data":"Zap","floor":6,"key":"SMITH"},{"data":"Cold Snap","floor":15,"key":"SMITH"},{"data":"Tempest","floor":32,"key":"SMITH"},{"data":"Chrysalis","floor":44,"key":"SMITH"},{"data":"Biased Cognition","floor":49,"key":"SMITH"}],"neow_cost":"","seed_source_timestamp":0,"circlet_count":0,"master_deck":["Strike_B","Strike_B","Strike_B","Strike_B","Defend_B+1","Defend_B+1","Defend_B","Defend_B","Zap+1","Dualcast","Doubt","Cold Snap+1","Dramatic Entrance+1","Leap","Biased Cognition+1","Tempest+1","Redo","Core Surge+1","Defragment+1","Magnetism+1","Rip and Tear+1","Flash of Steel+1","Chrysalis+1","FTL+1","Doom and Gloom+1"],"special_seed":17976,"relics":["Cracked Core","Calipers","Pantograph","PreservedInsect","Bottled Lightning","Bronze Scales","Mummified Hand","Bag of Marbles","Dream Catcher","Pen Nib","Molten Egg 2","Darkstone Periapt","Letter Opener","Toy Ornithopter","Strawberry","Runic Pyramid","Happy Flower","The Courier","Frozen Egg 2","Pear","Symbiotic Virus","Omamori","Kunai","Dodecahedron","Oddly Smooth Stone","Matryoshka","Vajra","Lantern","Thread and Needle","Ice Cream","Philosopher\u0027s Stone","Anchor","DataDisk","Bird Faced Urn","Blue Candle","Membership Card","Ornamental Fan","Blood Vial","War Paint","Torii","Nunchaku","Shuriken","Sundial","Emotion Chip","Boot","Juzu Bracelet","Dead Branch"],"potions_floor_usage":[7,11,16,16,24,27,29,29,29,33,33,33,45,45],"damage_taken":[{"damage":1,"enemies":"Jaw Worm","floor":1,"turns":3},{"damage":3,"enemies":"Small Slimes","floor":2,"turns":3},{"damage":0,"enemies":"2 Louse","floor":3,"turns":2},{"damage":7,"enemies":"Large Slime","floor":4,"turns":6},{"damage":0,"enemies":"3 Sentries","floor":7,"turns":2},{"damage":2,"enemies":"Blue Slaver","floor":8,"turns":3},{"damage":0,"enemies":"Looter","floor":10,"turns":3},{"damage":0,"enemies":"2 Fungi Beasts","floor":11,"turns":1},{"damage":6,"enemies":"Red Slaver","floor":12,"turns":2},{"damage":1,"enemies":"Exordium Wildlife","floor":13,"turns":3},{"damage":26,"enemies":"Hexaghost","floor":16,"turns":9},{"damage":0,"enemies":"Shell Parasite","floor":18,"turns":3},{"damage":0,"enemies":"3 Byrds","floor":19,"turns":2},{"damage":4,"enemies":"Centurion and Healer","floor":20,"turns":8},{"damage":13,"enemies":"Shelled Parasite and Fungi","floor":21,"turns":4},{"damage":6,"enemies":"Sentry and Sphere","floor":22,"turns":4},{"damage":8,"enemies":"Slavers","floor":23,"turns":2},{"damage":0,"enemies":"Centurion and Healer","floor":24,"turns":8},{"damage":5,"enemies":"Cultist and Chosen","floor":25,"turns":4},{"damage":0,"enemies":"3 Cultists","floor":27,"turns":4},{"damage":0,"enemies":"Gremlin Leader","floor":28,"turns":4},{"damage":0,"enemies":"Snecko","floor":29,"turns":4},{"damage":2,"enemies":"Shelled Parasite and Fungi","floor":30,"turns":3},{"damage":0,"enemies":"Sentry and Sphere","floor":31,"turns":2},{"damage":27,"enemies":"Collector","floor":33,"turns":10},{"damage":2,"enemies":"Orb Walker","floor":35,"turns":2},{"damage":0,"enemies":"3 Darklings","floor":36,"turns":4},{"damage":7,"enemies":"Writhing Mass","floor":37,"turns":3},{"damage":0,"enemies":"Jaw Worm Horde","floor":38,"turns":2},{"damage":0,"enemies":"Sphere and 2 Shapes","floor":40,"turns":4},{"damage":0,"enemies":"Maw","floor":41,"turns":5},{"damage":0,"enemies":"4 Shapes","floor":42,"turns":2},{"damage":9,"enemies":"2 Orb Walkers","floor":45,"turns":4},{"damage":0,"enemies":"Transient","floor":46,"turns":5},{"damage":0,"enemies":"Spire Growth","floor":47,"turns":2},{"damage":22,"enemies":"Nemesis","floor":48,"turns":4},{"damage":0,"enemies":"Awakened One","floor":50,"turns":6}],"seed_played":"4738383514283447290","potions_obtained":[{"floor":1,"key":"Strength Potion"},{"floor":4,"key":"PowerPotion"},{"floor":8,"key":"Explosive Potion"},{"floor":12,"key":"SteroidPotion"},{"floor":16,"key":"Ancient Potion"},{"floor":19,"key":"Poison Potion"},{"floor":24,"key":"Energy Potion"},{"floor":27,"key":"AttackPotion"},{"floor":28,"key":"Weak Potion"},{"floor":29,"key":"SpeedPotion"},{"floor":30,"key":"SkillPotion"},{"floor":31,"key":"Explosive Potion"},{"floor":36,"key":"Regen Potion"},{"floor":38,"key":"Regen Potion"},{"floor":40,"key":"Energy Potion"},{"floor":42,"key":"Poison Potion"},{"floor":47,"key":"Poison Potion"}],"is_trial":false,"path_per_floor":["M","M","M","M","?","R","E","M","T","M","M","M","M","$","R","B",null,"M","M","M","M","M","E","M","M","T","M","E","M","M","M","R","B",null,"M","M","M","M","$","M","M","M","T","R","?","M","M","E","R","B",null],"character_chosen":"DEFECT","items_purchased":["Dramatic Entrance+1","Toy Ornithopter","Strawberry","Leap","Membership Card","Ornamental Fan","Defragment+1","Magnetism+1","Rip and Tear+1","Flash of Steel+1","Chrysalis","Blood Vial"],"campfire_rested":0,"item_purchase_floors":[14,14,14,14,39,39,39,39,39,39,39,39],"current_hp_per_floor":[73,70,70,63,63,63,63,61,61,61,61,55,54,61,61,40,64,63,62,58,55,49,41,46,41,41,46,46,61,59,59,59,32,57,55,55,48,48,48,51,50,49,48,47,46,45,44,26,26,41],"gold":132,"neow_bonus":"","is_prod":false,"is_daily":true,"chose_seed":false,"campfire_upgraded":5,"win_rate":0,"timestamp":1553159831,"path_taken":["M","M","M","M","?","R","E","M","T","M","M","M","M","$","R","BOSS","M","M","M","M","M","E","M","M","T","M","E","M","M","M","R","BOSS","M","M","M","M","$","M","M","M","T","R","?","M","M","E","R","BOSS"],"build_version":"2019-01-23","purchased_purges":0,"victory":true,"max_hp_per_floor":[73,72,71,70,69,68,67,66,65,64,63,62,61,67,66,65,64,63,62,61,70,69,68,67,66,65,64,63,62,61,60,59,58,57,56,55,54,53,52,51,50,49,48,47,46,45,44,43,42,41],"card_choices":[{"not_picked":["Force Field","Streamline"],"picked":"Cold Snap","floor":7},{"not_picked":["Reboot","Buffer"],"picked":"Biased Cognition","floor":16},{"not_picked":["Double Energy","Coolheaded"],"picked":"Tempest","floor":23},{"not_picked":["Steam Power+1","Stack"],"picked":"Redo","floor":28},{"not_picked":["All For One+1","Seek"],"picked":"Core Surge+1","floor":33},{"not_picked":["Go for the Eyes+1","Coolheaded"],"picked":"FTL+1","floor":45},{"not_picked":["Cold Snap+1","Genetic Algorithm"],"picked":"Doom and Gloom+1","floor":48}],"player_experience":360178,"relics_obtained":[{"floor":1,"key":"Pantograph"},{"floor":2,"key":"PreservedInsect"},{"floor":3,"key":"Bottled Lightning"},{"floor":4,"key":"Bronze Scales"},{"floor":7,"key":"Mummified Hand"},{"floor":8,"key":"Bag of Marbles"},{"floor":9,"key":"Dream Catcher"},{"floor":10,"key":"Pen Nib"},{"floor":11,"key":"Molten Egg 2"},{"floor":12,"key":"Darkstone Periapt"},{"floor":13,"key":"Letter Opener"},{"floor":18,"key":"Happy Flower"},{"floor":19,"key":"The Courier"},{"floor":20,"key":"Frozen Egg 2"},{"floor":21,"key":"Pear"},{"floor":22,"key":"Symbiotic Virus"},{"floor":23,"key":"Omamori"},{"floor":24,"key":"Kunai"},{"floor":25,"key":"Dodecahedron"},{"floor":26,"key":"Oddly Smooth Stone"},{"floor":27,"key":"Matryoshka"},{"floor":28,"key":"Vajra"},{"floor":29,"key":"Lantern"},{"floor":30,"key":"Thread and Needle"},{"floor":31,"key":"Ice Cream"},{"floor":35,"key":"Anchor"},{"floor":36,"key":"DataDisk"},{"floor":37,"key":"Bird Faced Urn"},{"floor":38,"key":"Blue Candle"},{"floor":40,"key":"War Paint"},{"floor":41,"key":"Torii"},{"floor":42,"key":"Nunchaku"},{"floor":43,"key":"Shuriken"},{"floor":43,"key":"Sundial"},{"floor":45,"key":"Emotion Chip"},{"floor":46,"key":"Boot"},{"floor":47,"key":"Juzu Bracelet"},{"floor":48,"key":"Dead Branch"}],"event_choices":[{"damage_healed":0,"gold_gain":175,"player_choice":"AGREE","damage_taken":0,"max_hp_gain":0,"max_hp_loss":0,"event_name":"Liars Game","floor":5,"gold_loss":0,"cards_obtained":["Doubt"]},{"damage_healed":0,"gold_gain":0,"player_choice":"Fight","damage_taken":0,"max_hp_gain":0,"max_hp_loss":0,"event_name":"Mysterious Sphere","floor":45,"gold_loss":0}],"is_beta":false,"boss_relics":[{"not_picked":["Inserter","Cursed Key"],"picked":"Runic Pyramid"},{"not_picked":["Busted Crown","Snecko Eye"],"picked":"Philosopher\u0027s Stone"}],"items_purged_floors":[],"is_endless":false,"potions_floor_spawned":[1,4,8,12,16,19,24,27,28,29,30,31,36,38,40,42,47],"ascension_level":0}