{"gold_per_floor":[112,123,141,156,156,166,166,196,277,303,333,346,362,362],"floor_reached":14,"playtime":1466,"items_purged":[],"score":150,"play_id":"a7f8dfd3-38af-4178-b8ab-16d3dab779ee","local_time":"20190618155309","is_ascension_mode":true,"campfire_choices":[],"neow_cost":"TEN_PERCENT_HP_LOSS","seed_source_timestamp":1214921711865200,"circlet_count":0,"master_deck":["Strike_R","Strike_R","Strike_R","Strike_R","Defend_R","Defend_R","Defend_R","Bash","Power Through","Feed","Corruption","Clothesline","Feel No Pain","Battle Trance","Spot Weakness","Body Slam","Havoc","Regret","Shrug It Off","Evolve","Sword Boomerang","Battle Trance","Shrug It Off"],"relics":["Burning Blood","Charon\u0027s Ashes","Mango","Ornamental Fan","Odd Mushroom","Boot"],"potions_floor_usage":[3,6,10,14],"damage_taken":[{"damage":9,"enemies":"Jaw Worm","floor":1,"turns":4},{"damage":0,"enemies":"Cultist","floor":2,"turns":4},{"damage":8,"enemies":"2 Louse","floor":3,"turns":3},{"damage":13,"enemies":"Exordium Wildlife","floor":4,"turns":6},{"damage":15,"enemies":"3 Louse","floor":6,"turns":3},{"damage":31,"enemies":"Lagavulin","floor":8,"turns":7},{"damage":9,"enemies":"The Mushroom Lair","floor":10,"turns":3},{"damage":53,"enemies":"Gremlin Nob","floor":11,"turns":7},{"damage":10,"enemies":"2 Fungi Beasts","floor":12,"turns":4},{"damage":4,"enemies":"Lots of Slimes","floor":13,"turns":2},{"damage":13,"enemies":"Lagavulin","floor":14,"turns":3}],"seed_played":"-4188086048288070531","potions_obtained":[{"floor":1,"key":"LiquidBronze"},{"floor":2,"key":"Block Potion"},{"floor":6,"key":"SneckoOil"},{"floor":12,"key":"Weak Potion"}],"is_trial":false,"path_per_floor":["M","M","M","M","?","M","?","E","T","?","E","M","M","E"],"character_chosen":"IRONCLAD","items_purchased":[],"campfire_rested":0,"item_purchase_floors":[],"current_hp_per_floor":[69,75,76,72,72,66,66,55,55,55,8,7,12,0],"gold":362,"neow_bonus":"TRANSFORM_TWO_CARDS","is_prod":false,"is_daily":false,"chose_seed":false,"campfire_upgraded":0,"win_rate":0,"timestamp":1560869589,"path_taken":["M","M","M","M","?","?","?","E","T","?","E","M","M","E"],"build_version":"2019-01-23","purchased_purges":0,"victory":false,"max_hp_per_floor":[72,75,78,81,81,84,84,98,98,101,101,104,107,107],"card_choices":[{"not_picked":["Burning Pact","Heavy Blade"],"picked":"Corruption","floor":1},{"not_picked":["Disarm","Rupture"],"picked":"Clothesline","floor":2},{"not_picked":["Thunderclap","Fire Breathing"],"picked":"Feel No Pain","floor":3},{"not_picked":["Sword Boomerang","Wild Strike"],"picked":"Battle Trance","floor":4},{"not_picked":["Warcry","True Grit"],"picked":"Havoc","floor":6},{"not_picked":["Seeing Red","Anger"],"picked":"Shrug It Off","floor":8},{"not_picked":["Anger","Twin Strike"],"picked":"Evolve","floor":10},{"not_picked":["Hemokinesis","Twin Strike"],"picked":"Sword Boomerang","floor":11},{"not_picked":["Cleave","Wild Strike"],"picked":"Battle Trance","floor":12},{"not_picked":["Double Tap","Cleave"],"picked":"Shrug It Off","floor":13}],"player_experience":766421,"relics_obtained":[{"floor":8,"key":"Mango"},{"floor":9,"key":"Ornamental Fan"},{"floor":10,"key":"Odd Mushroom"},{"floor":11,"key":"Boot"}],"event_choices":[{"damage_healed":0,"gold_gain":0,"player_choice":"2 cards matched","damage_taken":0,"max_hp_gain":0,"max_hp_loss":0,"event_name":"Match and Keep!","floor":5,"gold_loss":0,"cards_obtained":["Spot Weakness","Body Slam"]},{"damage_healed":0,"gold_gain":0,"player_choice":"Box","damage_taken":0,"relics_obtained":["Charon\u0027s Ashes"],"max_hp_gain":0,"max_hp_loss":0,"event_name":"Big Fish","floor":7,"gold_loss":0,"cards_obtained":["Regret"]},{"damage_healed":0,"gold_gain":0,"player_choice":"Fought Mushrooms","damage_taken":0,"max_hp_gain":0,"max_hp_loss":0,"event_name":"Mushrooms","floor":10,"gold_loss":0}],"is_beta":false,"boss_relics":[],"items_purged_floors":[],"is_endless":false,"potions_floor_spawned":[1,2,6,12],"killed_by":"Lagavulin","ascension_level":4}