{"gold_per_floor":[114,24,24,39,12,12,27,27,52,67,97,112,127,142,142,242,242,257,7,22,22,37,67,82,82,82,97,122,137,137,137,137,237,237,252,252,267,282,297,297,312,312,312,38,68,83,133,148,148,148],"floor_reached":50,"playtime":39497,"items_purged":[],"score":800,"play_id":"3f167d5a-57b6-408d-8ef4-76bb532c8052","local_time":"20190417191014","daily_mods":["Insanity","Uncertain Future","Lethality"],"is_ascension_mode":false,"campfire_choices":[{"data":"Storm","floor":6,"key":"SMITH"},{"data":"Chill","floor":8,"key":"SMITH"},{"data":"Scrape","floor":15,"key":"SMITH"},{"floor":25,"key":"REST"},{"floor":30,"key":"REST"},{"floor":32,"key":"REST"},{"floor":40,"key":"REST"},{"floor":42,"key":"REST"},{"floor":49,"key":"REST"}],"neow_cost":"","seed_source_timestamp":0,"circlet_count":0,"master_deck":["Melter","Streamline","Sweeping Beam","Redo","Leap","Go for the Eyes","Cold Snap","Sunder","Compile Driver","Cold Snap","Beam Cell","Double Energy","Cold Snap","Barrage","Steam","Steam Power","Turbo","White Noise","Undo","Barrage","Scrape+1","Chill","Conserve Battery","Darkness","Compile Driver","Cold Snap","Gash","Conserve Battery","Beam Cell","Chill+1","Storm+1","Barrage","Compile Driver","Gash","Blizzard","Conserve Battery","Beam Cell","Gash","Force Field","Barrage","Hologram","Hologram","Barrage","Skim","Gash","Conserve Battery","Sweeping Beam","Skim","Scrape","Mind Blast","Doom and Gloom","Ball Lightning","Loop","Static Discharge","Chaos","All For One","Static Discharge","Stack","Seek","Tempest+1","Turbo","Chill","Blizzard","Gash","Steam Power","Ball Lightning+1","Beam Cell","Aggregate","Electrodynamics+1","Doubt","Writhe","Regret","Cold Snap+1","Capacitor+1","Darkness+1","Hologram+1","Consume","Hologram","White Noise+1","BootSequence+1","Sweeping Beam+1"],"special_seed":18003,"relics":["Cracked Core","Potion Belt","Singing Bowl","Fusion Hammer","Kunai","Letter Opener","Du-Vu Doll","Red Mask","Calling Bell","Blood Vial","Mummified Hand","Nunchaku","Pantograph","Ornamental Fan","Anchor","Centennial Puzzle"],"potions_floor_usage":[16,23,23,24,33,37,39,50,50],"damage_taken":[{"damage":0,"enemies":"Small Slimes","floor":1,"turns":2},{"damage":0,"enemies":"Cultist","floor":4,"turns":1},{"damage":0,"enemies":"2 Louse","floor":7,"turns":1},{"damage":0,"enemies":"2 Fungi Beasts","floor":10,"turns":2},{"damage":0,"enemies":"Gremlin Nob","floor":11,"turns":2},{"damage":0,"enemies":"Looter","floor":12,"turns":1},{"damage":0,"enemies":"Red Slaver","floor":13,"turns":1},{"damage":0,"enemies":"Lots of Slimes","floor":14,"turns":2},{"damage":0,"enemies":"Slime Boss","floor":16,"turns":5},{"damage":7,"enemies":"Chosen","floor":18,"turns":2},{"damage":0,"enemies":"Spheric Guardian","floor":20,"turns":1},{"damage":14,"enemies":"Shelled Parasite and Fungi","floor":22,"turns":2},{"damage":1,"enemies":"Gremlin Leader","floor":23,"turns":4},{"damage":0,"enemies":"Snecko","floor":24,"turns":2},{"damage":12,"enemies":"Snake Plant","floor":27,"turns":3},{"damage":12,"enemies":"Masked Bandits","floor":28,"turns":2},{"damage":20,"enemies":"Shelled Parasite and Fungi","floor":29,"turns":3},{"damage":51,"enemies":"Champ","floor":33,"turns":7},{"damage":6,"enemies":"3 Shapes","floor":35,"turns":4},{"damage":11,"enemies":"Orb Walker","floor":37,"turns":2},{"damage":39,"enemies":"Writhing Mass","floor":38,"turns":3},{"damage":0,"enemies":"Transient","floor":39,"turns":5},{"damage":6,"enemies":"Maw","floor":41,"turns":4},{"damage":11,"enemies":"Nemesis","floor":45,"turns":5},{"damage":14,"enemies":"Writhing Mass","floor":46,"turns":2},{"damage":6,"enemies":"Sphere and 2 Shapes","floor":48,"turns":2},{"damage":84,"enemies":"Awakened One","floor":50,"turns":4}],"seed_played":"-3469368517939405198","potions_obtained":[{"floor":1,"key":"Energy Potion"},{"floor":7,"key":"Dexterity Potion"},{"floor":11,"key":"EssenceOfSteel"},{"floor":14,"key":"SmokeBomb"},{"floor":22,"key":"Weak Potion"},{"floor":23,"key":"SkillPotion"},{"floor":24,"key":"Ancient Potion"},{"floor":33,"key":"Strength Potion"},{"floor":35,"key":"Weak Potion"},{"floor":38,"key":"Regen Potion"}],"is_trial":false,"path_per_floor":["M","$","?","M","$","R","M","R","T","M","E","M","M","M","R","B",null,"M","$","M","?","M","E","M","R","T","M","?","M","R","?","R","B",null,"M","?","M","M","M","R","M","R","T","$","E","M","T","M","R","B"],"character_chosen":"DEFECT","items_purchased":["Mind Blast","Ball Lightning","Kunai","Ornamental Fan","Hologram"],"campfire_rested":6,"item_purchase_floors":[2,5,19,44,44],"current_hp_per_floor":[75,75,75,75,75,75,75,75,75,75,75,75,75,75,75,75,75,68,68,68,54,40,39,39,63,63,51,39,19,43,43,67,16,80,74,74,65,28,44,68,64,80,80,80,69,57,57,53,77,0],"gold":148,"neow_bonus":"","is_prod":false,"is_daily":true,"chose_seed":false,"campfire_upgraded":3,"win_rate":0,"timestamp":1555524614,"path_taken":["M","$","?","M","?","R","M","R","T","M","E","?","M","M","R","BOSS","M","$","M","?","M","E","M","R","T","M","?","M","R","?","R","BOSS","M","?","M","M","M","R","M","R","T","$","E","?","?","M","R","BOSS"],"build_version":"2019-01-23","purchased_purges":0,"victory":false,"max_hp_per_floor":[75,75,75,75,75,75,75,75,75,75,75,75,75,75,75,75,75,75,75,75,80,80,80,80,80,80,80,80,80,80,80,80,80,80,80,80,80,80,80,80,80,80,80,80,80,80,80,80,80,80],"card_choices":[{"not_picked":["Sweeping Beam","Barrage"],"picked":"Scrape","floor":1},{"not_picked":["Steam Power","Coolheaded"],"picked":"Doom and Gloom","floor":4},{"not_picked":["Ball Lightning","Steam"],"picked":"Loop","floor":7},{"not_picked":["Ball Lightning","Chaos"],"picked":"Static Discharge","floor":10},{"not_picked":["Redo","Barrage"],"picked":"Chaos","floor":11},{"not_picked":["Ball Lightning","Steam"],"picked":"All For One","floor":12},{"not_picked":["Compile Driver","Steam Power"],"picked":"Static Discharge","floor":13},{"not_picked":["Redo","Barrage"],"picked":"Stack","floor":14},{"not_picked":["Meteor Strike","Fission"],"picked":"Seek","floor":16},{"not_picked":["Coolheaded+1","Sunder"],"picked":"Tempest+1","floor":18},{"not_picked":["Steam","Redo"],"picked":"Turbo","floor":20},{"not_picked":["Force Field","Go for the Eyes+1"],"picked":"Chill","floor":22},{"not_picked":["Recycle","Leap"],"picked":"Blizzard","floor":23},{"not_picked":["Doom and Gloom","Sweeping Beam"],"picked":"Gash","floor":24},{"not_picked":["Leap","Ball Lightning"],"picked":"Steam Power","floor":27},{"not_picked":["Turbo","Go for the Eyes"],"picked":"Ball Lightning+1","floor":28},{"not_picked":["Melter","Hyperbeam"],"picked":"Beam Cell","floor":29},{"not_picked":["Creative AI","Echo Form"],"picked":"Electrodynamics","floor":33},{"not_picked":["Hologram+1","Stack+1"],"picked":"Cold Snap+1","floor":35},{"not_picked":["Aggregate+1","Cold Snap"],"picked":"Capacitor+1","floor":37},{"not_picked":["Compile Driver","Reprogram+1"],"picked":"Darkness+1","floor":38},{"not_picked":["Darkness+1","Auto Shields+1"],"picked":"Hologram+1","floor":39},{"not_picked":["Stack","Force Field"],"picked":"Consume","floor":41},{"not_picked":["Reinforced Body","Thunder Strike"],"picked":"White Noise+1","floor":45},{"not_picked":["Conserve Battery","Rebound"],"picked":"BootSequence+1","floor":46},{"not_picked":["Steam+1","Conserve Battery+1"],"picked":"Sweeping Beam+1","floor":48}],"player_experience":568924,"relics_obtained":[{"floor":9,"key":"Potion Belt"},{"floor":11,"key":"Singing Bowl"},{"floor":23,"key":"Letter Opener"},{"floor":26,"key":"Du-Vu Doll"},{"floor":28,"key":"Red Mask"},{"floor":34,"key":"Blood Vial"},{"floor":34,"key":"Mummified Hand"},{"floor":34,"key":"Nunchaku"},{"floor":43,"key":"Pantograph"},{"floor":45,"key":"Anchor"},{"floor":47,"key":"Centennial Puzzle"}],"event_choices":[{"cards_removed":["Reprogram"],"damage_healed":0,"gold_gain":0,"player_choice":"Offered Uncommon","damage_taken":0,"max_hp_gain":0,"max_hp_loss":0,"event_name":"Bonfire Elementals","floor":3,"gold_loss":0},{"damage_healed":0,"gold_gain":0,"player_choice":"Shed Blood","damage_taken":19,"max_hp_gain":5,"max_hp_loss":0,"event_name":"Forgotten Altar","floor":21,"gold_loss":0},{"damage_healed":0,"gold_gain":0,"player_choice":"Fought Bandits","damage_taken":0,"max_hp_gain":0,"max_hp_loss":0,"event_name":"Masked Bandits","floor":28,"gold_loss":0},{"damage_healed":0,"gold_gain":0,"cards_transformed":["Recycle"],"player_choice":"Transformed","damage_taken":0,"max_hp_gain":0,"max_hp_loss":0,"event_name":"Transmorgrifier","floor":31,"gold_loss":0,"cards_obtained":["Aggregate"]},{"damage_healed":0,"gold_gain":0,"player_choice":"Upgraded","damage_taken":0,"max_hp_gain":0,"max_hp_loss":0,"event_name":"Upgrade Shrine","floor":36,"gold_loss":0,"cards_upgraded":["Electrodynamics"]}],"is_beta":false,"boss_relics":[{"not_picked":["Philosopher\u0027s Stone","Runic Pyramid"],"picked":"Fusion Hammer"},{"not_picked":["Snecko Eye","Runic Dome"],"picked":"Calling Bell"}],"items_purged_floors":[],"is_endless":false,"potions_floor_spawned":[1,7,11,14,22,23,24,33,35,38],"killed_by":"Awakened One","ascension_level":0}