{"gold_per_floor":[117,46,56,56,72,72,92,121,121,121,152,10,10,22,22,121,121,139,158,48,65,79,79,91,119,119,69,88,88],"floor_reached":29,"playtime":1184,"items_purged":["Strike_B"],"score":321,"play_id":"9b22600e-5936-45d3-8f65-172c5dec55b0","local_time":"20190625213815","is_ascension_mode":true,"campfire_choices":[{"data":"Genetic Algorithm","floor":6,"key":"SMITH"},{"data":"Darkness","floor":10,"key":"SMITH"},{"floor":15,"key":"REST"},{"data":"Redo","floor":23,"key":"SMITH"}],"neow_cost":"NONE","seed_source_timestamp":985965070809200,"circlet_count":0,"master_deck":["Strike_B","Strike_B","Defend_B","Defend_B","Defend_B","Defend_B","Zap","Dualcast","Coolheaded","Glacier","Darkness+1","Genetic Algorithm+1","Gash","Chill","Coolheaded","Loop","Biased Cognition","Tempest+1","Cold Snap","Capacitor","Undo","Redo+1","Static Discharge+1","Gash+1","Biased Cognition"],"relics":["Cracked Core","Art of War","Sundial","Calipers","Velvet Choker","Happy Flower"],"potions_floor_usage":[25,29,29],"damage_taken":[{"damage":8,"enemies":"2 Louse","floor":1,"turns":3},{"damage":0,"enemies":"Jaw Worm","floor":3,"turns":4},{"damage":0,"enemies":"Cultist","floor":5,"turns":4},{"damage":3,"enemies":"Blue Slaver","floor":7,"turns":4},{"damage":28,"enemies":"Gremlin Nob","floor":8,"turns":5},{"damage":3,"enemies":"3 Sentries","floor":11,"turns":10},{"damage":7,"enemies":"Exordium Wildlife","floor":14,"turns":5},{"damage":40,"enemies":"Slime Boss","floor":16,"turns":8},{"damage":0,"enemies":"Chosen","floor":18,"turns":6},{"damage":8,"enemies":"3 Byrds","floor":19,"turns":7},{"damage":2,"enemies":"Centurion and Healer","floor":21,"turns":10},{"damage":0,"enemies":"Snake Plant","floor":22,"turns":5},{"damage":0,"enemies":"3 Cultists","floor":24,"turns":5},{"damage":33,"enemies":"Slavers","floor":25,"turns":4},{"damage":6,"enemies":"Cultist and Chosen","floor":28,"turns":4},{"damage":23,"enemies":"Book of Stabbing","floor":29,"turns":2}],"seed_played":"1753663684455352058","potions_obtained":[{"floor":5,"key":"Poison Potion"},{"floor":11,"key":"LiquidBronze"},{"floor":16,"key":"Block Potion"},{"floor":25,"key":"Strength Potion"}],"is_trial":false,"path_per_floor":["M","$","M","?","M","R","M","E","T","R","E","$","?","M","R","B",null,"M","M","$","M","M","R","M","E","T","?","M","E"],"character_chosen":"DEFECT","items_purchased":["Glacier","Loop","Capacitor","Undo"],"campfire_rested":1,"item_purchase_floors":[2,12,20,20],"current_hp_per_floor":[74,74,74,74,74,74,71,43,43,43,40,40,40,33,57,17,66,66,58,58,56,56,56,56,23,23,23,17,0],"gold":88,"neow_bonus":"TEN_PERCENT_HP_BONUS","is_prod":false,"is_daily":false,"chose_seed":false,"campfire_upgraded":3,"win_rate":0,"timestamp":1561513095,"path_taken":["M","$","M","?","M","R","M","E","T","R","E","$","?","M","R","BOSS","M","M","$","M","M","R","M","E","T","?","M","E"],"build_version":"2019-01-23","purchased_purges":1,"victory":false,"max_hp_per_floor":[82,82,82,82,82,82,82,82,82,82,82,82,82,82,82,82,82,82,82,82,82,82,82,82,82,82,82,82,82],"card_choices":[{"not_picked":["Auto Shields","Turbo"],"picked":"Coolheaded","floor":1},{"not_picked":["Melter","Stack"],"picked":"Darkness","floor":3},{"not_picked":["Leap","Gash"],"picked":"Genetic Algorithm","floor":5},{"not_picked":["Streamline","Double Energy"],"picked":"Gash","floor":7},{"not_picked":["Double Energy","BootSequence"],"picked":"Chill","floor":8},{"not_picked":["Turbo","Redo"],"picked":"Coolheaded","floor":11},{"not_picked":["BootSequence","Go for the Eyes","Beam Cell"],"picked":"SKIP","floor":14},{"not_picked":["Reboot","Thunder Strike"],"picked":"Biased Cognition","floor":16},{"not_picked":["Double Energy","Rebound"],"picked":"Tempest+1","floor":18},{"not_picked":["Stack","Go for the Eyes+1"],"picked":"Cold Snap","floor":19},{"not_picked":["Force Field","Streamline"],"picked":"Redo","floor":21},{"not_picked":["Barrage","Genetic Algorithm"],"picked":"Static Discharge+1","floor":22},{"not_picked":["Compile Driver","FTL+1"],"picked":"Gash+1","floor":24},{"not_picked":["Hello World","Cold Snap"],"picked":"Biased Cognition","floor":25},{"not_picked":["Beam Cell+1","Aggregate","Turbo"],"picked":"SKIP","floor":28}],"player_experience":276296,"relics_obtained":[{"floor":8,"key":"Art of War"},{"floor":9,"key":"Sundial"},{"floor":11,"key":"Calipers"},{"floor":25,"key":"Happy Flower"}],"event_choices":[{"cards_removed":["Strike_B"],"damage_healed":0,"gold_gain":0,"player_choice":"Forget","damage_taken":0,"max_hp_gain":0,"max_hp_loss":0,"event_name":"Living Wall","floor":4,"gold_loss":0},{"damage_healed":0,"gold_gain":0,"player_choice":"Ignored","damage_taken":0,"max_hp_gain":0,"max_hp_loss":0,"event_name":"Liars Game","floor":13,"gold_loss":0},{"damage_healed":0,"gold_gain":0,"player_choice":"Bet on Owner","damage_taken":0,"max_hp_gain":0,"max_hp_loss":0,"event_name":"The Joust","floor":27,"gold_loss":50}],"is_beta":false,"boss_relics":[{"not_picked":["Lizard Tail","Cursed Key"],"picked":"Velvet Choker"}],"items_purged_floors":[12],"is_endless":false,"potions_floor_spawned":[5,11,16,19,24,25,28],"killed_by":"Book of Stabbing","ascension_level":5}