{"gold_per_floor":[363,363,379,17,92,92,110,110,110,110,139,414,446,463,463,565,565,581,210,135,135,135,135,154,179,206,206,206,224,224,139,139,139],"floor_reached":33,"playtime":1562,"items_purged":[],"score":296,"play_id":"ac4d678a-40e7-4df7-b2e2-90c95b7bf354","local_time":"20190220224108","is_ascension_mode":true,"campfire_choices":[{"floor":6,"key":"RECALL"},{"data":"Bludgeon","floor":8,"key":"SMITH"},{"data":"Defend_R","floor":10,"key":"SMITH"},{"floor":15,"key":"REST"},{"floor":23,"key":"REST"},{"floor":28,"key":"REST"},{"data":"Whirlwind","floor":32,"key":"SMITH"}],"neow_cost":"CURSE","seed_source_timestamp":320478364287200,"circlet_count":0,"master_deck":["Strike_R","Strike_R","Strike_R+1","Strike_R+1","Strike_R","Defend_R","Defend_R","Defend_R","Defend_R+1","Bash","Cleave","Bludgeon+1","Iron Wave","Cleave","Thunderclap","Seeing Red","Headbutt","Clash","Reaper","Rage","HandOfGreed","Whirlwind+1","Bloodletting","Feel No Pain","Bash","Havoc","Impatience"],"relics":["Burning Blood","Kunai","Bottled Lightning","Juzu Bracelet","Whetstone","Philosopher\u0027s Stone","Toy Ornithopter","CultistMask","Oddly Smooth Stone","Regal Pillow","Letter Opener","The Courier"],"potions_floor_usage":[11,25,29],"damage_taken":[{"damage":5,"enemies":"2 Louse","floor":1,"turns":3},{"damage":11,"enemies":"Cultist","floor":3,"turns":4},{"damage":0,"enemies":"Small Slimes","floor":7,"turns":2},{"damage":2,"enemies":"Gremlin Nob","floor":11,"turns":3},{"damage":28,"enemies":"Lagavulin","floor":13,"turns":4},{"damage":5,"enemies":"Blue Slaver","floor":14,"turns":2},{"damage":33,"enemies":"Slime Boss","floor":16,"turns":8},{"damage":24,"enemies":"Spheric Guardian","floor":18,"turns":4},{"damage":7,"enemies":"Chosen","floor":24,"turns":4},{"damage":60,"enemies":"Book of Stabbing","floor":25,"turns":5},{"damage":19,"enemies":"Centurion and Healer","floor":29,"turns":5},{"damage":87,"enemies":"Automaton","floor":33,"turns":6}],"seed_played":"-1524054811818469175","potions_obtained":[{"floor":7,"key":"Block Potion"},{"floor":11,"key":"Strength Potion"},{"floor":25,"key":"Explosive Potion"}],"is_trial":false,"path_per_floor":["M","?","M","$","?","R","M","R","T","R","E","?","E","M","R","B",null,"M","$","?","?","?","R","M","E","T","?","R","M","?","?","R","B"],"character_chosen":"IRONCLAD","items_purchased":["Kunai","Iron Wave","Cleave","HandOfGreed","Toy Ornithopter"],"campfire_rested":3,"item_purchase_floors":[4,4,4,19,19],"current_hp_per_floor":[80,73,68,68,57,57,63,63,63,63,67,67,45,46,70,43,80,62,62,62,47,47,72,71,22,22,22,62,62,62,62,62,0],"gold":139,"neow_bonus":"TWO_FIFTY_GOLD","is_prod":false,"is_daily":false,"chose_seed":false,"campfire_upgraded":3,"win_rate":0,"timestamp":1550702468,"path_taken":["M","?","M","$","?","R","M","R","T","R","E","?","E","M","R","BOSS","M","?","?","?","?","R","M","E","T","?","R","M","?","?","R","BOSS"],"build_version":"2019-01-23","purchased_purges":0,"victory":false,"max_hp_per_floor":[80,80,80,80,80,80,80,80,80,80,80,80,80,80,80,80,80,80,80,80,85,85,85,85,85,85,85,85,85,85,85,85,85],"card_choices":[{"not_picked":["True Grit","Headbutt"],"picked":"Cleave","floor":1},{"not_picked":["Pommel Strike","Power Through"],"picked":"Bludgeon","floor":3},{"not_picked":["Heavy Blade","Havoc"],"picked":"Thunderclap","floor":7},{"not_picked":["Anger","Sword Boomerang"],"picked":"Seeing Red","floor":11},{"not_picked":["Thunderclap","Twin Strike"],"picked":"Headbutt","floor":13},{"not_picked":["True Grit","Infernal Blade"],"picked":"Clash","floor":14},{"not_picked":["Fiend Fire","Exhume"],"picked":"Reaper","floor":16},{"not_picked":["Headbutt","True Grit"],"picked":"Rage","floor":18},{"not_picked":["Heavy Blade","Body Slam"],"picked":"Whirlwind","floor":24},{"not_picked":["Pommel Strike","Shrug It Off"],"picked":"Bloodletting","floor":25},{"not_picked":["Headbutt","True Grit"],"picked":"Feel No Pain","floor":29}],"player_experience":193404,"relics_obtained":[{"floor":9,"key":"Bottled Lightning"},{"floor":11,"key":"Juzu Bracelet"},{"floor":13,"key":"Whetstone"},{"floor":25,"key":"Oddly Smooth Stone"},{"floor":26,"key":"Regal Pillow"}],"event_choices":[{"cards_removed":["Shame"],"damage_healed":0,"gold_gain":0,"player_choice":"Card Removal","damage_taken":7,"max_hp_gain":0,"max_hp_loss":0,"event_name":"Golden Wing","floor":2,"gold_loss":0},{"damage_healed":0,"gold_gain":75,"player_choice":"Gather Gold","damage_taken":11,"max_hp_gain":0,"max_hp_loss":0,"event_name":"World of Goop","floor":5,"gold_loss":0},{"damage_healed":0,"gold_gain":275,"player_choice":"Desecrate","damage_taken":0,"max_hp_gain":0,"max_hp_loss":0,"event_name":"Golden Shrine","floor":12,"gold_loss":0,"cards_obtained":["Regret"]},{"cards_removed":["Regret"],"damage_healed":0,"gold_gain":0,"player_choice":"Gave Gold","damage_taken":0,"max_hp_gain":0,"max_hp_loss":0,"event_name":"Beggar","floor":20,"gold_loss":75},{"damage_healed":0,"gold_gain":0,"player_choice":"Shed Blood","damage_taken":20,"max_hp_gain":5,"max_hp_loss":0,"event_name":"Forgotten Altar","floor":21,"gold_loss":0},{"damage_healed":0,"gold_gain":0,"player_choice":"Trade","damage_taken":0,"relics_obtained":["CultistMask"],"max_hp_gain":0,"max_hp_loss":0,"event_name":"FaceTrader","floor":22,"gold_loss":0},{"damage_healed":0,"gold_gain":0,"player_choice":"Opened","damage_taken":0,"relics_obtained":["Letter Opener"],"max_hp_gain":0,"max_hp_loss":0,"event_name":"The Mausoleum","floor":27,"gold_loss":0},{"damage_healed":0,"gold_gain":0,"player_choice":"3 cards matched","damage_taken":0,"max_hp_gain":0,"max_hp_loss":0,"event_name":"Match and Keep!","floor":30,"gold_loss":0,"cards_obtained":["Bash","Havoc","Impatience"]},{"damage_healed":0,"gold_gain":0,"player_choice":"Obtained Relic","damage_taken":0,"relics_obtained":["The Courier"],"max_hp_gain":0,"max_hp_loss":0,"event_name":"Addict","floor":31,"gold_loss":85}],"is_beta":false,"boss_relics":[{"not_picked":["Cursed Key","Empty Cage"],"picked":"Philosopher\u0027s Stone"}],"items_purged_floors":[],"is_endless":false,"potions_floor_spawned":[7,11,25],"killed_by":"Automaton","ascension_level":2}