{"gold_per_floor":[116,116,133,32,50,50,50,85,112,122,156,176,210,220,220,317,317,331,331,345,345],"floor_reached":21,"playtime":2372,"items_purged":[],"score":251,"play_id":"3cc5b75c-3e4f-46fd-a67a-c5e2aa90998f","local_time":"20190625090853","is_ascension_mode":true,"campfire_choices":[{"data":"Rage","floor":6,"key":"SMITH"},{"data":"Corruption","floor":15,"key":"SMITH"}],"neow_cost":"NONE","seed_source_timestamp":432835631899500,"circlet_count":0,"master_deck":["Strike_R","Strike_R","Strike_R","Strike_R","Strike_R","Defend_R","Defend_R","Defend_R","Defend_R","Bash+1","Rage+1","Metallicize","Iron Wave","Cleave","Havoc","Corruption+1","Ghostly Armor","Iron Wave","Iron Wave","Body Slam","Dark Embrace","Writhe","Regret","Parasite","True Grit","Shockwave"],"relics":["Burning Blood","Thread and Needle","Bird Faced Urn","Art of War","PreservedInsect","Anchor","Calling Bell","Regal Pillow","Ornamental Fan","Mango"],"potions_floor_usage":[3,11,16,21,21],"damage_taken":[{"damage":11,"enemies":"Small Slimes","floor":1,"turns":6},{"damage":2,"enemies":"Jaw Worm","floor":3,"turns":3},{"damage":0,"enemies":"2 Louse","floor":5,"turns":2},{"damage":25,"enemies":"Gremlin Nob","floor":8,"turns":5},{"damage":11,"enemies":"2 Fungi Beasts","floor":10,"turns":3},{"damage":3,"enemies":"3 Sentries","floor":11,"turns":5},{"damage":8,"enemies":"Large Slime","floor":12,"turns":6},{"damage":10,"enemies":"Gremlin Nob","floor":13,"turns":5},{"damage":0,"enemies":"Exordium Wildlife","floor":14,"turns":5},{"damage":83,"enemies":"Slime Boss","floor":16,"turns":14},{"damage":4,"enemies":"3 Byrds","floor":18,"turns":8},{"damage":33,"enemies":"Chosen","floor":20,"turns":9},{"damage":77,"enemies":"Masked Bandits","floor":21,"turns":6}],"seed_played":"6575872824972551515","potions_obtained":[{"floor":1,"key":"SkillPotion"},{"floor":8,"key":"PowerPotion"},{"floor":13,"key":"SteroidPotion"},{"floor":14,"key":"BloodPotion"},{"floor":18,"key":"FearPotion"}],"is_trial":false,"path_per_floor":["M","?","M","$","M","R","T","E","T","M","E","M","E","M","R","B",null,"M","?","M","?"],"character_chosen":"IRONCLAD","items_purchased":["Iron Wave","Cleave"],"campfire_rested":0,"item_purchase_floors":[4,4],"current_hp_per_floor":[75,75,79,79,80,80,80,61,61,56,65,67,67,75,75,10,77,85,85,64,0],"gold":345,"neow_bonus":"UPGRADE_CARD","is_prod":false,"is_daily":false,"chose_seed":false,"campfire_upgraded":2,"win_rate":0,"timestamp":1561450133,"path_taken":["M","?","M","$","M","R","?","E","T","M","E","M","E","M","R","BOSS","M","?","M","?"],"build_version":"2019-01-23","purchased_purges":0,"victory":false,"max_hp_per_floor":[80,80,80,80,80,80,80,80,80,80,80,80,80,80,80,80,94,94,94,94,94],"card_choices":[{"not_picked":["Hemokinesis","Flex"],"picked":"Rage","floor":1},{"not_picked":["Warcry","Cleave"],"picked":"Metallicize","floor":3},{"not_picked":["Seeing Red","Heavy Blade"],"picked":"Havoc","floor":5},{"not_picked":["Pummel","Shockwave"],"picked":"Corruption","floor":8},{"not_picked":["Hemokinesis","True Grit","Headbutt"],"picked":"SKIP","floor":10},{"not_picked":["Flex","Iron Wave"],"picked":"Ghostly Armor","floor":11},{"not_picked":["Headbutt","Sever Soul"],"picked":"Iron Wave","floor":12},{"not_picked":["Clothesline","Limit Break"],"picked":"Iron Wave","floor":13},{"not_picked":["Twin Strike","Combust"],"picked":"Body Slam","floor":14},{"not_picked":["Berserk","Immolate"],"picked":"Dark Embrace","floor":16},{"not_picked":["Seeing Red","Pommel Strike"],"picked":"True Grit","floor":18},{"not_picked":["Armaments","Infernal Blade"],"picked":"Shockwave","floor":20}],"player_experience":842325,"relics_obtained":[{"floor":7,"key":"Thread and Needle"},{"floor":8,"key":"Bird Faced Urn"},{"floor":9,"key":"Art of War"},{"floor":11,"key":"PreservedInsect"},{"floor":13,"key":"Anchor"},{"floor":17,"key":"Regal Pillow"},{"floor":17,"key":"Ornamental Fan"},{"floor":17,"key":"Mango"}],"event_choices":[{"damage_healed":0,"gold_gain":0,"player_choice":"Leave","damage_taken":0,"max_hp_gain":0,"max_hp_loss":0,"event_name":"The Cleric","floor":2,"gold_loss":0},{"damage_healed":0,"gold_gain":0,"player_choice":"Ignored","damage_taken":0,"max_hp_gain":0,"max_hp_loss":0,"event_name":"Ghosts","floor":19,"gold_loss":0},{"damage_healed":0,"gold_gain":0,"player_choice":"Fought Bandits","damage_taken":0,"max_hp_gain":0,"max_hp_loss":0,"event_name":"Masked Bandits","floor":21,"gold_loss":0}],"is_beta":false,"boss_relics":[{"not_picked":["White Beast Statue","Eternal Feather"],"picked":"Calling Bell"}],"items_purged_floors":[],"is_endless":false,"potions_floor_spawned":[1,8,13,14,18],"killed_by":"Masked Bandits","ascension_level":5}