{"gold_per_floor":[212,226,0,0,17,52,52,2,29,29,50,69,97,115,115,210,210,227,227,61,61,61,91,109,109,109,138,138,15,15,34,34,135,135,150,76,122,142,142,142,162,162],"floor_reached":42,"playtime":1784,"items_purged":["Strike_G"],"score":739,"play_id":"e391b044-2986-494b-bf58-3f80908dd68f","local_time":"20190614164417","is_ascension_mode":true,"campfire_choices":[{"data":"Noxious Fumes","floor":7.0,"key":"SMITH"},{"data":"Adrenaline","floor":10.0,"key":"SMITH"},{"floor":15.0,"key":"REST"},{"floor":25.0,"key":"RECALL"},{"floor":30.0,"key":"REST"},{"floor":32.0,"key":"REST"},{"floor":40,"key":"REST"}],"neow_cost":"NONE","seed_source_timestamp":9918186256700,"circlet_count":0,"master_deck":["Defend_G","Defend_G","Defend_G","Defend_G","Defend_G","Survivor","Neutralize","Deadly Poison","Deadly Poison","Noxious Fumes+1","Cloak And Dagger","Dash+1","Adrenaline+1","Calculated Gamble","Burst","Noxious Fumes+1","Footwork","Deflect","Ghostly","Ghostly","Ghostly","Ghostly","Ghostly","Dodge and Roll+1","PiercingWail+1","Catalyst","Bite","Bite","Bite","Bite","Bite","Malaise","Deflect","Noxious Fumes","Corpse Explosion","Bouncing Flask","Well Laid Plans","Caltrops","Backstab","Footwork+1","Backflip+1"],"special_seed":0,"relics":["Ring of the Snake","Snake Skull","Ancient Tea Set","Whetstone","Odd Mushroom","Pen Nib","Fusion Hammer","Bronze Scales","Ornamental Fan","Pear","Sozu","Prayer Wheel"],"potions_floor_usage":[],"damage_taken":[{"damage":1.0,"enemies":"Jaw Worm","floor":1.0,"turns":5.0},{"damage":0.0,"enemies":"Small Slimes","floor":2.0,"turns":3.0},{"damage":0.0,"enemies":"2 Louse","floor":5.0,"turns":3.0},{"damage":15.0,"enemies":"3 Sentries","floor":6.0,"turns":8.0},{"damage":14.0,"enemies":"The Mushroom Lair","floor":11.0,"turns":5.0},{"damage":9.0,"enemies":"Exordium Wildlife","floor":12.0,"turns":4.0},{"damage":10.0,"enemies":"Gremlin Nob","floor":13.0,"turns":4.0},{"damage":0.0,"enemies":"Exordium Thugs","floor":14.0,"turns":4.0},{"damage":12.0,"enemies":"The Guardian","floor":16.0,"turns":8.0},{"damage":12.0,"enemies":"Spheric Guardian","floor":18.0,"turns":4.0},{"damage":0.0,"enemies":"Slavers","floor":23.0,"turns":6.0},{"damage":1.0,"enemies":"Chosen","floor":24.0,"turns":5.0},{"damage":3.0,"enemies":"Gremlin Leader","floor":27.0,"turns":7.0},{"damage":0.0,"enemies":"Snake Plant","floor":31.0,"turns":3.0},{"damage":1.0,"enemies":"Champ","floor":33.0,"turns":11.0},{"damage":0,"enemies":"3 Darklings","floor":35,"turns":5},{"damage":19,"enemies":"2 Orb Walkers","floor":37,"turns":7},{"damage":12,"enemies":"Orb Walker","floor":38,"turns":4},{"damage":0,"enemies":"Maw","floor":41,"turns":7},{"damage":50,"enemies":"Reptomancer","floor":42,"turns":2}],"seed_played":"5101549479236079458","potions_obtained":[{"floor":6.0,"key":"GamblersBrew"},{"floor":11.0,"key":"FairyPotion"},{"floor":13.0,"key":"SkillPotion"},{"floor":16.0,"key":"Regen Potion"}],"is_trial":false,"path_per_floor":["M","M","$","?","M","E","R","?","T","R","?","M","E","M","R","B",null,"M","?","$","?","$","E","M","R","T","E","?","$","R","M","R","B",null,"M","$","?","M","?","R","M","E"],"character_chosen":"THE_SILENT","items_purchased":["Noxious Fumes","Snake Skull","Cloak And Dagger","Footwork","Deflect","Malaise","Deflect","Well Laid Plans"],"campfire_rested":4,"item_purchase_floors":[3,3,3,20,20,29,29,36],"current_hp_per_floor":[62,62,62,67,67,52,52,52,52,52,38,29,19,19,41,29,64,52,52,52,37,37,37,36,36,36,43,32,32,32,32,32,32,32,32,32,19,13,13,22,30,0],"gold":162,"neow_bonus":"HUNDRED_GOLD","is_prod":false,"is_daily":false,"chose_seed":false,"campfire_upgraded":2,"win_rate":0,"timestamp":1560545057,"path_taken":["M","M","$","?","M","E","R","?","T","R","?","M","E","M","R","BOSS","M","?","?","?","$","E","M","R","T","E","?","?","R","M","R","BOSS","M","$","?","M","?","R","M","E"],"build_version":"2019-01-23","purchased_purges":1,"victory":false,"max_hp_per_floor":[70,70,70,75,75,75,75,75,75,75,75,75,75,75,75,75,75,75,75,75,37,37,37,37,37,37,47,32,32,32,32,32,32,32,32,32,32,32,30,30,30,30],"card_choices":[{"not_picked":["Dagger Throw","Underhanded Strike"],"picked":"Deadly Poison","floor":1.0},{"not_picked":["Bane","Masterful Stab"],"picked":"Deadly Poison","floor":2.0},{"not_picked":["Outmaneuver","Dagger Spray"],"picked":"Dash","floor":5.0},{"not_picked":["Poisoned Stab","Quick Slash"],"picked":"Adrenaline","floor":6.0},{"not_picked":["Acrobatics","Slice"],"picked":"Calculated Gamble","floor":11.0},{"not_picked":["Distraction","Dagger Spray","Bane"],"picked":"SKIP","floor":12.0},{"not_picked":["Eviscerate","Blade Dance","Acrobatics"],"picked":"SKIP","floor":13.0},{"not_picked":["Sucker Punch","Blade Dance","All Out Attack"],"picked":"SKIP","floor":14.0},{"not_picked":["Doppelganger","Bullet Time"],"picked":"Burst","floor":16.0},{"not_picked":["Accuracy","Quick Slash","All Out Attack+1"],"picked":"SKIP","floor":18.0},{"not_picked":["Accuracy","Predator"],"picked":"Dodge and Roll+1","floor":23.0},{"not_picked":["Deflect+1","Prepared+1"],"picked":"PiercingWail+1","floor":24.0},{"not_picked":["Outmaneuver","Choke"],"picked":"Catalyst","floor":27.0},{"not_picked":["Blade Dance","Bane+1"],"picked":"Noxious Fumes","floor":31.0},{"not_picked":["Die Die Die","Doppelganger"],"picked":"Corpse Explosion","floor":33.0},{"not_picked":["Finisher+1","Deflect"],"picked":"Bouncing Flask","floor":35},{"not_picked":["Underhanded Strike+1","Eviscerate+1"],"picked":"Caltrops","floor":37},{"not_picked":["Flying Knee+1","Underhanded Strike"],"picked":"Backstab","floor":38},{"not_picked":["Blade Dance","Deflect","Outmaneuver"],"picked":"SKIP","floor":38},{"not_picked":["Deflect","PiercingWail"],"picked":"Footwork+1","floor":41},{"not_picked":["Sucker Punch","PiercingWail"],"picked":"Backflip+1","floor":41}],"player_experience":256831,"relics_obtained":[{"floor":6.0,"key":"Ancient Tea Set"},{"floor":9.0,"key":"Whetstone"},{"floor":11.0,"key":"Odd Mushroom"},{"floor":13.0,"key":"Pen Nib"},{"floor":23.0,"key":"Bronze Scales"},{"floor":26.0,"key":"Ornamental Fan"},{"floor":27.0,"key":"Pear"},{"floor":37,"key":"Prayer Wheel"}],"event_choices":[{"damage_healed":0.0,"max_hp_gain":5.0,"max_hp_loss":0.0,"gold_gain":0.0,"event_name":"Big Fish","player_choice":"Donut","floor":4.0,"gold_loss":0.0,"damage_taken":0.0},{"cards_removed":["Strike_G"],"damage_healed":0.0,"max_hp_gain":0.0,"max_hp_loss":0.0,"gold_gain":0.0,"event_name":"The Cleric","player_choice":"Card Removal","floor":8.0,"gold_loss":50.0,"damage_taken":0.0},{"damage_healed":0.0,"max_hp_gain":0.0,"max_hp_loss":0.0,"gold_gain":0.0,"event_name":"Mushrooms","player_choice":"Fought Mushrooms","floor":11.0,"gold_loss":0.0,"damage_taken":0.0},{"damage_healed":0.0,"max_hp_gain":0.0,"max_hp_loss":0.0,"gold_gain":0.0,"event_name":"Duplicator","player_choice":"Copied","floor":19.0,"gold_loss":0.0,"damage_taken":0.0,"cards_obtained":["Noxious Fumes"]},{"damage_healed":0.0,"max_hp_gain":0.0,"max_hp_loss":38.0,"gold_gain":0.0,"event_name":"Ghosts","player_choice":"Became a Ghost","floor":21.0,"gold_loss":0.0,"damage_taken":0.0,"cards_obtained":["Ghostly","Ghostly","Ghostly","Ghostly","Ghostly"]},{"damage_healed":0.0,"max_hp_gain":0.0,"max_hp_loss":15.0,"gold_gain":0.0,"event_name":"Vampires","player_choice":"Became a vampire","floor":28.0,"gold_loss":0.0,"damage_taken":0.0,"cards_obtained":["Bite","Bite","Bite","Bite","Bite"]},{"damage_healed":0,"gold_gain":0,"player_choice":"Fight","damage_taken":0,"max_hp_gain":0,"max_hp_loss":0,"event_name":"Mysterious Sphere","floor":37,"gold_loss":0},{"damage_healed":0,"gold_gain":0,"player_choice":"Max HP","damage_taken":0,"max_hp_gain":0,"max_hp_loss":2,"event_name":"Winding Halls","floor":39,"gold_loss":0}],"is_beta":false,"boss_relics":[{"not_picked":["Runic Pyramid","White Beast Statue"],"picked":"Fusion Hammer"},{"not_picked":["Coffee Dripper","Busted Crown"],"picked":"Sozu"}],"items_purged_floors":[20],"is_endless":false,"potions_floor_spawned":[6,11,13,16,24,33,37,38,41],"killed_by":"Reptomancer","ascension_level":7}