{"gold_per_floor":[115,5,17,37,37,64,64,64,64,75,25,36,36,53,53,53],"floor_reached":16,"playtime":662,"items_purged":[],"score":102,"play_id":"0c4bcc83-8481-4560-8c32-89d9b2527a9d","local_time":"20181026173840","is_ascension_mode":false,"campfire_choices":[{"floor":7,"key":"REST"},{"data":"Neutralize","floor":13,"key":"SMITH"},{"data":"Deflect","floor":15,"key":"SMITH"}],"neow_cost":"NONE","seed_source_timestamp":1407155760437566,"circlet_count":0,"master_deck":["Defend_G","Defend_G","Defend_G","Defend_G","Defend_G","Strike_G","Strike_G","Strike_G","Strike_G","Survivor","Neutralize+1","Flying Knee","Blade Dance","Deflect+1","Blur","Backstab","Sucker Punch"],"relics":["Ring of the Snake","Thread and Needle","Snake Skull","StoneCalendar"],"potions_floor_usage":[6,16,16],"damage_taken":[{"damage":1,"enemies":"Jaw Worm","floor":1,"turns":5},{"damage":0,"enemies":"Cultist","floor":3,"turns":3},{"damage":0,"enemies":"Small Slimes","floor":4,"turns":3},{"damage":58,"enemies":"Gremlin Nob","floor":6,"turns":7},{"damage":0,"enemies":"2 Fungi Beasts","floor":10,"turns":7},{"damage":0,"enemies":"3 Louse","floor":12,"turns":3},{"damage":0,"enemies":"Looter","floor":14,"turns":2},{"damage":36,"enemies":"Hexaghost","floor":16,"turns":16}],"seed_played":"-53412389722607305","potions_obtained":[{"floor":3,"key":"SpeedPotion"},{"floor":12,"key":"Ancient Potion"},{"floor":14,"key":"FearPotion"}],"is_trial":false,"path_per_floor":["M","?","M","M","$","E","R","$","T","M","?","M","R","M","R"],"character_chosen":"THE_SILENT","items_purchased":[],"campfire_rested":1,"item_purchase_floors":[],"current_hp_per_floor":[69,69,69,69,69,11,32,32,32,32,32,32,32,32,32,0],"gold":53,"neow_bonus":"THREE_CARDS","is_prod":false,"is_daily":false,"chose_seed":false,"campfire_upgraded":2,"win_rate":0,"timestamp":1540589920,"path_taken":["M","?","M","?","?","E","R","$","T","M","?","M","R","M","R","BOSS"],"build_version":"2018-10-25v2","purchased_purges":0,"victory":false,"max_hp_per_floor":[70,70,70,70,70,70,70,70,70,70,70,70,70,70,70,70],"card_choices":[{"not_picked":["Blade Dance","Acrobatics"],"picked":"Flying Knee","floor":0},{"not_picked":["Prepared","Deflect"],"picked":"Blade Dance","floor":1},{"not_picked":["Flying Knee","Poisoned Stab"],"picked":"Deflect","floor":3},{"not_picked":["Flying Knee","Crippling Poison","Flechettes"],"picked":"SKIP","floor":4},{"not_picked":["Infinite Blades","Acrobatics"],"picked":"Blur","floor":6},{"not_picked":["Backflip","Deflect"],"picked":"Backstab","floor":10},{"not_picked":["Quick Slash","Deadly Poison"],"picked":"Sucker Punch","floor":12},{"not_picked":["Flying Knee","Outmaneuver","Skewer"],"picked":"SKIP","floor":14}],"player_experience":93208,"relics_obtained":[{"floor":6,"key":"Snake Skull"},{"floor":9,"key":"StoneCalendar"}],"event_choices":[{"damage_healed":0,"gold_gain":0,"player_choice":"Paid Gold","damage_taken":0,"relics_obtained":["Thread and Needle"],"max_hp_gain":0,"max_hp_loss":0,"event_name":"WeMeetAgain","floor":2,"gold_loss":110},{"cards_removed":["Strike_G"],"damage_healed":0,"gold_gain":0,"player_choice":"Card Removal","damage_taken":0,"max_hp_gain":0,"max_hp_loss":0,"event_name":"The Cleric","floor":11,"gold_loss":50}],"is_beta":false,"boss_relics":[],"items_purged_floors":[],"is_endless":false,"potions_floor_spawned":[3,12,14],"killed_by":"Hexaghost","ascension_level":0}