{"gold_per_floor":[114,289,289,304,319,319,349,349,349,349,364,364,394,469,469,569,569,584,584,39,59,74,74,89,89,89,89,104,104,119,119,119,119],"floor_reached":33,"playtime":2771,"items_purged":[],"score":355,"play_id":"d1dcd0f6-bd44-4587-8655-501dd2529850","local_time":"20190305095716","daily_mods":["Chimera","Hoarder","Terminal"],"is_ascension_mode":false,"campfire_choices":[{"data":"Armaments","floor":6,"key":"SMITH"},{"data":"Armaments","floor":8,"key":"SMITH"},{"data":"Armaments","floor":12,"key":"SMITH"},{"floor":15,"key":"REST"},{"data":"Fire Breathing","floor":23,"key":"SMITH"},{"data":"Fire Breathing","floor":25,"key":"SMITH"},{"data":"Spot Weakness","floor":32,"key":"SMITH"}],"neow_cost":"","seed_source_timestamp":0,"circlet_count":0,"master_deck":["Bash","Survivor","Zap","Strike_R+1","Strike_G+1","Strike_B+1","Defend_R+1","Defend_G+1","Defend_B+1","Pummel","Pummel","Pummel","Twin Strike","Twin Strike+1","Twin Strike","Armaments+1","Armaments+1","Armaments+1","Headbutt","Headbutt","Headbutt","Pummel","Pummel","Pummel","Shrug It Off","Shrug It Off","Shrug It Off","Fiend Fire","Fiend Fire","Fiend Fire","Sword Boomerang","Sword Boomerang","Sword Boomerang","Discovery","Discovery","Discovery","Fire Breathing+1","Fire Breathing+1","Fire Breathing+1","Transmutation","Transmutation","Transmutation","Rage","Rage","Rage","Thunderclap","Thunderclap","Thunderclap","Feel No Pain+1","Feel No Pain+1","Feel No Pain+1","Fire Breathing+1","Fire Breathing+1","Fire Breathing+1","Spot Weakness","Spot Weakness","Spot Weakness+1"],"special_seed":17960,"relics":["Burning Blood","Omamori","Whetstone","Magic Flower","Orichalcum","Empty Cage","Strange Spoon","Question Card"],"potions_floor_usage":[7,13,16,21,33],"damage_taken":[{"damage":0,"enemies":"Small Slimes","floor":1,"turns":3},{"damage":0,"enemies":"2 Louse","floor":4,"turns":2},{"damage":4,"enemies":"Cultist","floor":5,"turns":4},{"damage":19,"enemies":"Gremlin Nob","floor":7,"turns":5},{"damage":1,"enemies":"Large Slime","floor":11,"turns":5},{"damage":17,"enemies":"Lagavulin","floor":13,"turns":6},{"damage":30,"enemies":"Slime Boss","floor":16,"turns":7},{"damage":3,"enemies":"3 Byrds","floor":18,"turns":9},{"damage":28,"enemies":"2 Thieves","floor":21,"turns":5},{"damage":13,"enemies":"Chosen and Byrds","floor":22,"turns":5},{"damage":12,"enemies":"Centurion and Healer","floor":24,"turns":6},{"damage":18,"enemies":"Shelled Parasite and Fungi","floor":28,"turns":7},{"damage":0,"enemies":"Chosen and Byrds","floor":30,"turns":6},{"damage":51,"enemies":"Automaton","floor":33,"turns":6}],"seed_played":"-7796585460280550823","potions_obtained":[{"floor":1,"key":"Block Potion"},{"floor":7,"key":"LiquidBronze"},{"floor":11,"key":"Strength Potion"},{"floor":16,"key":"Regen Potion"},{"floor":30,"key":"PowerPotion"}],"is_trial":false,"path_per_floor":["M","?","?","M","M","R","E","R","T","?","M","R","E","?","R","B",null,"M","?","$","M","M","R","M","R","T","?","M","?","M","?","R","B"],"character_chosen":"IRONCLAD","items_purchased":["Strange Spoon","Discovery","Fire Breathing","Transmutation"],"campfire_rested":1,"item_purchase_floors":[20,20,20,20],"current_hp_per_floor":[78,77,76,75,74,73,60,60,60,53,61,61,53,42,61,40,62,61,60,59,54,50,50,47,47,47,47,38,38,47,47,47,0],"gold":119,"neow_bonus":"","is_prod":false,"is_daily":true,"chose_seed":false,"campfire_upgraded":6,"win_rate":0,"timestamp":1551779836,"path_taken":["M","?","?","M","M","R","E","R","T","?","M","R","E","?","R","BOSS","M","?","$","M","M","R","?","R","T","?","M","?","?","?","R","BOSS"],"build_version":"2019-01-23","purchased_purges":0,"victory":false,"max_hp_per_floor":[78,77,76,75,74,73,72,71,70,69,68,67,66,65,64,63,62,61,60,59,58,57,56,55,54,53,52,51,50,49,48,47,47],"card_choices":[{"not_picked":["Heavy Blade","Clothesline"],"picked":"Pummel","floor":1},{"not_picked":["Ghostly Armor","Rupture"],"picked":"Twin Strike","floor":4},{"not_picked":["Pommel Strike","Anger"],"picked":"Armaments","floor":5},{"not_picked":["Entrench","Second Wind"],"picked":"Headbutt","floor":7},{"not_picked":["True Grit","Ghostly Armor"],"picked":"Pummel","floor":11},{"not_picked":["Blood for Blood","True Grit"],"picked":"Shrug It Off","floor":13},{"not_picked":["Impervious","Exhume"],"picked":"Fiend Fire","floor":16},{"not_picked":["Clothesline","Blood for Blood"],"picked":"Sword Boomerang","floor":18},{"not_picked":["Pommel Strike","Wild Strike"],"picked":"Rage","floor":21},{"not_picked":["Metallicize","Corruption"],"picked":"Thunderclap","floor":22},{"not_picked":["Thunderclap","Fire Breathing"],"picked":"Feel No Pain+1","floor":24},{"not_picked":["Sever Soul","Armaments","Warcry"],"picked":"Fire Breathing+1","floor":28},{"not_picked":["Anger+1","Power Through","Pommel Strike"],"picked":"Spot Weakness","floor":30}],"player_experience":242513,"relics_obtained":[{"floor":7,"key":"Omamori"},{"floor":9,"key":"Whetstone"},{"floor":13,"key":"Orichalcum"},{"floor":26,"key":"Question Card"}],"event_choices":[{"damage_healed":0,"gold_gain":175,"player_choice":"AGREE","damage_taken":0,"max_hp_gain":0,"max_hp_loss":0,"event_name":"Liars Game","floor":2,"gold_loss":0,"cards_obtained":["Doubt"]},{"damage_healed":0,"gold_gain":0,"player_choice":"Leave","damage_taken":0,"max_hp_gain":0,"max_hp_loss":0,"event_name":"The Cleric","floor":3,"gold_loss":0},{"damage_healed":0,"gold_gain":0,"player_choice":"Success","damage_taken":7,"relics_obtained":["Magic Flower"],"max_hp_gain":0,"max_hp_loss":0,"event_name":"Scrap Ooze","floor":10,"gold_loss":0},{"damage_healed":0,"gold_gain":75,"player_choice":"Gather Gold","damage_taken":11,"max_hp_gain":0,"max_hp_loss":0,"event_name":"World of Goop","floor":14,"gold_loss":0},{"cards_removed":["Doubt"],"damage_healed":0,"gold_gain":0,"player_choice":"Removed Curses","damage_taken":0,"max_hp_gain":0,"max_hp_loss":0,"event_name":"Fountain of Cleansing","floor":19,"gold_loss":0},{"damage_healed":0,"gold_gain":0,"player_choice":"Ignored","damage_taken":0,"max_hp_gain":0,"max_hp_loss":0,"event_name":"Beggar","floor":27,"gold_loss":0},{"damage_healed":0,"gold_gain":0,"player_choice":"Upgraded","damage_taken":0,"max_hp_gain":0,"max_hp_loss":0,"event_name":"Upgrade Shrine","floor":29,"gold_loss":0,"cards_upgraded":["Fire Breathing"]},{"damage_healed":0,"gold_gain":0,"player_choice":"Simplicity","damage_taken":0,"max_hp_gain":0,"max_hp_loss":0,"event_name":"Back to Basics","floor":31,"gold_loss":0,"cards_upgraded":["Strike_R","Strike_B","Defend_R","Defend_G","Defend_B"]}],"is_beta":false,"boss_relics":[{"not_picked":["Mark of Pain","Coffee Dripper"],"picked":"Empty Cage"}],"items_purged_floors":[],"is_endless":false,"potions_floor_spawned":[1,7,11,16,30],"killed_by":"Automaton","ascension_level":0}