{"gold_per_floor":[116,26,38,54,27,53,53,78,132,97,97,112,176,186,186,287,287,306,316,327,327,341,341,354,26,80,99,99],"floor_reached":28,"playtime":2922,"items_purged":[],"score":232,"play_id":"d728f082-9c4f-4356-b522-579c1ed71077","local_time":"20180629001453","is_ascension_mode":false,"campfire_choices":[{"data":"Footwork","floor":7,"key":"SMITH"},{"floor":11,"key":"REST"},{"floor":15,"key":"REST"},{"floor":23,"key":"REST"}],"neow_cost":"","seed_source_timestamp":1046312215340637,"circlet_count":0,"master_deck":["Defend_G","Defend_G","Defend_G","Defend_G","Defend_G","Strike_G","Strike_G","Strike_G","Strike_G","Strike_G+1","Survivor","Neutralize","Flying Knee","Footwork+1","Dagger Throw","Masterful Stab","Underhanded Strike+1","Dagger Throw","Burst","PiercingWail","Footwork","Poisoned Stab","Noxious Fumes","Tactician","Deadly Poison+1","Backflip+1","Masterful Stab","Swift Strike","Trip","Underhanded Strike","Deflect","Blade Dance","Dagger Spray","Deflect"],"relics":["Ring of the Snake","Mummified Hand","Lantern","Whetstone","Vajra","Busted Crown","Pantograph","Orichalcum"],"potions_floor_usage":[16,16,16],"damage_taken":[{"damage":0,"enemies":"Cultist","floor":1,"turns":4},{"damage":1,"enemies":"Small Slimes","floor":3,"turns":4},{"damage":0,"enemies":"2 Louse","floor":4,"turns":4},{"damage":11,"enemies":"Lagavulin","floor":6,"turns":8},{"damage":32,"enemies":"3 Sentries","floor":8,"turns":10},{"damage":0,"enemies":"Looter","floor":12,"turns":2},{"damage":17,"enemies":"Lagavulin Event","floor":13,"turns":9},{"damage":6,"enemies":"3 Louse","floor":14,"turns":3},{"damage":20,"enemies":"Hexaghost","floor":16,"turns":9},{"damage":0,"enemies":"Spheric Guardian","floor":18,"turns":4},{"damage":7,"enemies":"Chosen","floor":19,"turns":3},{"damage":10,"enemies":"Centurion and Healer","floor":20,"turns":6},{"damage":8,"enemies":"Snecko","floor":22,"turns":5},{"damage":28,"enemies":"3 Cultists","floor":24,"turns":6},{"damage":10,"enemies":"Slaver and Parasite","floor":27,"turns":7},{"damage":9,"enemies":"Snake Plant","floor":28,"turns":3}],"seed_played":"3509193900088143303","potions_obtained":[{"floor":3,"key":"Ancient Potion"},{"floor":13,"key":"Energy Potion"},{"floor":13,"key":"FearPotion"},{"floor":14,"key":"Dexterity Potion"},{"floor":20,"key":"Dexterity Potion"},{"floor":24,"key":"EssenceOfSteel"}],"is_trial":false,"path_per_floor":["M","$","M","M","$","E","R","E","T","?","R","M","?","M","R","B",null,"M","M","M","?","M","R","M","$","T","M"],"character_chosen":"THE_SILENT","items_purchased":["Footwork","Dagger Throw","Dagger Throw","Pantograph","Blade Dance","Dagger Spray"],"campfire_rested":3,"item_purchase_floors":[2,2,5,25,25,25],"current_hp_per_floor":[70,70,69,69,69,58,58,26,26,43,64,64,47,41,62,42,70,70,63,53,32,24,45,17,17,17,7,0],"gold":99,"neow_bonus":"","is_prod":false,"is_daily":false,"chose_seed":false,"campfire_upgraded":1,"win_rate":0.0,"timestamp":1530245693,"path_taken":["M","$","?","M","$","E","R","E","T","?","R","M","?","M","R","BOSS","M","?","M","?","M","R","M","?","T","M","M"],"build_version":"2018-06-28","purchased_purges":0,"victory":false,"max_hp_per_floor":[70,70,70,70,70,70,70,70,70,70,70,70,70,70,70,70,70,70,70,70,70,70,70,70,70,70,70,70],"card_choices":[{"not_picked":["Deflect","Acrobatics"],"picked":"Flying Knee","floor":1},{"not_picked":["Prepared","Poisoned Stab"],"picked":"Masterful Stab","floor":3},{"not_picked":["Expertise","Poisoned Stab"],"picked":"Underhanded Strike","floor":4},{"not_picked":["Caltrops","Predator"],"picked":"Burst","floor":6},{"not_picked":["Acrobatics","Bouncing Flask"],"picked":"PiercingWail","floor":8},{"not_picked":["Flying Knee","Poisoned Stab"],"picked":"Footwork","floor":12},{"not_picked":["Acrobatics","Dodge and Roll"],"picked":"Poisoned Stab","floor":13},{"not_picked":["Dodge and Roll","Crippling Poison"],"picked":"Noxious Fumes","floor":14},{"not_picked":["Night Terror","Glass Knife"],"picked":"Tactician","floor":16},{"not_picked":[],"picked":"Deadly Poison+1","floor":18},{"not_picked":[],"picked":"Backflip+1","floor":19},{"not_picked":[],"picked":"Masterful Stab","floor":20},{"not_picked":[],"picked":"Underhanded Strike","floor":22},{"not_picked":[],"picked":"Deflect","floor":24},{"not_picked":[],"picked":"Deflect","floor":27}],"player_experience":3151,"relics_obtained":[{"floor":6,"key":"Mummified Hand"},{"floor":8,"key":"Lantern"},{"floor":9,"key":"Whetstone"},{"floor":26,"key":"Orichalcum"}],"event_choices":[{"event_name":"The Cleric","player_choice":"Healed","floor":10,"damage_taken":0},{"event_name":"Dead Adventurer","player_choice":"Searched \u00272\u0027 times","floor":13,"damage_taken":0},{"event_name":"Knowing Skull","player_choice":"CARD CARD ","floor":21,"damage_taken":0}],"boss_relics":[{"not_picked":["Runic Pyramid","Astrolabe"],"picked":"Busted Crown"}],"items_purged_floors":[],"is_endless":false,"potions_floor_spawned":[3,13,13,14,20,24],"killed_by":"Snake Plant","ascension_level":0}