{"gold_per_floor":[114,114,165,184,184,184,203,241,241,279,279,284,284,322,322,447,447,466,20,39,39,39,77,77,115,115,115,153,172,447,447],"floor_reached":31,"playtime":2049,"items_purged":[],"score":382,"play_id":"8c8e7e9d-e04e-40c8-b7cb-51852ddc4bc2","local_time":"20190412222345","daily_mods":["Insanity","Red Cards","Elite Swarm"],"is_ascension_mode":false,"campfire_choices":[{"floor":6,"key":"REST"},{"floor":11,"key":"REST"},{"floor":13,"key":"REST"},{"floor":15,"key":"REST"},{"data":"Seek","floor":24,"key":"SMITH"}],"neow_cost":"","seed_source_timestamp":0,"circlet_count":0,"master_deck":["Ball Lightning","Sword Boomerang","Perfected Strike","Heavy Blade","Self Repair","Heavy Blade","Heatsinks","Defragment","Clothesline","Darkness","Shrug It Off","Turbo","Tempest","Anger","Sword Boomerang","Iron Wave","Clothesline","Searing Blow","Capacitor","Flame Barrier","Coolheaded","White Noise","Twin Strike","Clash","Go for the Eyes","Streamline","Clothesline","Cleave","Streamline","Stack","Cleave","Uppercut","Coolheaded","Steam","True Grit","Wild Strike","Stack","Blood for Blood","Sword Boomerang","Pommel Strike+1","Rage","Feel No Pain","Warcry+1","Pommel Strike","Scrape","Barrage","Disarm","Twin Strike","Skim","Clothesline","Chill","Beam Cell","Twin Strike","Berserk","Amplify","Shrug It Off","Electrodynamics","Seek+1","Sever Soul+1","Burning Pact","Madness","Magnetism","Aggregate","Necronomicurse","Echo Form","Bludgeon","Writhe","Amplify","Inflame","Regret"],"special_seed":17998,"relics":["Cracked Core","Golden Idol","Question Card","Singing Bowl","Lantern","Odd Mushroom","PreservedInsect","Runic Pyramid","Regal Pillow","Necronomicon","Cables","Potion Belt","Sundial","Kunai","Mummified Hand"],"potions_floor_usage":[16,23],"damage_taken":[{"damage":0,"enemies":"Jaw Worm","floor":1,"turns":2},{"damage":0,"enemies":"Small Slimes","floor":4,"turns":3},{"damage":0,"enemies":"2 Louse","floor":7,"turns":1},{"damage":21,"enemies":"Lagavulin","floor":8,"turns":4},{"damage":3,"enemies":"3 Sentries","floor":10,"turns":4},{"damage":23,"enemies":"The Mushroom Lair","floor":12,"turns":4},{"damage":13,"enemies":"Lagavulin","floor":14,"turns":5},{"damage":19,"enemies":"Slime Boss","floor":16,"turns":7},{"damage":0,"enemies":"Spheric Guardian","floor":18,"turns":2},{"damage":1,"enemies":"3 Byrds","floor":20,"turns":3},{"damage":7,"enemies":"Book of Stabbing","floor":23,"turns":5},{"damage":4,"enemies":"Gremlin Leader","floor":25,"turns":4},{"damage":12,"enemies":"Book of Stabbing","floor":28,"turns":3},{"damage":15,"enemies":"Snake Plant","floor":29,"turns":4},{"damage":31,"enemies":"Snecko","floor":31,"turns":3}],"seed_played":"7783280218717275473","potions_obtained":[{"floor":10,"key":"Block Potion"},{"floor":12,"key":"Swift Potion"},{"floor":20,"key":"Block Potion"}],"is_trial":false,"path_per_floor":["M","?","?","M","?","R","M","E","T","E","R","?","R","E","R","B",null,"M","$","M","?","?","E","R","E","T","?","E","M","?","M"],"character_chosen":"DEFECT","items_purchased":["Burning Pact","Madness","Regal Pillow","Magnetism"],"campfire_rested":4,"item_purchase_floors":[19,19,19,19],"current_hp_per_floor":[75,57,57,57,42,64,64,43,43,47,69,46,68,55,75,56,75,75,75,74,74,58,58,58,54,54,54,42,27,27,0],"gold":447,"neow_bonus":"","is_prod":false,"is_daily":true,"chose_seed":false,"campfire_upgraded":1,"win_rate":0,"timestamp":1555104225,"path_taken":["M","?","?","M","?","R","?","E","T","E","R","?","R","E","R","BOSS","M","$","M","?","?","E","R","E","T","?","E","M","?","M"],"build_version":"2019-01-23","purchased_purges":0,"victory":false,"max_hp_per_floor":[75,75,75,75,75,75,75,75,75,75,75,75,75,75,75,75,75,75,75,75,75,75,75,75,75,75,75,75,75,75,75],"card_choices":[{"not_picked":["Beam Cell","Thunderclap"],"picked":"Chill","floor":1},{"not_picked":["Body Slam","Rebound"],"picked":"Beam Cell","floor":4},{"not_picked":["Searing Blow","Disarm"],"picked":"Twin Strike","floor":7},{"not_picked":["Hyperbeam","Exhume"],"picked":"Berserk","floor":8},{"not_picked":["Buffer","Creative AI","Dark Embrace"],"picked":"Amplify","floor":10},{"not_picked":["Streamline","Lockon","Blood for Blood"],"picked":"Shrug It Off","floor":12},{"not_picked":["Multi-Cast","Amplify","Meteor Strike"],"picked":"Electrodynamics","floor":14},{"not_picked":["Amplify","Core Surge","Offering"],"picked":"Seek","floor":16},{"not_picked":["Havoc","Body Slam","Go for the Eyes"],"picked":"Sever Soul+1","floor":18},{"not_picked":["Cold Snap","Thunderclap","Recycle+1"],"picked":"Aggregate","floor":20},{"not_picked":["Juggernaut","Seek","Meteor Strike"],"picked":"Echo Form","floor":23},{"not_picked":["Reboot","Limit Break","Multi-Cast"],"picked":"Bludgeon","floor":25},{"not_picked":["Limit Break","Buffer","All For One"],"picked":"Amplify","floor":28},{"not_picked":["Blizzard+1","True Grit","Anger"],"picked":"Inflame","floor":29}],"player_experience":479726,"relics_obtained":[{"floor":8,"key":"Question Card"},{"floor":9,"key":"Singing Bowl"},{"floor":10,"key":"Lantern"},{"floor":12,"key":"Odd Mushroom"},{"floor":14,"key":"PreservedInsect"},{"floor":22,"key":"Necronomicon"},{"floor":23,"key":"Cables"},{"floor":25,"key":"Potion Belt"},{"floor":26,"key":"Sundial"},{"floor":28,"key":"Mummified Hand"}],"event_choices":[{"damage_healed":0,"gold_gain":0,"player_choice":"Take Damage","damage_taken":18,"relics_obtained":["Golden Idol"],"max_hp_gain":0,"max_hp_loss":0,"event_name":"Golden Idol","floor":2,"gold_loss":0},{"damage_healed":0,"gold_gain":51,"player_choice":"Gained Gold","damage_taken":0,"max_hp_gain":0,"max_hp_loss":0,"event_name":"Golden Wing","floor":3,"gold_loss":0},{"damage_healed":0,"gold_gain":0,"player_choice":"Entered Light","damage_taken":15,"max_hp_gain":0,"max_hp_loss":0,"event_name":"Shining Light","floor":5,"gold_loss":0,"cards_upgraded":["Warcry","Pommel Strike"]},{"damage_healed":0,"gold_gain":0,"player_choice":"Fought Mushrooms","damage_taken":0,"max_hp_gain":0,"max_hp_loss":0,"event_name":"Mushrooms","floor":12,"gold_loss":0},{"damage_healed":0,"gold_gain":0,"player_choice":"Simplicity","damage_taken":0,"max_hp_gain":0,"max_hp_loss":0,"event_name":"Back to Basics","floor":21,"gold_loss":0,"cards_upgraded":[]},{"damage_healed":0,"gold_gain":0,"player_choice":"Obtained Book","damage_taken":16,"max_hp_gain":0,"max_hp_loss":0,"event_name":"Cursed Tome","floor":22,"gold_loss":0},{"damage_healed":0,"gold_gain":0,"player_choice":"Opened","damage_taken":0,"relics_obtained":["Kunai"],"max_hp_gain":0,"max_hp_loss":0,"event_name":"The Mausoleum","floor":27,"gold_loss":0,"cards_obtained":["Writhe"]},{"damage_healed":0,"gold_gain":275,"player_choice":"Desecrate","damage_taken":0,"max_hp_gain":0,"max_hp_loss":0,"event_name":"Golden Shrine","floor":30,"gold_loss":0,"cards_obtained":["Regret"]}],"is_beta":false,"boss_relics":[{"not_picked":["Tiny House","Cursed Key"],"picked":"Runic Pyramid"}],"items_purged_floors":[],"is_endless":false,"potions_floor_spawned":[10,12,20],"killed_by":"Snecko","ascension_level":0}