{"gold_per_floor":[114,114,153,197,247,285,304,307,307,326,26,26,45,45,45,170,170,189,189,233,252,252,290,290,309,309,309,328,347,366,404,404,529,529,548,548,592,16,141,141,179,198,223,223,5,24,43,87,87,87],"floor_reached":51,"playtime":6081,"items_purged":[],"score":923,"play_id":"e17ee3f9-02f9-4bad-bec4-0cbc83c06bf5","local_time":"20190327085817","daily_mods":["Allstar","Green Cards","Terminal"],"is_ascension_mode":false,"campfire_choices":[{"floor":12,"key":"REST"},{"floor":15,"key":"DIG"},{"floor":24,"key":"REST"},{"floor":27,"key":"DIG"},{"floor":32,"key":"DIG"},{"floor":40,"key":"DIG"},{"floor":49,"key":"DIG"}],"neow_cost":"","seed_source_timestamp":0,"circlet_count":0,"master_deck":["Strike_B","Strike_B","Strike_B","Strike_B","Defend_B","Defend_B","Defend_B","Defend_B","Zap","Secret Technique","Apotheosis+1","Panacea","Panache+1","HandOfGreed","Gash","Prepared","Deflect","All For One","Cold Snap","Dagger Spray","Backflip","Rip and Tear","Malaise","Compile Driver","Panacea","Fission","Gash+1","Endless Agony","Gash+1","Slice","BootSequence","Aggregate+1","White Noise+1","Flying Knee+1","Double Energy","Venomology","Beam Cell+1","Deflect+1","Blur","Dagger Spray+1","Core Surge","Coolheaded","Aggregate","Hologram","Ball Lightning","Hologram+1","Gash","Go for the Eyes"],"special_seed":17982,"relics":["Cracked Core","Golden Idol","Strawberry","Odd Mushroom","Bottled Lightning","Shovel","Art of War","Black Star","Blood Vial","Ancient Tea Set","Meat on the Bone","FossilizedHelix","PreservedInsect","Unceasing Top","Pear","Runic Pyramid","Toolbox","DataDisk","Orichalcum","Gambling Chip","Regal Pillow","Boot","Letter Opener","Anchor","Bronze Scales","Torii"],"potions_floor_usage":[6,6,21,21,30,30,35,37,41,42,42,46,46,50,50],"damage_taken":[{"damage":6,"enemies":"Jaw Worm","floor":1,"turns":3},{"damage":0,"enemies":"Small Slimes","floor":3,"turns":3},{"damage":0,"enemies":"Cultist","floor":4,"turns":3},{"damage":20,"enemies":"Gremlin Nob","floor":6,"turns":4},{"damage":0,"enemies":"Red Slaver","floor":7,"turns":2},{"damage":5,"enemies":"The Mushroom Lair","floor":8,"turns":2},{"damage":0,"enemies":"Blue Slaver","floor":10,"turns":2},{"damage":0,"enemies":"Lots of Slimes","floor":13,"turns":1},{"damage":9,"enemies":"Hexaghost","floor":16,"turns":7},{"damage":0,"enemies":"Chosen","floor":18,"turns":4},{"damage":0,"enemies":"Spheric Guardian","floor":20,"turns":3},{"damage":28,"enemies":"Snake Plant","floor":21,"turns":4},{"damage":18,"enemies":"Gremlin Leader","floor":23,"turns":5},{"damage":5,"enemies":"Cultist and Chosen","floor":25,"turns":3},{"damage":0,"enemies":"Shelled Parasite and Fungi","floor":28,"turns":4},{"damage":8,"enemies":"Snake Plant","floor":29,"turns":4},{"damage":0,"enemies":"3 Cultists","floor":30,"turns":3},{"damage":0,"enemies":"Book of Stabbing","floor":31,"turns":5},{"damage":10,"enemies":"Automaton","floor":33,"turns":6},{"damage":0,"enemies":"Orb Walker","floor":35,"turns":2},{"damage":8,"enemies":"3 Shapes","floor":37,"turns":2},{"damage":0,"enemies":"Mind Bloom Boss Battle","floor":39,"turns":3},{"damage":0,"enemies":"Nemesis","floor":41,"turns":5},{"damage":0,"enemies":"Maw","floor":42,"turns":7},{"damage":0,"enemies":"4 Shapes","floor":46,"turns":1},{"damage":0,"enemies":"Jaw Worm Horde","floor":47,"turns":4},{"damage":0,"enemies":"Spire Growth","floor":48,"turns":4},{"damage":0,"enemies":"Donu and Deca","floor":50,"turns":4}],"seed_played":"2705991791978996183","potions_obtained":[{"floor":1,"key":"EssenceOfSteel"},{"floor":4,"key":"Swift Potion"},{"floor":8,"key":"Ancient Potion"},{"floor":10,"key":"FocusPotion"},{"floor":25,"key":"Ancient Potion"},{"floor":28,"key":"Energy Potion"},{"floor":30,"key":"FairyPotion"},{"floor":31,"key":"SpeedPotion"},{"floor":33,"key":"SkillPotion"},{"floor":41,"key":"PowerPotion"},{"floor":42,"key":"SteroidPotion"},{"floor":48,"key":"Dexterity Potion"}],"is_trial":false,"path_per_floor":["M","?","M","M","?","E","M","?","T","M","$","R","M","?","R","B",null,"M","?","M","M","?","E","R","M","T","R","M","M","M","E","R","B",null,"M","?","M","$","?","R","E","M","T","?","$","M","M","M","R","B",null],"character_chosen":"DEFECT","items_purchased":["Shovel","Toolbox","DataDisk","Orichalcum","Blur","Bronze Scales","Hologram","Ball Lightning"],"campfire_rested":2,"item_purchase_floors":[11,38,38,38,38,45,45,45],"current_hp_per_floor":[68,50,50,50,50,37,37,32,32,32,32,53,53,53,53,44,64,63,62,61,33,33,15,32,29,29,29,31,37,39,41,51,43,57,56,55,47,47,49,49,50,49,48,47,46,45,44,43,42,41],"gold":87,"neow_bonus":"","is_prod":false,"is_daily":true,"chose_seed":false,"campfire_upgraded":0,"win_rate":0,"timestamp":1553677097,"path_taken":["M","?","M","M","?","E","?","?","T","M","$","R","M","?","R","BOSS","M","?","?","M","?","E","R","M","T","R","M","M","M","E","R","BOSS","M","?","?","$","?","R","E","M","T","?","$","M","?","M","R","BOSS"],"build_version":"2019-01-23","purchased_purges":0,"victory":true,"max_hp_per_floor":[73,72,71,70,69,75,74,73,72,71,70,69,68,67,66,65,64,63,62,61,60,59,58,57,56,55,54,53,52,51,50,59,58,57,56,55,54,53,52,51,50,49,48,47,46,45,44,43,42,41],"card_choices":[{"not_picked":["Coolheaded","Flying Knee"],"picked":"Gash","floor":1},{"not_picked":["Underhanded Strike","Aggregate"],"picked":"Prepared","floor":3},{"not_picked":["Hologram","Bane"],"picked":"Deflect","floor":4},{"not_picked":["Blade Dance","Backflip"],"picked":"All For One","floor":6},{"not_picked":["Dodge and Roll","Streamline"],"picked":"Cold Snap","floor":7},{"not_picked":["Static Discharge","Rebound"],"picked":"Dagger Spray","floor":8},{"not_picked":["Blade Dance","Auto Shields"],"picked":"Backflip","floor":10},{"not_picked":["Eviscerate","Storm"],"picked":"Rip and Tear","floor":13},{"not_picked":["Storm of Steel","Corpse Explosion"],"picked":"Fission","floor":16},{"not_picked":["Coolheaded","BootSequence"],"picked":"Gash+1","floor":18},{"not_picked":["Underhanded Strike","Crippling Poison"],"picked":"Endless Agony","floor":20},{"not_picked":["Dodge and Roll","Backflip"],"picked":"Gash+1","floor":21},{"not_picked":["Eviscerate+1","Coolheaded+1"],"picked":"Slice","floor":23},{"not_picked":["Coolheaded","Double Energy"],"picked":"BootSequence","floor":25},{"not_picked":["Sunder+1","Noxious Fumes"],"picked":"Aggregate+1","floor":28},{"not_picked":["All Out Attack+1","Deadly Poison+1"],"picked":"White Noise+1","floor":29},{"not_picked":["Lockon","Corpse Explosion"],"picked":"Flying Knee+1","floor":30},{"not_picked":["Rebound+1","Bouncing Flask"],"picked":"Double Energy","floor":31},{"not_picked":["Thunder Strike","Storm of Steel"],"picked":"Venomology","floor":33},{"not_picked":["Barrage","Dodge and Roll+1"],"picked":"Beam Cell+1","floor":35},{"not_picked":["Cloak And Dagger+1","Sucker Punch+1"],"picked":"Deflect+1","floor":37},{"not_picked":["Recycle","Acrobatics"],"picked":"Dagger Spray+1","floor":39},{"not_picked":["Reprogram+1","Backflip+1"],"picked":"Core Surge","floor":41},{"not_picked":["Deadly Poison","Lockon"],"picked":"Coolheaded","floor":42},{"not_picked":["Bane+1","Dagger Throw"],"picked":"Hologram+1","floor":46},{"not_picked":["Masterful Stab+1","Conserve Battery"],"picked":"Gash","floor":47},{"not_picked":["Streamline+1","Envenom"],"picked":"Go for the Eyes","floor":48}],"player_experience":388741,"relics_obtained":[{"floor":6,"key":"Strawberry"},{"floor":8,"key":"Odd Mushroom"},{"floor":9,"key":"Bottled Lightning"},{"floor":15,"key":"Art of War"},{"floor":23,"key":"Blood Vial"},{"floor":23,"key":"Ancient Tea Set"},{"floor":26,"key":"Meat on the Bone"},{"floor":27,"key":"FossilizedHelix"},{"floor":31,"key":"PreservedInsect"},{"floor":31,"key":"Unceasing Top"},{"floor":32,"key":"Pear"},{"floor":39,"key":"Gambling Chip"},{"floor":40,"key":"Regal Pillow"},{"floor":41,"key":"Boot"},{"floor":41,"key":"Letter Opener"},{"floor":43,"key":"Anchor"},{"floor":49,"key":"Torii"}],"event_choices":[{"damage_healed":0,"gold_gain":0,"player_choice":"Take Damage","damage_taken":18,"relics_obtained":["Golden Idol"],"max_hp_gain":0,"max_hp_loss":0,"event_name":"Golden Idol","floor":2,"gold_loss":0},{"damage_healed":0,"gold_gain":50,"player_choice":"Gained Gold","damage_taken":0,"max_hp_gain":0,"max_hp_loss":0,"event_name":"Golden Wing","floor":5,"gold_loss":0},{"damage_healed":0,"gold_gain":0,"player_choice":"Fought Mushrooms","damage_taken":0,"max_hp_gain":0,"max_hp_loss":0,"event_name":"Mushrooms","floor":8,"gold_loss":0},{"damage_healed":0,"gold_gain":0,"player_choice":"3 cards matched","damage_taken":0,"max_hp_gain":0,"max_hp_loss":0,"event_name":"Match and Keep!","floor":14,"gold_loss":0,"cards_obtained":["Malaise","Compile Driver","Panacea"]},{"damage_healed":0,"gold_gain":0,"player_choice":"Full Heal","damage_taken":0,"max_hp_gain":0,"max_hp_loss":0,"event_name":"Wheel of Change","floor":19,"gold_loss":0},{"damage_healed":0,"gold_gain":0,"player_choice":"Upgraded","damage_taken":0,"max_hp_gain":0,"max_hp_loss":0,"event_name":"Upgrade Shrine","floor":22,"gold_loss":0,"cards_upgraded":["Apotheosis"]},{"damage_healed":0,"gold_gain":0,"player_choice":"Forge","damage_taken":0,"max_hp_gain":0,"max_hp_loss":0,"event_name":"Accursed Blacksmith","floor":36,"gold_loss":0,"cards_upgraded":["Panache"]},{"damage_healed":0,"gold_gain":0,"player_choice":"Fight","damage_taken":0,"max_hp_gain":0,"max_hp_loss":0,"event_name":"MindBloom","floor":39,"gold_loss":0},{"damage_healed":0,"gold_gain":0,"cards_transformed":["Dualcast"],"player_choice":"Transformed","damage_taken":0,"max_hp_gain":0,"max_hp_loss":0,"event_name":"Transmorgrifier","floor":44,"gold_loss":0,"cards_obtained":["Aggregate"]}],"is_beta":false,"boss_relics":[{"not_picked":["Sozu","Tiny House"],"picked":"Black Star"},{"not_picked":["Snecko Eye","FrozenCore"],"picked":"Runic Pyramid"}],"items_purged_floors":[],"is_endless":false,"potions_floor_spawned":[1,4,8,10,25,28,30,31,33,41,42,48],"ascension_level":0}