{"gold_per_floor":[112,131,142,142,142,142,167,167,167,167,196,222,234,278,290,405,417,448,11,23,23,43,43,43,61,84,119,119,119,119,119,119,216,216,235,11,27,27,37,37,68,99,99,118,128,128,128],"floor_reached":47,"playtime":2621,"items_purged":["Defend_B"],"score":664,"play_id":"77ea5790-eb45-4800-88cb-a5d9298406ae","local_time":"20181116174529","is_ascension_mode":true,"campfire_choices":[{"data":"Defragment","floor":6.0,"key":"SMITH"},{"data":"Hologram","floor":8.0,"key":"SMITH"},{"floor":13.0,"key":"REST"},{"data":"Seek","floor":15.0,"key":"SMITH"},{"data":"Rainbow","floor":23.0,"key":"SMITH"},{"data":"Dualcast","floor":28.0,"key":"SMITH"},{"data":"Barrage","floor":30.0,"key":"SMITH"},{"data":"Glacier","floor":32.0,"key":"SMITH"},{"data":"Blizzard","floor":40,"key":"SMITH"},{"data":"Fusion","floor":46,"key":"SMITH"}],"neow_cost":"NONE","seed_source_timestamp":0,"circlet_count":0,"master_deck":["Defend_B+1","Defend_B+1","Defend_B","Zap+1","Dualcast+1","Barrage+1","Leap","Defragment+1","Hologram+1","Seek+1","Cold Snap","Creative AI+1","Rainbow+1","Glacier+1","FTL","Go for the Eyes","White Noise+1","Cold Snap","Go for the Eyes","Chill","Thunder Strike","Blizzard+1","Storm+1","Fusion+1","Self Repair+1","Loop+1"],"special_seed":0,"relics":["FrozenCore","Torii","WingedGreaves","Frozen Egg 2","MawBank","Pear","Inserter","Kunai","Medical Kit","Ancient Tea Set","Pantograph","Orichalcum","Cables","Gremlin Horn","Letter Opener"],"potions_floor_usage":[45,47],"damage_taken":[{"damage":1.0,"enemies":"Cultist","floor":1.0,"turns":3.0},{"damage":3.0,"enemies":"Jaw Worm","floor":2.0,"turns":4.0},{"damage":1.0,"enemies":"2 Louse","floor":3.0,"turns":3.0},{"damage":6.0,"enemies":"3 Sentries","floor":7.0,"turns":7.0},{"damage":1.0,"enemies":"Lagavulin","floor":11.0,"turns":7.0},{"damage":43.0,"enemies":"Gremlin Nob","floor":12.0,"turns":5.0},{"damage":1.0,"enemies":"Lagavulin","floor":14.0,"turns":6.0},{"damage":23.0,"enemies":"Slime Boss","floor":16.0,"turns":7.0},{"damage":8.0,"enemies":"Chosen","floor":18.0,"turns":5.0},{"damage":13.0,"enemies":"Shell Parasite","floor":20.0,"turns":5.0},{"damage":1.0,"enemies":"Chosen and Byrds","floor":22.0,"turns":8.0},{"damage":15.0,"enemies":"Snake Plant","floor":25.0,"turns":5.0},{"damage":37.0,"enemies":"Slavers","floor":27.0,"turns":6.0},{"damage":0.0,"enemies":"Automaton","floor":33.0,"turns":10.0},{"damage":2,"enemies":"3 Darklings","floor":35,"turns":7},{"damage":1,"enemies":"Orb Walker","floor":37,"turns":5},{"damage":11,"enemies":"Sphere and 2 Shapes","floor":39,"turns":8},{"damage":0,"enemies":"Nemesis","floor":41,"turns":8},{"damage":10,"enemies":"Giant Head","floor":42,"turns":9},{"damage":8,"enemies":"Spire Growth","floor":44,"turns":5},{"damage":24,"enemies":"Transient","floor":45,"turns":5},{"damage":57,"enemies":"Reptomancer","floor":47,"turns":2}],"seed_played":"-5651337996971772810","potions_obtained":[{"floor":1.0,"key":"Swift Potion"},{"floor":2.0,"key":"Ancient Potion"},{"floor":7.0,"key":"Block Potion"},{"floor":22.0,"key":"PowerPotion"},{"floor":27.0,"key":"SpeedPotion"},{"floor":35,"key":"Fire Potion"}],"is_trial":false,"path_per_floor":["M","M","M","?","?","R","E","R","T","?","E","E","R","E","R","B",null,"M","$","M","?","M","R","$","M","T","E","R","?","R","?","R","B",null,"M","$","M","$","M","R","E","E","T","M","M","R","E"],"character_chosen":"DEFECT","items_purchased":["Kunai","Medical Kit","Orichalcum"],"campfire_rested":1,"item_purchase_floors":[19,19,36],"current_hp_per_floor":[74,71,70,55,55,55,49,49,49,49,48,5,27,36,36,13,85,77,77,64,64,63,63,63,48,48,11,11,11,11,85,85,85,85,83,83,82,82,71,71,71,61,61,53,39,39,0],"gold":128,"neow_bonus":"UPGRADE_CARD","is_prod":false,"is_daily":false,"chose_seed":false,"campfire_upgraded":9,"win_rate":0,"timestamp":1542408329,"path_taken":["M","M","M","?","?","R","E","R","T","?","E","E","R","E","R","BOSS","M","$","M","?","M","R","?","M","T","E","R","?","R","?","R","BOSS","M","$","?","$","M","R","E","E","T","M","M","R","E"],"build_version":"2018-11-15","purchased_purges":1,"victory":false,"max_hp_per_floor":[75,75,75,75,75,75,75,75,75,75,75,75,75,85,85,85,85,85,85,85,85,85,85,85,85,85,85,85,85,85,85,85,85,85,85,85,85,85,85,85,85,85,85,85,85,85,85],"card_choices":[{"not_picked":["Heatsinks","Steam"],"picked":"Barrage","floor":1.0},{"not_picked":["Redo","Steam Power"],"picked":"Leap","floor":2.0},{"not_picked":["Steam","Reinforced Body"],"picked":"Defragment","floor":3.0},{"not_picked":["Reboot","BootSequence"],"picked":"Hologram","floor":7.0},{"not_picked":["Barrage","FTL"],"picked":"Seek","floor":11.0},{"not_picked":["Skim","Sweeping Beam"],"picked":"Cold Snap","floor":12.0},{"not_picked":["Turbo","Double Energy"],"picked":"Creative AI+1","floor":14.0},{"not_picked":["All For One","Core Surge"],"picked":"Rainbow","floor":16.0},{"not_picked":["Go for the Eyes","BootSequence"],"picked":"Glacier","floor":18.0},{"not_picked":["Cold Snap+1","Compile Driver"],"picked":"FTL","floor":20.0},{"not_picked":["Hologram+1","Leap"],"picked":"Go for the Eyes","floor":22.0},{"not_picked":["Barrage","Chill"],"picked":"White Noise+1","floor":25.0},{"not_picked":["Chaos","Steam+1"],"picked":"Cold Snap","floor":27.0},{"not_picked":["Reboot","Machine Learning+1"],"picked":"Thunder Strike","floor":33.0},{"not_picked":["Scrape","Gash+1","Chaos+1"],"picked":"SKIP","floor":35},{"not_picked":["White Noise+1","Stack"],"picked":"Blizzard","floor":37},{"not_picked":["Beam Cell","Sweeping Beam","Gash+1"],"picked":"SKIP","floor":39},{"not_picked":["Redo","Gash+1"],"picked":"Storm+1","floor":41},{"not_picked":["Streamline","Lockon"],"picked":"Fusion","floor":42},{"not_picked":["Hologram+1","Heatsinks+1"],"picked":"Self Repair+1","floor":44},{"not_picked":["Cold Snap+1","Rebound"],"picked":"Loop+1","floor":45}],"player_experience":140250,"relics_obtained":[{"floor":7.0,"key":"Torii"},{"floor":9.0,"key":"WingedGreaves"},{"floor":11.0,"key":"Frozen Egg 2"},{"floor":12.0,"key":"MawBank"},{"floor":14.0,"key":"Pear"},{"floor":26.0,"key":"Ancient Tea Set"},{"floor":27.0,"key":"Pantograph"},{"floor":41,"key":"Cables"},{"floor":42,"key":"Gremlin Horn"},{"floor":43,"key":"Letter Opener"}],"event_choices":[{"damage_healed":0.0,"max_hp_gain":0.0,"max_hp_loss":0.0,"gold_gain":0.0,"event_name":"Shining Light","player_choice":"Entered Light","floor":4.0,"gold_loss":0.0,"damage_taken":15.0,"cards_upgraded":["Defend_B","Defend_B"]},{"damage_healed":0.0,"max_hp_gain":0.0,"max_hp_loss":0.0,"gold_gain":0.0,"event_name":"Liars Game","player_choice":"Ignored","floor":5.0,"gold_loss":0.0,"damage_taken":0.0},{"cards_removed":["Strike_B"],"damage_healed":0.0,"max_hp_gain":0.0,"max_hp_loss":0.0,"gold_gain":0.0,"event_name":"Bonfire Elementals","player_choice":"Offered Basic","floor":10.0,"gold_loss":0.0,"damage_taken":0.0},{"cards_removed":["Strike_B"],"damage_healed":0.0,"max_hp_gain":0.0,"max_hp_loss":0.0,"gold_gain":0.0,"event_name":"Purifier","player_choice":"Purged","floor":21.0,"gold_loss":0.0,"damage_taken":0.0},{"damage_healed":0.0,"max_hp_gain":0.0,"max_hp_loss":0.0,"gold_gain":0.0,"cards_transformed":["Strike_B","Strike_B"],"event_name":"Drug Dealer","player_choice":"Became Test Subject","floor":29.0,"gold_loss":0.0,"damage_taken":0.0,"cards_obtained":["Go for the Eyes","Chill"]},{"damage_healed":74.0,"max_hp_gain":0.0,"max_hp_loss":0.0,"gold_gain":0.0,"event_name":"Wheel of Change","player_choice":"Full Heal","floor":31.0,"gold_loss":0.0,"damage_taken":0.0}],"is_beta":false,"boss_relics":[{"not_picked":["Calling Bell","Snecko Eye"],"picked":"Inserter"},{"not_picked":["Runic Dome","Astrolabe"],"picked":"FrozenCore"}],"items_purged_floors":[36],"is_endless":false,"potions_floor_spawned":[1,2,7,11,18,22,27,35,37,39],"killed_by":"Reptomancer","ascension_level":2}