{"gold_per_floor":[114,289,304,376,391,391,421,436,436,466,32,62,89,116,128,240,252,279,391,403,430,472,484,526,538,575,602,629,49,49,64,64,184,234,249,264,294,294,324,324,354,369,394,394,394,424,439,0,0,0],"floor_reached":51,"playtime":7085,"items_purged":[],"score":1125,"play_id":"ac565857-976f-413f-825c-22d8b4d458e6","local_time":"20190318214638","daily_mods":["Draft","Green Cards","DeadlyEvents"],"is_ascension_mode":false,"campfire_choices":[{"data":"Tempest","floor":6,"key":"SMITH"},{"floor":15,"key":"REST"},{"floor":23,"key":"REST"},{"floor":25,"key":"REST"},{"floor":30,"key":"REST"},{"floor":32,"key":"REST"},{"floor":40,"key":"REST"},{"floor":45,"key":"REST"},{"floor":49,"key":"REST"}],"neow_cost":"","seed_source_timestamp":0,"circlet_count":0,"master_deck":["Leap","Heatsinks","Streamline","Sweeping Beam","Noxious Fumes","Defragment","Dagger Spray","Turbo","Ball Lightning+1","Static Discharge","Dagger Spray","Tempest+1","Coolheaded","Cold Snap","Glacier","Deflect","Doubt","Cold Snap","Crippling Poison","Barrage","Dash","BootSequence","Apotheosis","Streamline","Core Surge","Reboot","Sucker Punch","FTL","Hyperbeam","Storm","PiercingWail","Flying Knee","Steam+1","Infinite Blades+1","Finisher","Force Field+1","Ball Lightning","Transmutation+1","Jack Of All Trades+1","Steam+1","Poisoned Stab","Caltrops","Genetic Algorithm+1","Die Die Die","All Out Attack","Stack+1","Fusion+1","Cold Snap","Fusion+1","Beam Cell+1","Backflip+1","Dash","Fusion+1","BootSequence+1","Conserve Battery+1","Sadistic Nature","Deep Breath+1","PiercingWail+1"],"special_seed":17973,"relics":["Cracked Core","Oddly Smooth Stone","Calipers","Lantern","Membership Card","Tiny Chest","MawBank","Inserter","WingedGreaves","Mercury Hourglass","Incense Burner","Toxic Egg 2","Nunchaku","Omamori","Happy Flower","Shovel","Toolbox","Tiny House","Dream Catcher","DataDisk","Pen Nib","Boot","Thread and Needle","Ancient Tea Set","Regal Pillow","Sling","Pantograph"],"potions_floor_usage":[10,16,21,24,31,33,36,42,46,47,50,50],"damage_taken":[{"damage":0,"enemies":"Cultist","floor":1,"turns":3},{"damage":5,"enemies":"Small Slimes","floor":3,"turns":3},{"damage":5,"enemies":"Jaw Worm","floor":5,"turns":2},{"damage":7,"enemies":"Lagavulin","floor":7,"turns":5},{"damage":2,"enemies":"Large Slime","floor":8,"turns":5},{"damage":9,"enemies":"3 Sentries","floor":10,"turns":4},{"damage":18,"enemies":"Gremlin Nob","floor":12,"turns":5},{"damage":0,"enemies":"Looter","floor":13,"turns":3},{"damage":1,"enemies":"Blue Slaver","floor":14,"turns":2},{"damage":0,"enemies":"Slime Boss","floor":16,"turns":5},{"damage":9,"enemies":"2 Thieves","floor":18,"turns":4},{"damage":6,"enemies":"Colosseum Slavers","floor":19,"turns":4},{"damage":29,"enemies":"Colosseum Nobs","floor":19,"turns":5},{"damage":4,"enemies":"Shell Parasite","floor":21,"turns":5},{"damage":16,"enemies":"Slavers","floor":22,"turns":4},{"damage":27,"enemies":"Gremlin Leader","floor":24,"turns":6},{"damage":12,"enemies":"3 Cultists","floor":27,"turns":4},{"damage":14,"enemies":"Snecko","floor":28,"turns":5},{"damage":2,"enemies":"Cultist and Chosen","floor":31,"turns":5},{"damage":0,"enemies":"Collector","floor":33,"turns":9},{"damage":27,"enemies":"3 Shapes","floor":35,"turns":3},{"damage":14,"enemies":"3 Darklings","floor":36,"turns":4},{"damage":12,"enemies":"Nemesis","floor":37,"turns":8},{"damage":12,"enemies":"Giant Head","floor":39,"turns":9},{"damage":26,"enemies":"Reptomancer","floor":41,"turns":5},{"damage":11,"enemies":"Spire Growth","floor":42,"turns":4},{"damage":10,"enemies":"Nemesis","floor":46,"turns":5},{"damage":0,"enemies":"4 Shapes","floor":47,"turns":4},{"damage":0,"enemies":"Awakened One","floor":50,"turns":11}],"seed_played":"-6182514928825895174","potions_obtained":[{"floor":8,"key":"PowerPotion"},{"floor":12,"key":"AttackPotion"},{"floor":16,"key":"FairyPotion"},{"floor":19,"key":"AttackPotion"},{"floor":22,"key":"FocusPotion"},{"floor":31,"key":"Block Potion"},{"floor":34,"key":"SpeedPotion"},{"floor":36,"key":"SpeedPotion"},{"floor":41,"key":"SpeedPotion"},{"floor":42,"key":"LiquidBronze"},{"floor":46,"key":"PowerPotion"},{"floor":47,"key":"Swift Potion"}],"is_trial":false,"path_per_floor":["M","?","M","?","M","R","E","M","T","E","$","E","M","M","R","B",null,"M","?","T","M","E","R","E","R","T","M","M","$","R","M","R","B",null,"M","M","E","?","E","R","E","M","T","T","R","E","M","$","R","B",null],"character_chosen":"DEFECT","items_purchased":["Membership Card","Tiny Chest","Apotheosis","Streamline","Core Surge","Happy Flower","Shovel","Toolbox","Ball Lightning","Transmutation+1","Jack Of All Trades+1","Steam+1","Poisoned Stab","Explosive Potion","Caltrops","Regal Pillow","Sling","Pantograph","Sadistic Nature","Deep Breath+1"],"campfire_rested":8,"item_purchase_floors":[11,11,11,11,11,29,29,29,29,29,29,29,29,29,29,48,48,48,48,48],"current_hp_per_floor":[75,75,70,70,65,65,58,56,56,47,47,29,29,28,50,50,75,66,31,31,27,11,33,6,28,28,16,2,2,24,22,44,44,80,53,39,27,47,35,59,33,22,22,22,46,36,36,36,75,80],"gold":0,"neow_bonus":"","is_prod":false,"is_daily":true,"chose_seed":false,"campfire_upgraded":1,"win_rate":0,"timestamp":1552945598,"path_taken":["M","?","M","?","M","R","E","?","T","E","?","?","M","M","R","BOSS","M","?","?","?","?","R","?","R","T","?","?","$","R","M","R","BOSS","M","?","?","?","?","R","E","M","T","?","R","?","M","?","R","BOSS"],"build_version":"2019-01-23","purchased_purges":0,"victory":true,"max_hp_per_floor":[75,75,75,75,75,75,75,75,75,75,75,75,75,75,75,75,75,75,75,75,75,75,75,75,75,75,75,75,75,75,75,75,75,80,80,80,80,80,80,80,80,80,80,80,80,80,80,80,80,80],"card_choices":[{"not_picked":["Slice","Cloak And Dagger"],"picked":"Leap","floor":0},{"not_picked":["Acrobatics","Calculated Gamble"],"picked":"Heatsinks","floor":0},{"not_picked":["Blade Dance","Cloak And Dagger"],"picked":"Streamline","floor":0},{"not_picked":["Deflect","Dagger Throw"],"picked":"Sweeping Beam","floor":0},{"not_picked":["Leg Sweep","Dagger Spray"],"picked":"Noxious Fumes","floor":0},{"not_picked":["Sucker Punch","Doom and Gloom"],"picked":"Defragment","floor":0},{"not_picked":["Bane","Prepared"],"picked":"Dagger Spray","floor":0},{"not_picked":["Sunder","Gash"],"picked":"Turbo","floor":0},{"not_picked":["Doom and Gloom","Dagger Spray"],"picked":"Ball Lightning","floor":0},{"not_picked":["Outmaneuver","Turbo"],"picked":"Static Discharge","floor":0},{"not_picked":["Stack","Blade Dance"],"picked":"Dagger Spray","floor":0},{"not_picked":["Blade Dance","Heel Hook"],"picked":"Tempest","floor":0},{"not_picked":["Prepared","Distraction"],"picked":"Coolheaded","floor":0},{"not_picked":["Gash","Underhanded Strike"],"picked":"Cold Snap","floor":0},{"not_picked":["Blizzard","Conserve Battery"],"picked":"Glacier","floor":0},{"not_picked":["Prepared","Backflip"],"picked":"Deflect","floor":1},{"not_picked":["Turbo","Sweeping Beam"],"picked":"Cold Snap","floor":3},{"not_picked":["Stack","Scrape"],"picked":"Crippling Poison","floor":5},{"not_picked":["Seek","Eviscerate"],"picked":"Barrage","floor":7},{"not_picked":["Leap","Blur"],"picked":"Dash","floor":8},{"not_picked":["Backflip","Dodge and Roll"],"picked":"BootSequence","floor":10},{"not_picked":["Auto Shields","Quick Slash"],"picked":"Reboot","floor":12},{"not_picked":["Blade Dance","Dodge and Roll"],"picked":"Sucker Punch","floor":13},{"not_picked":["Bane","Outmaneuver"],"picked":"FTL","floor":14},{"not_picked":["Grand Finale","Biased Cognition"],"picked":"Hyperbeam","floor":16},{"not_picked":["Steam+1","Ball Lightning"],"picked":"Storm","floor":18},{"not_picked":["Expertise","Eviscerate"],"picked":"PiercingWail","floor":19},{"not_picked":["Setup+1","Skewer"],"picked":"Flying Knee","floor":21},{"not_picked":["Recycle","Blade Dance"],"picked":"Steam+1","floor":22},{"not_picked":["Scrape+1","Dagger Spray"],"picked":"Infinite Blades+1","floor":24},{"not_picked":["Endless Agony+1","Concentrate+1"],"picked":"Finisher","floor":27},{"not_picked":["Deflect+1","Go for the Eyes"],"picked":"Force Field+1","floor":28},{"not_picked":["Barrage","Masterful Stab+1"],"picked":"Genetic Algorithm+1","floor":31},{"not_picked":["Malaise+1","Grand Finale"],"picked":"Die Die Die","floor":33},{"not_picked":["Barrage","Prepared+1"],"picked":"All Out Attack","floor":34},{"not_picked":["PiercingWail+1","Genetic Algorithm+1"],"picked":"Stack+1","floor":35},{"not_picked":["Stack+1","Acrobatics+1"],"picked":"Fusion+1","floor":36},{"not_picked":["Bouncing Flask+1","Accuracy+1"],"picked":"Cold Snap","floor":37},{"not_picked":["Prepared+1","Skewer+1"],"picked":"Fusion+1","floor":39},{"not_picked":["Choke","All For One"],"picked":"Beam Cell+1","floor":40},{"not_picked":["Hologram+1","Bane+1"],"picked":"Backflip+1","floor":41},{"not_picked":["Coolheaded+1","Tactician+1"],"picked":"Dash","floor":42},{"not_picked":["Outmaneuver+1","Tempest+1"],"picked":"Fusion+1","floor":45},{"not_picked":["Coolheaded+1","Sucker Punch+1"],"picked":"BootSequence+1","floor":46},{"not_picked":["Dagger Throw","Beam Cell"],"picked":"Conserve Battery+1","floor":47},{"not_picked":["Leg Sweep+1","Streamline+1"],"picked":"PiercingWail+1","floor":49}],"player_experience":338622,"relics_obtained":[{"floor":7,"key":"Oddly Smooth Stone"},{"floor":9,"key":"Calipers"},{"floor":10,"key":"Lantern"},{"floor":12,"key":"MawBank"},{"floor":19,"key":"WingedGreaves"},{"floor":19,"key":"Mercury Hourglass"},{"floor":20,"key":"Incense Burner"},{"floor":22,"key":"Toxic Egg 2"},{"floor":24,"key":"Nunchaku"},{"floor":26,"key":"Omamori"},{"floor":37,"key":"Dream Catcher"},{"floor":39,"key":"DataDisk"},{"floor":41,"key":"Pen Nib"},{"floor":43,"key":"Boot"},{"floor":44,"key":"Thread and Needle"},{"floor":46,"key":"Ancient Tea Set"}],"event_choices":[{"damage_healed":0,"gold_gain":175,"player_choice":"AGREE","damage_taken":0,"max_hp_gain":0,"max_hp_loss":0,"event_name":"Liars Game","floor":2,"gold_loss":0,"cards_obtained":["Doubt"]},{"damage_healed":0,"gold_gain":72,"player_choice":"Gained Gold","damage_taken":0,"max_hp_gain":0,"max_hp_loss":0,"event_name":"Golden Wing","floor":4,"gold_loss":0},{"damage_healed":0,"gold_gain":0,"player_choice":"Fight","damage_taken":0,"max_hp_gain":0,"max_hp_loss":0,"event_name":"Colosseum","floor":19,"gold_loss":0},{"damage_healed":0,"gold_gain":0,"player_choice":"Fought Nobs","damage_taken":0,"max_hp_gain":0,"max_hp_loss":0,"event_name":"Colosseum","floor":19,"gold_loss":0},{"damage_healed":20,"gold_gain":0,"player_choice":"Writhe","damage_taken":0,"max_hp_gain":0,"max_hp_loss":0,"event_name":"Winding Halls","floor":38,"gold_loss":0,"cards_obtained":["Writhe"]}],"is_beta":false,"boss_relics":[{"not_picked":["Snecko Eye","Runic Pyramid"],"picked":"Inserter"},{"not_picked":["Eternal Feather","Orrery"],"picked":"Tiny House"}],"items_purged_floors":[],"is_endless":false,"potions_floor_spawned":[8,12,16,19,19,22,31,36,41,42,46,47],"ascension_level":0}