{"gold_per_floor":[144,144,144,189,189,189,279,369,394,484,529,529,529,619,619,919,919,964,1009,1009,30,30,120,210,210,210,300,345,345,395,440,440,740,740,785,5,50,83,128,518,518,518,518,21,111,111,156,456,456,456],"floor_reached":51,"playtime":4430,"items_purged":[],"score":1012,"play_id":"fc4abd19-5070-490c-b900-f6bc600de11f","local_time":"20190328105634","daily_mods":["Shiny","Flight","Midas"],"is_ascension_mode":false,"campfire_choices":[{"floor":6,"key":"REST"},{"floor":13,"key":"REST"},{"floor":15,"key":"REST"},{"floor":29,"key":"REST"},{"floor":32,"key":"REST"}],"neow_cost":"","seed_source_timestamp":0,"circlet_count":0,"master_deck":["Venomology","Corpse Explosion","Malaise","Phantasmal Killer","Die Die Die","Adrenaline","Envenom","Doppelganger+1","Burst","Wraith Form v2+1","Tools of the Trade","Night Terror","Unload","After Image","Bullet Time","Storm of Steel","Glass Knife","A Thousand Cuts","Grand Finale","Setup","Cloak And Dagger","Neutralize","Setup","Unload","Escape Plan","All Out Attack","Endless Agony","Tools of the Trade","Skewer","Acrobatics","Writhe","Thinking Ahead","Bandage Up","Dagger Spray","Turbo","Dark Embrace","RitualDagger","Normality","Cleave","Sword Boomerang","Iron Wave","Expertise","Rebound+1","Envenom","Quick Slash","Mind Blast","Poisoned Stab","Crippling Poison","White Noise","Thunderclap+1","Clumsy","Sadistic Nature","Dagger Spray","Unload","Backflip+1","Hyperbeam","White Noise"],"special_seed":17983,"relics":["Ring of the Snake","The Specimen","Darkstone Periapt","Kunai","Strawberry","Boot","Nunchaku","Cursed Key","Pen Nib","PrismaticShard","Dream Catcher","Mango","Snake Skull","Ancient Tea Set","Dodecahedron","Pantograph","Coffee Dripper","Chemical X","Bronze Scales","Incense Burner","Tough Bandages","Old Coin","Membership Card","Anchor","Omamori","Potion Belt","Unceasing Top"],"potions_floor_usage":[7,8,16,16,18,19,24,27,28,28,31,31,33,33,38,45,47,48,50],"damage_taken":[{"damage":0,"enemies":"Small Slimes","floor":1,"turns":2},{"damage":0,"enemies":"2 Louse","floor":4,"turns":1},{"damage":12,"enemies":"3 Sentries","floor":7,"turns":5},{"damage":45,"enemies":"Lagavulin","floor":8,"turns":6},{"damage":7,"enemies":"Gremlin Nob","floor":10,"turns":3},{"damage":6,"enemies":"Cultist","floor":11,"turns":3},{"damage":6,"enemies":"3 Sentries","floor":14,"turns":3},{"damage":33,"enemies":"The Guardian","floor":16,"turns":8},{"damage":0,"enemies":"3 Byrds","floor":18,"turns":2},{"damage":9,"enemies":"2 Thieves","floor":19,"turns":2},{"damage":39,"enemies":"Book of Stabbing","floor":23,"turns":4},{"damage":0,"enemies":"Gremlin Leader","floor":24,"turns":4},{"damage":27,"enemies":"Book of Stabbing","floor":27,"turns":5},{"damage":10,"enemies":"Centurion and Healer","floor":28,"turns":4},{"damage":15,"enemies":"Snake Plant","floor":31,"turns":3},{"damage":29,"enemies":"Champ","floor":33,"turns":9},{"damage":0,"enemies":"3 Shapes","floor":35,"turns":1},{"damage":26,"enemies":"3 Darklings","floor":37,"turns":3},{"damage":25,"enemies":"2 Orb Walkers","floor":38,"turns":2},{"damage":1,"enemies":"4 Shapes","floor":39,"turns":2},{"damage":34,"enemies":"Reptomancer","floor":40,"turns":4},{"damage":1,"enemies":"Giant Head","floor":45,"turns":6},{"damage":25,"enemies":"Writhing Mass","floor":47,"turns":3},{"damage":7,"enemies":"Mind Bloom Boss Battle","floor":48,"turns":4},{"damage":18,"enemies":"Donu and Deca","floor":50,"turns":5}],"seed_played":"8691496002598521880","potions_obtained":[{"floor":1,"key":"Energy Potion"},{"floor":7,"key":"LiquidBronze"},{"floor":10,"key":"Dexterity Potion"},{"floor":11,"key":"Swift Potion"},{"floor":12,"key":"Block Potion"},{"floor":19,"key":"SteroidPotion"},{"floor":27,"key":"PowerPotion"},{"floor":28,"key":"LiquidBronze"},{"floor":31,"key":"PowerPotion"},{"floor":45,"key":"LiquidBronze"},{"floor":47,"key":"Block Potion"}],"is_trial":false,"path_per_floor":["M","?","?","M","?","R","E","E","T","E","M","?","R","E","R","B",null,"M","M","?","$","?","E","E","?","T","E","M","R","?","M","R","B",null,"M","$","M","?","M","E","R","?","T","$","E","?","M","?","R","B",null],"character_chosen":"THE_SILENT","items_purchased":["PrismaticShard","Dream Catcher","Thinking Ahead","Bandage Up","Dagger Spray","Mango","Chemical X","Bronze Scales","Incense Burner","Mind Blast","Poisoned Stab","Membership Card","Anchor","Omamori","Sadistic Nature","Dagger Spray","Unload"],"campfire_rested":5,"item_purchase_floors":[21,21,21,21,21,21,36,36,36,36,36,44,44,44,44,44,44],"current_hp_per_floor":[70,67,53,53,53,70,58,13,20,13,7,7,30,24,47,14,77,77,68,74,88,69,34,38,32,38,29,23,55,55,40,72,72,108,108,108,86,61,60,30,30,30,36,36,39,100,75,93,93,86],"gold":456,"neow_bonus":"","is_prod":false,"is_daily":true,"chose_seed":false,"campfire_upgraded":0,"win_rate":0,"timestamp":1553770594,"path_taken":["M","?","?","M","?","R","E","E","T","E","?","?","R","E","R","BOSS","M","?","?","$","?","E","E","?","T","E","?","R","?","?","R","BOSS","M","$","?","?","M","E","R","?","T","?","E","?","?","?","R","BOSS"],"build_version":"2019-01-23","purchased_purges":0,"victory":true,"max_hp_per_floor":[70,70,70,70,70,70,70,70,77,77,77,77,77,77,77,77,77,77,77,83,97,102,102,102,102,108,108,108,108,108,108,108,108,108,108,108,108,108,108,108,108,108,114,114,114,100,100,100,100,100],"card_choices":[{"not_picked":["Sucker Punch","Footwork"],"picked":"Setup","floor":1},{"not_picked":["Flying Knee","PiercingWail"],"picked":"Cloak And Dagger","floor":4},{"not_picked":["Deadly Poison","Cloak And Dagger"],"picked":"Setup","floor":7},{"not_picked":["Noxious Fumes","Setup"],"picked":"Unload","floor":8},{"not_picked":["Distraction","Venomology"],"picked":"Escape Plan","floor":10},{"not_picked":["Blade Dance","Concentrate"],"picked":"All Out Attack","floor":11},{"not_picked":["Noxious Fumes","Unload"],"picked":"Endless Agony","floor":14},{"not_picked":["Grand Finale","Doppelganger"],"picked":"Tools of the Trade","floor":16},{"not_picked":["Outmaneuver","Slice"],"picked":"Skewer","floor":18},{"not_picked":["Terror+1","Sucker Punch"],"picked":"Acrobatics","floor":19},{"not_picked":["Clothesline+1","Armaments+1"],"picked":"Turbo","floor":23},{"not_picked":["Hemokinesis+1","Armaments"],"picked":"Dark Embrace","floor":24},{"not_picked":["Gash","Night Terror"],"picked":"Cleave","floor":27},{"not_picked":["Spot Weakness","Headbutt"],"picked":"Sword Boomerang","floor":28},{"not_picked":["Panacea","Heavy Blade"],"picked":"Iron Wave","floor":29},{"not_picked":["Combust+1","Redo"],"picked":"Expertise","floor":31},{"not_picked":["Sever Soul","Wild Strike+1"],"picked":"Rebound+1","floor":32},{"not_picked":["Meteor Strike","Bullet Time"],"picked":"Envenom","floor":33},{"not_picked":["Heavy Blade+1","Cloak And Dagger+1"],"picked":"Quick Slash","floor":35},{"not_picked":["Havoc","Bane"],"picked":"Crippling Poison","floor":37},{"not_picked":["Redo+1","Anger+1"],"picked":"White Noise","floor":38},{"not_picked":["Steam","Redo+1"],"picked":"Battle Trance+1","floor":39},{"not_picked":["Cloak And Dagger+1","Aggregate"],"picked":"Thunderclap+1","floor":40},{"not_picked":["Poisoned Stab+1","Prepared"],"picked":"Backflip+1","floor":45},{"not_picked":["Turbo+1","Evolve+1"],"picked":"Hyperbeam","floor":47},{"not_picked":["Sentinel","Cloak And Dagger"],"picked":"White Noise","floor":48}],"player_experience":394822,"relics_obtained":[{"floor":7,"key":"Darkstone Periapt"},{"floor":8,"key":"Kunai"},{"floor":9,"key":"Strawberry"},{"floor":10,"key":"Boot"},{"floor":14,"key":"Nunchaku"},{"floor":23,"key":"Snake Skull"},{"floor":24,"key":"Ancient Tea Set"},{"floor":26,"key":"Dodecahedron"},{"floor":27,"key":"Pantograph"},{"floor":38,"key":"Tough Bandages"},{"floor":40,"key":"Old Coin"},{"floor":45,"key":"Potion Belt"},{"floor":48,"key":"Unceasing Top"}],"event_choices":[{"damage_healed":0,"gold_gain":0,"player_choice":"Success","damage_taken":3,"relics_obtained":["The Specimen"],"max_hp_gain":0,"max_hp_loss":0,"event_name":"Scrap Ooze","floor":2,"gold_loss":0},{"damage_healed":0,"gold_gain":0,"player_choice":"Entered Light","damage_taken":14,"max_hp_gain":0,"max_hp_loss":0,"event_name":"Shining Light","floor":3,"gold_loss":0,"cards_upgraded":["Wraith Form v2","Doppelganger"]},{"damage_healed":0,"gold_gain":0,"player_choice":"1 cards matched","damage_taken":0,"max_hp_gain":0,"max_hp_loss":0,"event_name":"Match and Keep!","floor":5,"gold_loss":0,"cards_obtained":["Neutralize"]},{"damage_healed":0,"gold_gain":0,"player_choice":"Got Potions","damage_taken":0,"max_hp_gain":0,"max_hp_loss":0,"event_name":"Lab","floor":12,"gold_loss":0},{"damage_healed":0,"gold_gain":0,"player_choice":"Opened","damage_taken":0,"relics_obtained":["Pen Nib"],"max_hp_gain":0,"max_hp_loss":0,"event_name":"The Mausoleum","floor":20,"gold_loss":0,"cards_obtained":["Writhe"]},{"damage_healed":0,"gold_gain":0,"player_choice":"Shed Blood","damage_taken":24,"max_hp_gain":5,"max_hp_loss":0,"event_name":"Forgotten Altar","floor":22,"gold_loss":0},{"damage_healed":0,"gold_gain":0,"player_choice":"Joined the Cult","damage_taken":6,"max_hp_gain":0,"max_hp_loss":0,"event_name":"Nest","floor":25,"gold_loss":0,"cards_obtained":["RitualDagger"]},{"damage_healed":0,"gold_gain":100,"player_choice":"Bet on Murderer","damage_taken":0,"max_hp_gain":0,"max_hp_loss":0,"event_name":"The Joust","floor":30,"gold_loss":50},{"damage_healed":0,"gold_gain":0,"player_choice":"Fight","damage_taken":0,"max_hp_gain":0,"max_hp_loss":0,"event_name":"Mysterious Sphere","floor":38,"gold_loss":0},{"cards_removed":["Battle Trance"],"damage_healed":0,"gold_gain":0,"player_choice":"Removed Skill","damage_taken":0,"max_hp_gain":0,"max_hp_loss":0,"event_name":"Falling","floor":42,"gold_loss":0},{"damage_healed":100,"gold_gain":0,"player_choice":"Heal","damage_taken":0,"max_hp_gain":0,"max_hp_loss":14,"event_name":"The Moai Head","floor":46,"gold_loss":0},{"damage_healed":0,"gold_gain":0,"player_choice":"Fight","damage_taken":0,"max_hp_gain":0,"max_hp_loss":0,"event_name":"MindBloom","floor":48,"gold_loss":0}],"is_beta":false,"boss_relics":[{"not_picked":["Ectoplasm","Velvet Choker"],"picked":"Cursed Key"},{"not_picked":["Snecko Eye","Sozu"],"picked":"Coffee Dripper"}],"items_purged_floors":[],"is_endless":false,"potions_floor_spawned":[1,7,10,11,14,19,27,28,31,45,47],"ascension_level":0}