{"gold_per_floor":[117,117,130,130,95,129,129,143,191,219,219,74,91,105,105,202,202,202,127,127,127,49,49,49,49,49,49],"floor_reached":27,"playtime":878,"items_purged":["Strike_B"],"score":301,"play_id":"95520514-428d-4493-b7c5-251e926490ff","local_time":"20190626020858","is_ascension_mode":true,"campfire_choices":[{"data":"Multi-Cast","floor":7,"key":"SMITH"},{"floor":15,"key":"REST"},{"data":"Self Repair","floor":23,"key":"SMITH"}],"neow_cost":"NONE","seed_source_timestamp":1002514029893600,"circlet_count":0,"master_deck":["Defend_B","Defend_B+1","Defend_B","Defend_B+1","Zap+1","Dualcast","Coolheaded","Gash","Multi-Cast+1","Gash","Ball Lightning","Self Repair+1","White Noise","Static Discharge","Echo Form","Force Field+1","Static Discharge","Capacitor+1","Genetic Algorithm+1"],"relics":["Cracked Core","Pen Nib","Lantern","Mummified Hand","Ectoplasm","Art of War","The Courier"],"potions_floor_usage":[10,14,16],"damage_taken":[{"damage":10,"enemies":"Small Slimes","floor":1,"turns":3},{"damage":1,"enemies":"2 Louse","floor":3,"turns":3},{"damage":23,"enemies":"3 Sentries","floor":6,"turns":9},{"damage":1,"enemies":"Cultist","floor":8,"turns":3},{"damage":30,"enemies":"Gremlin Nob","floor":10,"turns":4},{"damage":0,"enemies":"Looter","floor":13,"turns":2},{"damage":17,"enemies":"Exordium Wildlife","floor":14,"turns":4},{"damage":12,"enemies":"Slime Boss","floor":16,"turns":4},{"damage":16,"enemies":"Shell Parasite","floor":18,"turns":4},{"damage":8,"enemies":"3 Byrds","floor":21,"turns":3},{"damage":49,"enemies":"Slavers","floor":24,"turns":4},{"damage":1,"enemies":"Centurion and Healer","floor":25,"turns":8},{"damage":51,"enemies":"Gremlin Leader","floor":27,"turns":2}],"seed_played":"-576163862861724409","potions_obtained":[{"floor":3,"key":"Swift Potion"},{"floor":6,"key":"Regen Potion"},{"floor":13,"key":"PowerPotion"},{"floor":16,"key":"FearPotion"},{"floor":24,"key":"SneckoOil"},{"floor":25,"key":"Strength Potion"}],"is_trial":false,"path_per_floor":["M","?","M","?","?","E","R","M","T","E","?","$","M","M","R","B",null,"M","?","?","M","$","R","E","M","T","E"],"character_chosen":"DEFECT","items_purchased":["Self Repair","Static Discharge"],"campfire_rested":1,"item_purchase_floors":[12,22],"current_hp_per_floor":[72,65,64,48,68,45,45,44,44,14,14,14,21,23,47,35,70,68,68,68,74,74,74,35,44,44,0],"gold":49,"neow_bonus":"TEN_PERCENT_HP_BONUS","is_prod":false,"is_daily":false,"chose_seed":false,"campfire_upgraded":2,"win_rate":0,"timestamp":1561529338,"path_taken":["M","?","M","?","?","E","R","M","T","E","?","$","M","M","R","BOSS","M","?","?","M","$","R","E","M","T","E"],"build_version":"2019-01-23","purchased_purges":1,"victory":false,"max_hp_per_floor":[82,82,82,82,82,82,82,82,82,82,82,82,82,82,82,82,82,82,82,82,82,82,82,82,82,82,82],"card_choices":[{"not_picked":["Redo","Go for the Eyes"],"picked":"Coolheaded","floor":1},{"not_picked":["Turbo","Sweeping Beam"],"picked":"Gash","floor":3},{"not_picked":["Skim","Redo"],"picked":"Multi-Cast","floor":6},{"not_picked":["Beam Cell","Hologram"],"picked":"Gash","floor":8},{"not_picked":["Coolheaded","Leap"],"picked":"Ball Lightning","floor":10},{"not_picked":["Blizzard","Steam"],"picked":"White Noise","floor":13},{"not_picked":["Streamline","Beam Cell"],"picked":"Static Discharge","floor":14},{"not_picked":["Hyperbeam","Multi-Cast"],"picked":"Echo Form","floor":16},{"not_picked":["Barrage","FTL","Beam Cell"],"picked":"SKIP","floor":18},{"not_picked":["Ball Lightning+1","Rebound"],"picked":"Force Field+1","floor":21},{"not_picked":["Glacier","Reboot"],"picked":"Capacitor+1","floor":24},{"not_picked":["Steam+1","Redo"],"picked":"Genetic Algorithm+1","floor":25}],"player_experience":282666,"relics_obtained":[{"floor":6,"key":"Pen Nib"},{"floor":9,"key":"Lantern"},{"floor":10,"key":"Mummified Hand"},{"floor":24,"key":"Art of War"},{"floor":26,"key":"The Courier"}],"event_choices":[{"cards_removed":["Strike_B"],"damage_healed":0,"gold_gain":0,"player_choice":"Card Removal","damage_taken":7,"max_hp_gain":0,"max_hp_loss":0,"event_name":"Golden Wing","floor":2,"gold_loss":0},{"damage_healed":0,"gold_gain":0,"player_choice":"Entered Light","damage_taken":16,"max_hp_gain":0,"max_hp_loss":0,"event_name":"Shining Light","floor":4,"gold_loss":0,"cards_upgraded":["Defend_B","Defend_B"]},{"damage_healed":20,"gold_gain":0,"player_choice":"Healed","damage_taken":0,"max_hp_gain":0,"max_hp_loss":0,"event_name":"The Cleric","floor":5,"gold_loss":35},{"damage_healed":0,"gold_gain":0,"player_choice":"Forge","damage_taken":0,"max_hp_gain":0,"max_hp_loss":0,"event_name":"Accursed Blacksmith","floor":11,"gold_loss":0,"cards_upgraded":["Zap"]},{"cards_removed":["Strike_B"],"damage_healed":0,"gold_gain":0,"player_choice":"Gave Gold","damage_taken":0,"max_hp_gain":0,"max_hp_loss":0,"event_name":"Beggar","floor":19,"gold_loss":75},{"cards_removed":["Strike_B"],"damage_healed":0,"gold_gain":0,"player_choice":"Elegance","damage_taken":0,"max_hp_gain":0,"max_hp_loss":0,"event_name":"Back to Basics","floor":20,"gold_loss":0}],"is_beta":false,"boss_relics":[{"not_picked":["Calling Bell","Astrolabe"],"picked":"Ectoplasm"}],"items_purged_floors":[12],"is_endless":false,"potions_floor_spawned":[3,6,13,16,24,25],"killed_by":"Gremlin Leader","ascension_level":5}