{"gold_per_floor":[368,94,4,24,42,42,19,36,59,59,59,92,92,103,103,103],"floor_reached":16,"playtime":1113,"items_purged":["Parasite"],"score":153,"play_id":"ad533918-1f85-4307-94e3-4e14982a8760","local_time":"20190627191425","is_ascension_mode":true,"campfire_choices":[{"data":"Neutralize","floor":6,"key":"SMITH"},{"data":"Dagger Spray","floor":10,"key":"SMITH"},{"floor":13,"key":"REST"},{"data":"Night Terror","floor":15,"key":"SMITH"}],"neow_cost":"CURSE","seed_source_timestamp":0,"circlet_count":0,"master_deck":["AscendersBane","Defend_G","Defend_G","Defend_G","Defend_G","Defend_G","Strike_G","Strike_G","Strike_G","Strike_G","Survivor","Neutralize+1","Dagger Spray+1","Night Terror+1","Backflip"],"special_seed":0,"relics":["Ring of the Snake","Toy Ornithopter","Omamori","Art of War","Bag of Preparation"],"potions_floor_usage":[12,16,16],"damage_taken":[{"damage":11.0,"enemies":"Jaw Worm","floor":1.0,"turns":7.0},{"damage":4,"enemies":"Cultist","floor":4,"turns":5},{"damage":0,"enemies":"2 Louse","floor":5,"turns":2},{"damage":25,"enemies":"Exordium Thugs","floor":7,"turns":5},{"damage":4,"enemies":"Exordium Wildlife","floor":8,"turns":7},{"damage":21,"enemies":"Gremlin Nob","floor":12,"turns":4},{"damage":0,"enemies":"Lots of Slimes","floor":14,"turns":1},{"damage":35,"enemies":"Slime Boss","floor":16,"turns":10}],"seed_played":"-5935862321258918198","potions_obtained":[{"floor":1.0,"key":"AttackPotion"},{"floor":7,"key":"Explosive Potion"},{"floor":8,"key":"EssenceOfSteel"}],"is_trial":false,"path_per_floor":["M","$","?","M","M","R","M","M","T","R","?","E","R","M","R","B"],"character_chosen":"THE_SILENT","items_purchased":["Toy Ornithopter"],"campfire_rested":1,"item_purchase_floors":[2],"current_hp_per_floor":[52,52,52,48,48,48,23,19,19,19,19,3,23,23,23,0],"gold":103,"neow_bonus":"TWO_FIFTY_GOLD","is_prod":false,"is_daily":false,"chose_seed":false,"campfire_upgraded":3,"win_rate":0,"timestamp":1561677265,"path_taken":["M","$","?","M","M","R","?","M","T","R","?","E","R","?","R","BOSS"],"build_version":"2019-01-23","purchased_purges":1,"victory":false,"max_hp_per_floor":[70,67,67,67,67,67,67,67,67,67,67,67,67,67,67,67],"card_choices":[{"not_picked":["Outmaneuver","Quick Slash","Endless Agony"],"picked":"SKIP","floor":1.0},{"not_picked":["Prepared","Flechettes","Cloak And Dagger"],"picked":"SKIP","floor":4},{"not_picked":["Poisoned Stab","Deadly Poison","Bane"],"picked":"SKIP","floor":5},{"not_picked":["All Out Attack","Flechettes"],"picked":"Dagger Spray","floor":7},{"not_picked":["Expertise","Backstab","Predator"],"picked":"SKIP","floor":8},{"not_picked":["Prepared","PiercingWail"],"picked":"Night Terror","floor":12},{"not_picked":["Dodge and Roll","Tactician"],"picked":"Backflip","floor":14}],"player_experience":112162,"relics_obtained":[{"floor":9,"key":"Art of War"},{"floor":12,"key":"Bag of Preparation"}],"event_choices":[{"damage_healed":0,"gold_gain":0,"player_choice":"Paid Gold","damage_taken":0,"relics_obtained":["Omamori"],"max_hp_gain":0,"max_hp_loss":0,"event_name":"WeMeetAgain","floor":3,"gold_loss":90},{"cards_removed":["Strike_G"],"damage_healed":0,"gold_gain":0,"player_choice":"Offered Basic","damage_taken":0,"max_hp_gain":0,"max_hp_loss":0,"event_name":"Bonfire Elementals","floor":11,"gold_loss":0}],"is_beta":false,"boss_relics":[],"items_purged_floors":[2],"is_endless":false,"potions_floor_spawned":[1,7,8],"killed_by":"Slime Boss","ascension_level":10}