{"gold_per_floor":[110,125,140,140,154,154,173,198,198,215,235,245,264,264,264,360,360,375,375],"floor_reached":19,"playtime":1931,"items_purged":[],"score":184,"play_id":"bc1061f2-b1fb-456b-b756-81a37f03bd46","local_time":"20190217190004","is_ascension_mode":true,"campfire_choices":[{"floor":6,"key":"REST"},{"floor":15,"key":"REST"}],"neow_cost":"NONE","seed_source_timestamp":47648302330600,"circlet_count":0,"master_deck":["Strike_B","Strike_B","Strike_B","Strike_B","Defend_B","Defend_B","Defend_B","Defend_B","Zap","Streamline","Beam Cell","Coolheaded","Undo","Gash","FTL","Static Discharge","Cold Snap","Self Repair","Ball Lightning","Coolheaded","Regret","White Noise","Thunder Strike","Barrage"],"relics":["Cracked Core","Dream Catcher","Blue Candle","Centennial Puzzle","Inserter"],"potions_floor_usage":[16,16,16,19],"damage_taken":[{"damage":10,"enemies":"Small Slimes","floor":1,"turns":3},{"damage":6,"enemies":"Cultist","floor":2,"turns":3},{"damage":5,"enemies":"2 Louse","floor":3,"turns":2},{"damage":8,"enemies":"2 Fungi Beasts","floor":5,"turns":3},{"damage":13,"enemies":"Large Slime","floor":7,"turns":5},{"damage":31,"enemies":"Gremlin Nob","floor":8,"turns":4},{"damage":10,"enemies":"Exordium Thugs","floor":10,"turns":4},{"damage":13,"enemies":"2 Fungi Beasts","floor":11,"turns":3},{"damage":4,"enemies":"Looter","floor":12,"turns":3},{"damage":0,"enemies":"Large Slime","floor":13,"turns":4},{"damage":23,"enemies":"Hexaghost","floor":16,"turns":10},{"damage":20,"enemies":"3 Byrds","floor":18,"turns":4},{"damage":40,"enemies":"Colosseum Slavers","floor":19,"turns":5},{"damage":44,"enemies":"Colosseum Nobs","floor":19,"turns":3}],"seed_played":"6881861598773109253","potions_obtained":[{"floor":1,"key":"Swift Potion"},{"floor":3,"key":"Dexterity Potion"},{"floor":7,"key":"AttackPotion"},{"floor":11,"key":"Fire Potion"},{"floor":16,"key":"Explosive Potion"}],"is_trial":false,"path_per_floor":["M","M","M","?","M","R","M","E","T","M","M","M","M","?","R","B",null,"M","?"],"character_chosen":"DEFECT","items_purchased":[],"campfire_rested":2,"item_purchase_floors":[],"current_hp_per_floor":[72,66,61,61,53,77,64,33,33,23,10,13,20,20,44,28,82,69,0],"gold":375,"neow_bonus":"TEN_PERCENT_HP_BONUS","is_prod":false,"is_daily":false,"chose_seed":false,"campfire_upgraded":0,"win_rate":0,"timestamp":1550430004,"path_taken":["M","M","M","?","?","R","M","E","T","M","M","?","M","?","R","BOSS","M","?"],"build_version":"2019-01-23","purchased_purges":0,"victory":false,"max_hp_per_floor":[82,82,82,82,82,82,82,82,82,82,82,82,82,82,82,82,82,82,82],"card_choices":[{"not_picked":["Reinforced Body","Steam"],"picked":"Streamline","floor":1},{"not_picked":["Go for the Eyes","Compile Driver"],"picked":"Beam Cell","floor":2},{"not_picked":["Gash","Meteor Strike"],"picked":"Coolheaded","floor":3},{"not_picked":["Hologram","Stack"],"picked":"Gash","floor":5},{"not_picked":["Stack","Leap"],"picked":"FTL","floor":7},{"not_picked":["Scrape","Compile Driver"],"picked":"Static Discharge","floor":8},{"not_picked":["Go for the Eyes","Recycle"],"picked":"Cold Snap","floor":10},{"not_picked":["Conserve Battery","Beam Cell"],"picked":"Self Repair","floor":11},{"not_picked":["Hyperbeam","Steam"],"picked":"Ball Lightning","floor":12},{"not_picked":["Beam Cell","Streamline"],"picked":"Coolheaded","floor":13},{"not_picked":["Coolheaded","Rip and Tear"],"picked":"White Noise","floor":15},{"not_picked":["Fission","Meteor Strike"],"picked":"Thunder Strike","floor":16},{"not_picked":["Conserve Battery","Turbo+1"],"picked":"Barrage","floor":18}],"player_experience":132083,"relics_obtained":[{"floor":8,"key":"Dream Catcher"},{"floor":9,"key":"Blue Candle"}],"event_choices":[{"damage_healed":0,"gold_gain":0,"cards_transformed":["Dualcast"],"player_choice":"Transformed","damage_taken":0,"max_hp_gain":0,"max_hp_loss":0,"event_name":"Transmorgrifier","floor":4,"gold_loss":0,"cards_obtained":["Undo"]},{"damage_healed":0,"gold_gain":0,"player_choice":"Box","damage_taken":0,"relics_obtained":["Centennial Puzzle"],"max_hp_gain":0,"max_hp_loss":0,"event_name":"Big Fish","floor":14,"gold_loss":0,"cards_obtained":["Regret"]},{"damage_healed":0,"gold_gain":0,"player_choice":"Fight","damage_taken":0,"max_hp_gain":0,"max_hp_loss":0,"event_name":"Colosseum","floor":19,"gold_loss":0},{"damage_healed":0,"gold_gain":0,"player_choice":"Fought Nobs","damage_taken":0,"max_hp_gain":0,"max_hp_loss":0,"event_name":"Colosseum","floor":19,"gold_loss":0}],"is_beta":false,"boss_relics":[{"not_picked":["Snecko Eye","Cursed Key"],"picked":"Inserter"}],"items_purged_floors":[],"is_endless":false,"potions_floor_spawned":[1,3,7,11,16,19],"killed_by":"Colosseum Nobs","ascension_level":1}