{"gold_per_floor":[109,30,30,40,50,50,140,140],"floor_reached":8,"playtime":768,"items_purged":[],"score":62,"play_id":"b36d5d50-9415-47d0-b816-f0f7049123fc","local_time":"20190627110544","is_ascension_mode":true,"campfire_choices":[{"data":"Footwork","floor":6,"key":"SMITH"}],"neow_cost":"NONE","seed_source_timestamp":170185858175000,"circlet_count":0,"master_deck":["Defend_G","Defend_G","Defend_G","Defend_G","Defend_G","Strike_G","Strike_G","Strike_G","Strike_G","Strike_G","Survivor","Neutralize","Footwork+1","Night Terror","Dodge and Roll"],"relics":["Ring of the Snake","Ancient Tea Set","Tiny Chest"],"potions_floor_usage":[],"damage_taken":[{"damage":0,"enemies":"Small Slimes","floor":1,"turns":4},{"damage":7,"enemies":"Cultist","floor":4,"turns":5},{"damage":6,"enemies":"Jaw Worm","floor":5,"turns":9},{"damage":49,"enemies":"Gremlin Nob","floor":7,"turns":7},{"damage":2,"enemies":"3 Louse","floor":8,"turns":6}],"seed_played":"2971993315578639402","potions_obtained":[{"floor":4,"key":"Ancient Potion"},{"floor":5,"key":"Dexterity Potion"}],"is_trial":false,"path_per_floor":["M","$","?","M","M","R","?","M"],"character_chosen":"THE_SILENT","items_purchased":["Footwork"],"campfire_rested":0,"item_purchase_floors":[2],"current_hp_per_floor":[63,63,63,56,50,50,1,0],"gold":140,"neow_bonus":"RANDOM_COMMON_RELIC","is_prod":false,"is_daily":false,"chose_seed":false,"campfire_upgraded":1,"win_rate":0,"timestamp":1561647944,"path_taken":["M","$","?","?","M","R","?","M"],"build_version":"2019-01-23","purchased_purges":0,"victory":false,"max_hp_per_floor":[70,70,70,70,70,70,70,70],"card_choices":[{"not_picked":["Bane","Poisoned Stab","Flying Knee"],"picked":"SKIP","floor":1},{"not_picked":["Dagger Throw","Deadly Poison"],"picked":"Dodge and Roll","floor":4},{"not_picked":["Acrobatics","Deadly Poison","Quick Slash"],"picked":"SKIP","floor":5}],"player_experience":91128,"relics_obtained":[{"floor":7,"key":"Tiny Chest"}],"event_choices":[{"damage_healed":0,"gold_gain":0,"player_choice":"1 cards matched","damage_taken":0,"max_hp_gain":0,"max_hp_loss":0,"event_name":"Match and Keep!","floor":3,"gold_loss":0,"cards_obtained":["Night Terror"]},{"damage_healed":0,"gold_gain":30,"player_choice":"Searched \u00273\u0027 times","damage_taken":0,"max_hp_gain":0,"max_hp_loss":0,"event_name":"Dead Adventurer","floor":7,"gold_loss":0}],"is_beta":false,"boss_relics":[],"items_purged_floors":[],"is_endless":false,"potions_floor_spawned":[4,5],"killed_by":"3 Louse","ascension_level":7}