{"gold_per_floor":[114,114,129,304,319,349,349,379,379,409,122,122],"floor_reached":12,"playtime":1116,"items_purged":[],"score":96,"play_id":"3bbd986a-31ec-47fd-9dbe-a396f6d630c0","local_time":"20190306220234","daily_mods":["Heirloom","ControlledChaos","Elite Swarm"],"is_ascension_mode":false,"campfire_choices":[],"neow_cost":"","seed_source_timestamp":0,"circlet_count":0,"master_deck":["Defend_G","Defend_G","Defend_G+1","Defend_G+1","Defend_G","Strike_G","Strike_G","Strike_G","Strike_G","Strike_G","Survivor","Neutralize","Acrobatics","Outmaneuver","Doubt","Sucker Punch","After Image+1","Venomology","Adrenaline","Bandage Up"],"special_seed":17961,"relics":["Ring of the Snake","Frozen Eye","Tingsha","War Paint","Letter Opener","Kunai","Question Card","OrangePellets"],"potions_floor_usage":[6,8,10,12],"damage_taken":[{"damage":0.0,"enemies":"2 Louse","floor":1.0,"turns":2.0},{"damage":0,"enemies":"Small Slimes","floor":3,"turns":4},{"damage":0,"enemies":"Cultist","floor":5,"turns":3},{"damage":11,"enemies":"3 Sentries","floor":6,"turns":7},{"damage":34,"enemies":"Gremlin Nob","floor":8,"turns":5},{"damage":10,"enemies":"Lagavulin","floor":10,"turns":6},{"damage":25,"enemies":"Gremlin Nob","floor":12,"turns":4}],"seed_played":"-6581969108065281065","potions_obtained":[{"floor":1,"key":"Regen Potion"},{"floor":6,"key":"Dexterity Potion"}],"is_trial":false,"path_per_floor":["M","?","M","?","M","E","?","E","T","E","$","E"],"character_chosen":"THE_SILENT","items_purchased":["Bandage Up","OrangePellets"],"campfire_rested":0,"item_purchase_floors":[11,11],"current_hp_per_floor":[70,70,70,70,70,64,64,30,30,20,20,0],"gold":122,"neow_bonus":"","is_prod":false,"is_daily":true,"chose_seed":false,"campfire_upgraded":0,"win_rate":0,"timestamp":1551909754,"path_taken":["M","?","M","?","M","E","?","E","T","E","$","E"],"build_version":"2019-01-23","purchased_purges":0,"victory":false,"max_hp_per_floor":[70,70,70,70,70,70,70,70,70,70,70,70],"card_choices":[{"not_picked":["Expertise","Well Laid Plans"],"picked":"Acrobatics","floor":1},{"not_picked":["Bouncing Flask","Skewer"],"picked":"Outmaneuver","floor":3},{"not_picked":["Skewer","Crippling Poison"],"picked":"Sucker Punch","floor":5},{"not_picked":["Doppelganger","Unload"],"picked":"After Image","floor":6},{"not_picked":["Burst","Unload"],"picked":"Venomology","floor":8},{"not_picked":["Grand Finale","Wraith Form v2"],"picked":"Adrenaline","floor":10}],"player_experience":258145,"relics_obtained":[{"floor":6,"key":"War Paint"},{"floor":8,"key":"Letter Opener"},{"floor":9,"key":"Kunai"},{"floor":10,"key":"Question Card"}],"event_choices":[{"damage_healed":0,"gold_gain":0,"player_choice":"Ignored","damage_taken":0,"max_hp_gain":0,"max_hp_loss":0,"event_name":"Golden Wing","floor":2,"gold_loss":0},{"damage_healed":0,"gold_gain":175,"player_choice":"AGREE","damage_taken":0,"max_hp_gain":0,"max_hp_loss":0,"event_name":"Liars Game","floor":4,"gold_loss":0,"cards_obtained":["Doubt"]},{"damage_healed":0,"gold_gain":0,"player_choice":"Upgraded","damage_taken":0,"max_hp_gain":0,"max_hp_loss":0,"event_name":"Upgrade Shrine","floor":7,"gold_loss":0,"cards_upgraded":["After Image"]}],"is_beta":false,"boss_relics":[],"items_purged_floors":[],"is_endless":false,"potions_floor_spawned":[1,6],"killed_by":"Gremlin Nob","ascension_level":0}