{"gold_per_floor":[143,153,153,78,78,122,122,184,184,228,281,281,295,319,319,447,447,471,484,484,502,516,516],"floor_reached":23,"playtime":741,"items_purged":["Strike_B"],"score":251,"play_id":"069c74c2-864e-458e-a765-d2e81eff2c13","local_time":"20190626023532","is_ascension_mode":true,"campfire_choices":[{"floor":7,"key":"REST"},{"floor":12,"key":"REST"},{"floor":15,"key":"REST"}],"neow_cost":"NONE","seed_source_timestamp":1004245464657400,"circlet_count":0,"master_deck":["Strike_B","Strike_B","Strike_B","Defend_B","Defend_B","Defend_B","Defend_B","Zap","Dualcast","Static Discharge","Doom and Gloom","Defragment","Consume","Glacier","Streamline","Seek","Coolheaded+1","Hologram+1"],"relics":["Cracked Core","Tiny Chest","Golden Idol","Bottled Tornado","Centennial Puzzle","Art of War","Blue Candle","Bag of Marbles","Inserter"],"potions_floor_usage":[23,23,23],"damage_taken":[{"damage":4,"enemies":"Small Slimes","floor":1,"turns":4},{"damage":2,"enemies":"Jaw Worm","floor":2,"turns":3},{"damage":30,"enemies":"Lagavulin","floor":6,"turns":5},{"damage":26,"enemies":"Gremlin Nob","floor":10,"turns":4},{"damage":2,"enemies":"2 Louse","floor":13,"turns":2},{"damage":22,"enemies":"Exordium Wildlife","floor":14,"turns":3},{"damage":17,"enemies":"The Guardian","floor":16,"turns":9},{"damage":4,"enemies":"Spheric Guardian","floor":18,"turns":6},{"damage":7,"enemies":"Chosen","floor":19,"turns":5},{"damage":37,"enemies":"3 Cultists","floor":21,"turns":5},{"damage":5,"enemies":"Snecko","floor":22,"turns":5},{"damage":8,"enemies":"Book of Stabbing","floor":23,"turns":7}],"seed_played":"-2168567238402133781","potions_obtained":[{"floor":1,"key":"SkillPotion"},{"floor":6,"key":"AttackPotion"},{"floor":13,"key":"Dexterity Potion"},{"floor":19,"key":"Strength Potion"}],"is_trial":false,"path_per_floor":["M","M","?","$","T","E","R","?","T","E","T","R","M","M","R","B",null,"M","M","?","M","M","E"],"character_chosen":"DEFECT","items_purchased":[],"campfire_rested":3,"item_purchase_floors":[],"current_hp_per_floor":[71,69,51,51,51,21,43,43,43,17,17,39,37,15,37,20,61,57,50,50,13,8,0],"gold":516,"neow_bonus":"RANDOM_COMMON_RELIC","is_prod":false,"is_daily":false,"chose_seed":false,"campfire_upgraded":0,"win_rate":0,"timestamp":1561530932,"path_taken":["M","M","?","$","?","E","R","?","T","E","?","R","?","?","R","BOSS","M","M","?","M","?","E"],"build_version":"2019-01-23","purchased_purges":1,"victory":false,"max_hp_per_floor":[75,75,75,75,75,75,75,75,75,75,75,75,75,75,75,75,75,75,75,75,75,75,75],"card_choices":[{"not_picked":["Rebound","Compile Driver"],"picked":"Static Discharge","floor":1},{"not_picked":["Skim","Darkness"],"picked":"Doom and Gloom","floor":2},{"not_picked":["Stack","Darkness"],"picked":"Defragment","floor":6},{"not_picked":["Auto Shields","Turbo"],"picked":"Consume","floor":10},{"not_picked":["Rebound","Sweeping Beam"],"picked":"Glacier","floor":13},{"not_picked":["Compile Driver","Barrage"],"picked":"Streamline","floor":14},{"not_picked":["Multi-Cast","Thunder Strike"],"picked":"Seek","floor":16},{"not_picked":["Beam Cell","Reprogram","Streamline+1"],"picked":"SKIP","floor":18},{"not_picked":["Ball Lightning","Melter"],"picked":"Coolheaded+1","floor":19},{"not_picked":["Gash","Coolheaded","Stack"],"picked":"SKIP","floor":21},{"not_picked":["Redo","Beam Cell"],"picked":"Hologram+1","floor":22}],"player_experience":284376,"relics_obtained":[{"floor":5,"key":"Bottled Tornado"},{"floor":6,"key":"Centennial Puzzle"},{"floor":9,"key":"Art of War"},{"floor":10,"key":"Blue Candle"},{"floor":11,"key":"Bag of Marbles"}],"event_choices":[{"damage_healed":0,"gold_gain":0,"player_choice":"Take Damage","damage_taken":18,"relics_obtained":["Golden Idol"],"max_hp_gain":0,"max_hp_loss":0,"event_name":"Golden Idol","floor":3,"gold_loss":0},{"damage_healed":0,"gold_gain":62,"player_choice":"Gained Gold","damage_taken":0,"max_hp_gain":0,"max_hp_loss":0,"event_name":"Golden Wing","floor":8,"gold_loss":0},{"damage_healed":0,"gold_gain":0,"player_choice":"Ignored","damage_taken":0,"max_hp_gain":0,"max_hp_loss":0,"event_name":"N\u0027loth","floor":20,"gold_loss":0}],"is_beta":false,"boss_relics":[{"not_picked":["Empty Cage","Sozu"],"picked":"Inserter"}],"items_purged_floors":[4],"is_endless":false,"potions_floor_spawned":[1,6,13,19],"killed_by":"Book of Stabbing","ascension_level":5}