{"gold_per_floor":[113,2,2,2,2,35,50,66,89,89,89,125,43,58,58,184,184,209,233,233,233,257,257,270,270,270,270],"floor_reached":27,"playtime":984,"items_purged":[],"score":308,"play_id":"5af144d9-3a43-4ec0-989b-e624e7f0ace6","local_time":"20190519130950","is_ascension_mode":true,"campfire_choices":[{"data":"Noxious Fumes","floor":11,"key":"SMITH"},{"data":"Footwork","floor":15,"key":"SMITH"},{"floor":23,"key":"REST"},{"floor":25,"key":"REST"}],"neow_cost":"NONE","seed_source_timestamp":144569530745500,"circlet_count":0,"master_deck":["Survivor","Neutralize","Dagger Spray","Noxious Fumes+1","Crippling Poison+1","PiercingWail","Footwork+1","Calculated Gamble","Footwork+1","After Image","Endless Agony","Blur","Adrenaline","Blade Dance","Choke","Escape Plan","Wraith Form v2","Concentrate","Unload","Deflect","Deadly Poison","Caltrops+1"],"relics":["Ring of the Snake","NeowsBlessing","Golden Idol","War Paint","Omamori","Pen Nib","Pandora\u0027s Box","Orichalcum","Necronomicon","Dream Catcher"],"potions_floor_usage":[27],"damage_taken":[{"damage":0,"enemies":"2 Louse","floor":1,"turns":1},{"damage":0,"enemies":"3 Sentries","floor":6,"turns":1},{"damage":0,"enemies":"Jaw Worm","floor":7,"turns":1},{"damage":0,"enemies":"Cultist","floor":8,"turns":4},{"damage":5,"enemies":"Lagavulin","floor":12,"turns":7},{"damage":0,"enemies":"Blue Slaver","floor":14,"turns":5},{"damage":7,"enemies":"The Guardian","floor":16,"turns":11},{"damage":17,"enemies":"3 Byrds","floor":18,"turns":5},{"damage":20,"enemies":"2 Thieves","floor":19,"turns":4},{"damage":3,"enemies":"Centurion and Healer","floor":22,"turns":7},{"damage":9,"enemies":"Snecko","floor":24,"turns":6},{"damage":48,"enemies":"Slavers","floor":27,"turns":4}],"seed_played":"-2951809318945681333","potions_obtained":[{"floor":6,"key":"Block Potion"},{"floor":7,"key":"Dexterity Potion"},{"floor":12,"key":"Block Potion"},{"floor":16,"key":"SkillPotion"}],"is_trial":false,"path_per_floor":["M","$","?","?","?","E","M","M","T","?","R","E","$","M","R","B",null,"M","M","?","?","M","R","M","R","T","E"],"character_chosen":"THE_SILENT","items_purchased":["Noxious Fumes","Crippling Poison","Footwork"],"campfire_rested":2,"item_purchase_floors":[2,2,13],"current_hp_per_floor":[70,70,53,58,58,58,58,58,58,58,58,53,53,53,53,46,68,51,31,31,15,12,34,25,47,47,0],"gold":270,"neow_bonus":"THREE_ENEMY_KILL","is_prod":false,"is_daily":false,"chose_seed":false,"campfire_upgraded":2,"win_rate":0,"timestamp":1558285790,"path_taken":["M","$","?","?","?","E","M","?","T","?","R","E","?","M","R","BOSS","M","?","?","?","M","R","M","R","T","E"],"build_version":"2019-01-23","purchased_purges":0,"victory":false,"max_hp_per_floor":[70,70,70,75,75,75,75,75,75,75,75,75,75,75,75,75,75,75,75,75,75,75,75,75,75,75,75],"card_choices":[{"not_picked":["Concentrate","Masterful Stab"],"picked":"Dagger Spray","floor":1},{"not_picked":["Prepared","Outmaneuver"],"picked":"PiercingWail","floor":6},{"not_picked":["Dash","Tactician"],"picked":"Footwork","floor":7},{"not_picked":["Prepared","Endless Agony","Bane"],"picked":"SKIP","floor":8},{"not_picked":["Quick Slash","Slice"],"picked":"Calculated Gamble","floor":12},{"not_picked":["Sucker Punch","Infinite Blades","Distraction"],"picked":"SKIP","floor":14},{"not_picked":["Unload","Envenom"],"picked":"After Image","floor":16},{"not_picked":["Dagger Spray","Slice"],"picked":"Deadly Poison","floor":18},{"not_picked":["Accuracy","Riddle With Holes"],"picked":"Caltrops+1","floor":19},{"not_picked":["Prepared","Quick Slash","Sucker Punch"],"picked":"SKIP","floor":22},{"not_picked":["Outmaneuver","Dagger Throw","Prepared"],"picked":"SKIP","floor":24}],"player_experience":225371,"relics_obtained":[{"floor":6,"key":"War Paint"},{"floor":9,"key":"Omamori"},{"floor":12,"key":"Pen Nib"},{"floor":21,"key":"Necronomicon"},{"floor":26,"key":"Dream Catcher"}],"event_choices":[{"damage_healed":0,"gold_gain":0,"player_choice":"Take Damage","damage_taken":17,"relics_obtained":["Golden Idol"],"max_hp_gain":0,"max_hp_loss":0,"event_name":"Golden Idol","floor":3,"gold_loss":0},{"damage_healed":0,"gold_gain":0,"player_choice":"Donut","damage_taken":0,"max_hp_gain":5,"max_hp_loss":0,"event_name":"Big Fish","floor":4,"gold_loss":0},{"damage_healed":0,"gold_gain":0,"player_choice":"Leave","damage_taken":0,"max_hp_gain":0,"max_hp_loss":0,"event_name":"The Cleric","floor":5,"gold_loss":0},{"damage_healed":0,"gold_gain":0,"player_choice":"Grow","damage_taken":0,"max_hp_gain":0,"max_hp_loss":0,"event_name":"Living Wall","floor":10,"gold_loss":0,"cards_upgraded":["Footwork"]},{"damage_healed":0,"gold_gain":0,"player_choice":"Stole Relic","damage_taken":0,"relics_obtained":["Orichalcum"],"max_hp_gain":0,"max_hp_loss":0,"event_name":"Addict","floor":20,"gold_loss":0,"cards_obtained":["Shame"]},{"damage_healed":0,"gold_gain":0,"player_choice":"Obtained Book","damage_taken":16,"max_hp_gain":0,"max_hp_loss":0,"event_name":"Cursed Tome","floor":21,"gold_loss":0}],"is_beta":false,"boss_relics":[{"not_picked":["Ectoplasm","Empty Cage"],"picked":"Pandora\u0027s Box"}],"items_purged_floors":[],"is_endless":false,"potions_floor_spawned":[6,7,12,16,18,19],"killed_by":"Slavers","ascension_level":5}