{"gold_per_floor":[116,116,116,132,132,164,164,164,164,180,180,210,221,250,250,349,349,359,319,332,332,346,346,373,373,373,86,99,133,147,162,162,266,266,281,556,576,576,596,628,643,643,668,698,417,417,417,417,417,8,38,38],"floor_reached":52,"playtime":4727,"items_purged":[],"score":895,"play_id":"4cb7ea0e-487e-45ef-8517-1def10ae4e46","local_time":"20190220221424","is_ascension_mode":true,"campfire_choices":[{"floor":7.0,"key":"REST"},{"floor":15.0,"key":"RECALL"},{"floor":23.0,"key":"REST"},{"floor":32.0,"key":"REST"},{"floor":42,"key":"REST"},{"floor":49,"key":"REST"}],"neow_cost":"NONE","seed_source_timestamp":0,"circlet_count":0,"master_deck":["Defend_G","Defend_G","Defend_G","Defend_G","Strike_G","Strike_G","Strike_G","Strike_G","Strike_G","Survivor","Neutralize+1","Slice","Slice","After Image+1","Backflip","All Out Attack","Blade Dance","Skewer","Quick Slash+1","After Image","Slice+1","Predator+1","Backstab","Endless Agony+1","Dramatic Entrance","Expertise","Endless Agony","Dagger Throw","Escape Plan+1","After Image","Cloak And Dagger","Accuracy","Cloak And Dagger","Adrenaline","Dodge and Roll+1","Regret","Terror+1","Pain","Parasite","Tools of the Trade","Blade Dance","Tactician+1","Glass Knife","Flying Knee+1","Choke","Flying Knee","Infinite Blades","Dramatic Entrance","Distraction+1"],"special_seed":0,"relics":["Eternal Feather","Shuriken","Kunai","Meat on the Bone","Gremlin Horn","Fusion Hammer","Question Card","Dream Catcher","Whetstone","Potion Belt","Black Star","WarpedTongs","Unceasing Top","Du-Vu Doll","PreservedInsect","Strawberry","Bottled Tornado","Bag of Preparation","Ornamental Fan","Mummified Hand","Pantograph"],"potions_floor_usage":[39,39,41,47,47,47,47,47,51],"damage_taken":[{"damage":7.0,"enemies":"Small Slimes","floor":1.0,"turns":4.0},{"damage":4.0,"enemies":"Jaw Worm","floor":4.0,"turns":5.0},{"damage":31.0,"enemies":"3 Sentries","floor":6.0,"turns":13.0},{"damage":0.0,"enemies":"Cultist","floor":10.0,"turns":3.0},{"damage":9.0,"enemies":"Lagavulin","floor":12.0,"turns":6.0},{"damage":0.0,"enemies":"2 Fungi Beasts","floor":13.0,"turns":3.0},{"damage":14.0,"enemies":"3 Sentries","floor":14.0,"turns":3.0},{"damage":50.0,"enemies":"The Guardian","floor":16.0,"turns":9.0},{"damage":3.0,"enemies":"Shell Parasite","floor":18.0,"turns":6.0},{"damage":5.0,"enemies":"Chosen","floor":20.0,"turns":5.0},{"damage":8.0,"enemies":"Snecko","floor":22.0,"turns":4.0},{"damage":19.0,"enemies":"Book of Stabbing","floor":24.0,"turns":5.0},{"damage":2.0,"enemies":"Snake Plant","floor":28.0,"turns":4.0},{"damage":0.0,"enemies":"Gremlin Leader","floor":29.0,"turns":4.0},{"damage":9.0,"enemies":"Sentry and Sphere","floor":30.0,"turns":3.0},{"damage":0.0,"enemies":"3 Cultists","floor":31.0,"turns":4.0},{"damage":9.0,"enemies":"Automaton","floor":33.0,"turns":8.0},{"damage":14.0,"enemies":"3 Shapes","floor":35.0,"turns":4.0},{"damage":5.0,"enemies":"Orb Walker","floor":37.0,"turns":3.0},{"damage":11,"enemies":"Writhing Mass","floor":39,"turns":5},{"damage":32,"enemies":"Nemesis","floor":40,"turns":7},{"damage":7,"enemies":"4 Shapes","floor":41,"turns":1},{"damage":2,"enemies":"Giant Head","floor":44,"turns":5},{"damage":45,"enemies":"Donu and Deca","floor":47,"turns":6},{"damage":44,"enemies":"Shield and Spear","floor":51,"turns":5},{"damage":70,"enemies":"The Heart","floor":52,"turns":6}],"seed_played":"-5241794563743224386","potions_obtained":[{"floor":4.0,"key":"Block Potion"},{"floor":12.0,"key":"Swift Potion"},{"floor":13.0,"key":"SkillPotion"},{"floor":18.0,"key":"Explosive Potion"},{"floor":24.0,"key":"SkillPotion"},{"floor":29.0,"key":"Strength Potion"},{"floor":30.0,"key":"EssenceOfSteel"},{"floor":33.0,"key":"Block Potion"},{"floor":35.0,"key":"Explosive Potion"},{"floor":37,"key":"AttackPotion"}],"is_trial":false,"path_per_floor":["M","?","?","M","?","E","R","?","T","M","T","E","M","E","R","B",null,"M","?","M","T","M","R","E","?","T","$","M","E","M","M","R","B",null,"M","?","M","?","M","E","M","R","T","E","$","?","B",null,"R","$","E","B"],"character_chosen":"THE_SILENT","items_purchased":["Dramatic Entrance","Expertise","Endless Agony","Dagger Throw","Bag of Preparation","Choke","EntropicBrew","Ornamental Fan","Infinite Blades","Dramatic Entrance"],"campfire_rested":5,"item_purchase_floors":[27,27,27,27,45,45,45,50,50,50],"current_hp_per_floor":[63,63,63,59,59,28,58,58,58,58,58,49,49,47,56,18,70,67,67,62,62,54,70,51,51,51,51,49,49,40,40,70,61,70,56,56,51,51,40,20,25,70,70,75,75,75,57,77,77,77,45,0],"gold":38,"neow_bonus":"BOSS_RELIC","is_prod":false,"is_daily":false,"chose_seed":false,"campfire_upgraded":0,"win_rate":0,"timestamp":1550700864,"path_taken":["M","?","?","?","?","E","R","?","T","M","?","E","M","E","R","BOSS","M","?","?","?","M","R","E","?","T","$","M","E","M","M","R","BOSS","M","?","?","?","?","E","M","R","T","E","$","?","BOSS","R","$","E","BOSS"],"build_version":"2019-01-23","purchased_purges":0,"victory":false,"max_hp_per_floor":[70,70,70,70,70,70,70,70,70,70,70,70,70,70,70,70,70,70,70,70,70,70,70,70,70,70,70,70,70,70,70,70,70,70,70,70,70,70,70,70,70,70,70,77,77,77,77,77,77,77,77,77],"card_choices":[{"not_picked":["Outmaneuver","Leg Sweep"],"picked":"Slice","floor":1.0},{"not_picked":["PiercingWail","Bane"],"picked":"Slice","floor":4.0},{"not_picked":["Dodge and Roll","Choke"],"picked":"Backflip","floor":6.0},{"not_picked":["Escape Plan","Masterful Stab"],"picked":"All Out Attack","floor":10.0},{"not_picked":["Burst","Dagger Spray"],"picked":"Blade Dance","floor":12.0},{"not_picked":["Tactician","Outmaneuver"],"picked":"Skewer","floor":13.0},{"not_picked":["PiercingWail","Well Laid Plans"],"picked":"Quick Slash","floor":14.0},{"not_picked":["Glass Knife","Grand Finale"],"picked":"After Image","floor":16.0},{"not_picked":["Riddle With Holes","Deflect"],"picked":"Slice+1","floor":18.0},{"not_picked":["Bane","Deflect+1"],"picked":"Predator+1","floor":20.0},{"not_picked":["Dagger Spray+1","Outmaneuver","Deadly Poison"],"picked":"Backstab","floor":22.0},{"not_picked":["Slice","Dodge and Roll","Flying Knee"],"picked":"Endless Agony","floor":24.0},{"not_picked":["Quick Slash","Backflip","Riddle With Holes+1"],"picked":"Escape Plan+1","floor":28.0},{"not_picked":["Setup","Unload","Bane"],"picked":"After Image","floor":29.0},{"not_picked":["Dodge and Roll+1","Predator","All Out Attack"],"picked":"Cloak And Dagger","floor":30.0},{"not_picked":["Acrobatics+1","Dagger Throw","Outmaneuver"],"picked":"Accuracy","floor":31.0},{"not_picked":["Bullet Time","Dodge and Roll","Deflect"],"picked":"Cloak And Dagger","floor":32.0},{"not_picked":["Envenom","Burst","Doppelganger"],"picked":"Adrenaline","floor":33.0},{"not_picked":["Concentrate","Noxious Fumes","Deadly Poison"],"picked":"Dodge and Roll+1","floor":35.0},{"not_picked":["Eviscerate","Masterful Stab","Poisoned Stab"],"picked":"Terror+1","floor":37},{"not_picked":["Leg Sweep+1","Expertise","Outmaneuver+1"],"picked":"Tools of the Trade","floor":39},{"not_picked":["Calculated Gamble+1","Bane+1","Endless Agony"],"picked":"Blade Dance","floor":40},{"not_picked":["Concentrate+1","Acrobatics","Bane"],"picked":"Tactician+1","floor":41},{"not_picked":["Terror+1","Noxious Fumes","Slice"],"picked":"Glass Knife","floor":42},{"not_picked":["Predator+1","Dodge and Roll","Acrobatics"],"picked":"Flying Knee+1","floor":44},{"not_picked":["Footwork+1","Sucker Punch","Well Laid Plans"],"picked":"Flying Knee","floor":49},{"not_picked":["Acrobatics+1","Slice+1","Reflex+1"],"picked":"Distraction+1","floor":51}],"player_experience":188677,"relics_obtained":[{"floor":6.0,"key":"Shuriken"},{"floor":9.0,"key":"Kunai"},{"floor":12.0,"key":"Meat on the Bone"},{"floor":14.0,"key":"Gremlin Horn"},{"floor":21.0,"key":"Question Card"},{"floor":24.0,"key":"Dream Catcher"},{"floor":26.0,"key":"Whetstone"},{"floor":29.0,"key":"Potion Belt"},{"floor":40,"key":"Unceasing Top"},{"floor":40,"key":"Du-Vu Doll"},{"floor":43,"key":"PreservedInsect"},{"floor":44,"key":"Strawberry"},{"floor":44,"key":"Bottled Tornado"},{"floor":51,"key":"Mummified Hand"},{"floor":51,"key":"Pantograph"}],"event_choices":[{"damage_healed":0.0,"max_hp_gain":0.0,"max_hp_loss":0.0,"gold_gain":0.0,"event_name":"Golden Wing","player_choice":"Ignored","floor":2.0,"gold_loss":0.0,"damage_taken":0.0},{"damage_healed":0.0,"max_hp_gain":0.0,"max_hp_loss":0.0,"gold_gain":0.0,"event_name":"Upgrade Shrine","player_choice":"Upgraded","floor":3.0,"gold_loss":0.0,"damage_taken":0.0,"cards_upgraded":["Neutralize"]},{"damage_healed":0.0,"max_hp_gain":0.0,"max_hp_loss":0.0,"gold_gain":0.0,"cards_transformed":["Defend_G"],"event_name":"Living Wall","player_choice":"Change","floor":5.0,"gold_loss":0.0,"damage_taken":0.0,"cards_obtained":["After Image"]},{"damage_healed":0.0,"max_hp_gain":0.0,"max_hp_loss":0.0,"gold_gain":0.0,"event_name":"The Cleric","player_choice":"Leave","floor":8.0,"gold_loss":0.0,"damage_taken":0.0},{"damage_healed":0.0,"max_hp_gain":0.0,"max_hp_loss":0.0,"gold_gain":0.0,"event_name":"Designer","player_choice":"Upgrade","floor":19.0,"gold_loss":40.0,"damage_taken":0.0,"cards_upgraded":["After Image"]},{"damage_healed":0.0,"max_hp_gain":0.0,"max_hp_loss":0.0,"gold_gain":0.0,"event_name":"Ghosts","player_choice":"Ignored","floor":25.0,"gold_loss":0.0,"damage_taken":0.0},{"damage_healed":0.0,"max_hp_gain":0.0,"max_hp_loss":0.0,"gold_gain":275.0,"event_name":"Golden Shrine","player_choice":"Desecrate","floor":36.0,"gold_loss":0.0,"damage_taken":0.0,"cards_obtained":["Regret"]},{"damage_healed":0,"gold_gain":0,"player_choice":"Rummage","damage_taken":0,"relics_obtained":["WarpedTongs"],"max_hp_gain":0,"max_hp_loss":0,"event_name":"Accursed Blacksmith","floor":38,"gold_loss":0,"cards_obtained":["Pain"]},{"damage_healed":0,"gold_gain":0,"player_choice":"Took Portal","damage_taken":0,"max_hp_gain":0,"max_hp_loss":0,"event_name":"SecretPortal","floor":46,"gold_loss":0}],"is_beta":false,"boss_relics":[{"not_picked":["Velvet Choker","Pandora\u0027s Box"],"picked":"Fusion Hammer"},{"not_picked":["Coffee Dripper","White Beast Statue"],"picked":"Black Star"}],"items_purged_floors":[],"is_endless":false,"potions_floor_spawned":[4,12,13,18,24,29,30,33,35,37],"killed_by":"The Heart","ascension_level":2}