{"gold_per_floor":[18,18,18,35,48,77,77,95,95,95,106,118,118,148,148,246,246,263,263,291,291,307,342,342,342],"floor_reached":25,"playtime":2198,"items_purged":[],"score":295,"play_id":"e105f319-b749-4879-8acc-541a34334529","local_time":"20190217112425","is_ascension_mode":true,"campfire_choices":[{"data":"Whirlwind","floor":7,"key":"SMITH"},{"floor":13,"key":"REST"},{"floor":15,"key":"REST"},{"floor":24,"key":"REST"}],"neow_cost":"NO_GOLD","seed_source_timestamp":20041001409700,"circlet_count":0,"master_deck":["Strike_R","Strike_R+1","Strike_R","Strike_R","Strike_R+1","Defend_R","Defend_R","Defend_R","Defend_R","Bash","Sever Soul+1","Whirlwind+1","Clothesline","Dropkick","Armaments+1","Clash","Combust","Battle Trance","Berserk","Combust+1","Inflame","Feel No Pain","Feel No Pain+1","Demon Form"],"relics":["Burning Blood","Pocketwatch","Dodecahedron","Letter Opener","Runic Cube","Red Mask","Nloth\u0027s Gift","Matryoshka"],"potions_floor_usage":[12,22,25,25,25],"damage_taken":[{"damage":0,"enemies":"2 Louse","floor":1,"turns":2},{"damage":0,"enemies":"Cultist","floor":4,"turns":2},{"damage":0,"enemies":"Small Slimes","floor":5,"turns":2},{"damage":21,"enemies":"Gremlin Nob","floor":6,"turns":4},{"damage":12,"enemies":"Blue Slaver","floor":8,"turns":2},{"damage":6,"enemies":"3 Louse","floor":11,"turns":2},{"damage":13,"enemies":"Red Slaver","floor":12,"turns":2},{"damage":19,"enemies":"3 Sentries","floor":14,"turns":3},{"damage":4,"enemies":"Slime Boss","floor":16,"turns":6},{"damage":20,"enemies":"2 Thieves","floor":18,"turns":2},{"damage":17,"enemies":"Masked Bandits","floor":20,"turns":3},{"damage":10,"enemies":"Shell Parasite","floor":22,"turns":4},{"damage":34,"enemies":"Gremlin Leader","floor":23,"turns":5},{"damage":47,"enemies":"Slavers","floor":25,"turns":4}],"seed_played":"4785811024656852741","potions_obtained":[{"floor":1,"key":"SpeedPotion"},{"floor":5,"key":"FearPotion"},{"floor":8,"key":"SteroidPotion"},{"floor":20,"key":"EssenceOfSteel"},{"floor":22,"key":"Block Potion"}],"is_trial":false,"path_per_floor":["M","?","?","M","M","E","R","M","T","?","M","M","R","E","R","B",null,"M","?","?","?","M","E","R","E"],"character_chosen":"IRONCLAD","items_purchased":[],"campfire_rested":3,"item_purchase_floors":[],"current_hp_per_floor":[80,64,64,70,76,61,61,55,55,55,55,48,72,59,80,80,80,66,66,55,55,51,23,47,0],"gold":342,"neow_bonus":"ONE_RARE_RELIC","is_prod":false,"is_daily":false,"chose_seed":false,"campfire_upgraded":1,"win_rate":0,"timestamp":1550402665,"path_taken":["M","?","?","?","M","E","R","M","T","?","M","M","R","E","R","BOSS","M","?","?","?","M","E","R","E"],"build_version":"2019-01-23","purchased_purges":0,"victory":false,"max_hp_per_floor":[80,80,80,80,80,80,80,80,80,80,80,80,80,80,80,80,80,80,80,80,80,80,80,80,80],"card_choices":[{"not_picked":["Intimidate","Disarm"],"picked":"Sever Soul","floor":1},{"not_picked":["Searing Blow","Sever Soul"],"picked":"Whirlwind","floor":4},{"not_picked":["Twin Strike","Disarm"],"picked":"Clothesline","floor":5},{"not_picked":["Hemokinesis","Whirlwind"],"picked":"Dropkick","floor":6},{"not_picked":["Perfected Strike","True Grit"],"picked":"Armaments","floor":8},{"not_picked":["Armaments","Blood for Blood"],"picked":"Clash","floor":11},{"not_picked":["Cleave","Clothesline"],"picked":"Combust","floor":12},{"not_picked":["Brutality","Headbutt"],"picked":"Battle Trance","floor":14},{"not_picked":["Dark Embrace","Offering"],"picked":"Berserk","floor":16},{"not_picked":["Battle Trance","Warcry"],"picked":"Combust+1","floor":18},{"not_picked":["Corruption","Iron Wave"],"picked":"Feel No Pain","floor":20},{"not_picked":["Shrug It Off","Double Tap"],"picked":"Feel No Pain+1","floor":22},{"not_picked":["Warcry","Sword Boomerang"],"picked":"Demon Form","floor":23}],"player_experience":104726,"relics_obtained":[{"floor":6,"key":"Dodecahedron"},{"floor":9,"key":"Bottled Lightning"},{"floor":14,"key":"Letter Opener"},{"floor":20,"key":"Red Mask"},{"floor":23,"key":"Matryoshka"}],"event_choices":[{"damage_healed":0,"gold_gain":0,"player_choice":"Entered Light","damage_taken":16,"max_hp_gain":0,"max_hp_loss":0,"event_name":"Shining Light","floor":2,"gold_loss":0,"cards_upgraded":["Strike_R","Strike_R"]},{"damage_healed":0,"gold_gain":0,"player_choice":"Upgraded","damage_taken":0,"max_hp_gain":0,"max_hp_loss":0,"event_name":"Upgrade Shrine","floor":3,"gold_loss":0,"cards_upgraded":["Sever Soul"]},{"damage_healed":0,"gold_gain":0,"player_choice":"Grow","damage_taken":0,"max_hp_gain":0,"max_hp_loss":0,"event_name":"Living Wall","floor":10,"gold_loss":0,"cards_upgraded":["Armaments"]},{"damage_healed":0,"gold_gain":0,"player_choice":"Read","damage_taken":0,"max_hp_gain":0,"max_hp_loss":0,"event_name":"The Library","floor":19,"gold_loss":0,"cards_obtained":["Inflame"]},{"damage_healed":0,"gold_gain":0,"player_choice":"Fought Bandits","damage_taken":0,"max_hp_gain":0,"max_hp_loss":0,"event_name":"Masked Bandits","floor":20,"gold_loss":0},{"damage_healed":0,"gold_gain":0,"player_choice":"Traded Relic","damage_taken":0,"relics_obtained":["Nloth\u0027s Gift"],"max_hp_gain":0,"max_hp_loss":0,"event_name":"N\u0027loth","floor":21,"relics_lost":["Bottled Lightning"],"gold_loss":0}],"is_beta":false,"boss_relics":[{"not_picked":["Runic Dome","Philosopher\u0027s Stone"],"picked":"Runic Cube"}],"items_purged_floors":[],"is_endless":false,"potions_floor_spawned":[1,5,8,11,20,22],"killed_by":"Slavers","ascension_level":1}