{"gold_per_floor":[111,124,124,89,164,164,134,163,237,262,6,25,59,234,234,330,330,344,363,5,18,28,28,56,56,56,82,82,82,182,197,197,292,292,307,321,321,321,34,67,67,67,93,112,112,112],"floor_reached":46,"playtime":3131,"items_purged":[],"score":687,"play_id":"551558ff-9cc3-4ef6-9889-68ffe8ba437d","local_time":"20190308121454","is_ascension_mode":true,"campfire_choices":[{"floor":6,"key":"RECALL"},{"floor":15,"key":"REST"},{"data":"Corruption","floor":23,"key":"SMITH"},{"floor":25,"key":"REST"},{"floor":28,"key":"REST"},{"floor":32,"key":"REST"},{"data":"Feel No Pain","floor":41,"key":"SMITH"}],"neow_cost":"NONE","seed_source_timestamp":586686053730400,"circlet_count":0,"master_deck":["Strike_R+1","Strike_R+1","Strike_R+1","Strike_R+1","Strike_R+1","Defend_R+1","Defend_R+1","Defend_R+1","Defend_R+1","Bash","Reckless Charge+1","Infernal Blade+1","Clash","Wild Strike","Sever Soul","Corruption+1","Pummel","Doubt","Offering","Inflame","True Grit","Cleave","Spot Weakness","Flex","Disarm+1","Heavy Blade","Feel No Pain+1","Sword Boomerang","Reaper","Clumsy","Clumsy","Shame","Havoc+1","Sword Boomerang+1","Metallicize","Pummel","Rage+1","Whirlwind+1"],"relics":["Burning Blood","Pen Nib","Self Forming Clay","Ancient Tea Set","Whetstone","Strawberry","Velvet Choker","Thread and Needle","Shuriken","Vajra","Peace Pipe","Darkstone Periapt","Calling Bell","Anchor","Ornamental Fan","Champion Belt","War Paint","StoneCalendar","Dodecahedron","PreservedInsect"],"potions_floor_usage":[8,8,8,8,10,13,16,22,24,33,45,45],"damage_taken":[{"damage":9,"enemies":"Small Slimes","floor":1,"turns":4},{"damage":7,"enemies":"2 Louse","floor":2,"turns":3},{"damage":15,"enemies":"Lagavulin","floor":8,"turns":5},{"damage":18,"enemies":"Gremlin Nob","floor":10,"turns":4},{"damage":0,"enemies":"Cultist","floor":12,"turns":2},{"damage":21,"enemies":"3 Sentries","floor":13,"turns":4},{"damage":43,"enemies":"The Guardian","floor":16,"turns":8},{"damage":18,"enemies":"Shell Parasite","floor":18,"turns":4},{"damage":14,"enemies":"Spheric Guardian","floor":19,"turns":3},{"damage":0,"enemies":"3 Cultists","floor":21,"turns":3},{"damage":2,"enemies":"Snecko","floor":22,"turns":5},{"damage":22,"enemies":"Book of Stabbing","floor":24,"turns":4},{"damage":49,"enemies":"Slavers","floor":27,"turns":4},{"damage":21,"enemies":"Colosseum Slavers","floor":30,"turns":3},{"damage":4,"enemies":"Colosseum Nobs","floor":30,"turns":4},{"damage":20,"enemies":"Snake Plant","floor":31,"turns":2},{"damage":56,"enemies":"Collector","floor":33,"turns":8},{"damage":41,"enemies":"3 Darklings","floor":35,"turns":8},{"damage":10,"enemies":"Orb Walker","floor":36,"turns":4},{"damage":29,"enemies":"Reptomancer","floor":40,"turns":9},{"damage":86,"enemies":"Sphere and 2 Shapes","floor":44,"turns":6},{"damage":0,"enemies":"Giant Head","floor":45,"turns":5},{"damage":29,"enemies":"4 Shapes","floor":46,"turns":3}],"seed_played":"-5970131140669477213","potions_obtained":[{"floor":2,"key":"SkillPotion"},{"floor":7,"key":"SpeedPotion"},{"floor":7,"key":"EntropicBrew"},{"floor":10,"key":"LiquidBronze"},{"floor":13,"key":"Ancient Potion"},{"floor":18,"key":"EssenceOfSteel"},{"floor":19,"key":"Strength Potion"},{"floor":30,"key":"Fire Potion"},{"floor":44,"key":"SteroidPotion"}],"is_trial":false,"path_per_floor":["M","M","?","?","?","R","?","E","T","E","$","M","E","?","R","B",null,"M","M","$","M","M","R","E","R","T","E","R","?","?","M","R","B",null,"M","M","?","?","$","E","R","T","T","M","E","M"],"character_chosen":"IRONCLAD","items_purchased":["Whetstone","Sever Soul","Corruption","Thread and Needle","Cleave","War Paint","Metallicize","Pummel"],"campfire_rested":4,"item_purchase_floors":[11,11,11,20,20,39,39,39],"current_hp_per_floor":[85,84,66,88,77,77,77,68,68,56,56,62,54,54,82,45,95,83,75,75,81,85,85,69,95,95,52,80,80,67,53,81,31,113,78,90,90,90,90,82,82,82,82,12,26,0],"gold":112,"neow_bonus":"TEN_PERCENT_HP_BONUS","is_prod":false,"is_daily":false,"chose_seed":false,"campfire_upgraded":2,"win_rate":0,"timestamp":1552047294,"path_taken":["M","M","?","?","?","R","?","E","T","E","$","?","E","?","R","BOSS","M","M","$","M","M","R","E","R","T","E","R","?","?","?","R","BOSS","M","M","?","?","$","E","R","?","T","M","E","?"],"build_version":"2019-01-23","purchased_purges":0,"victory":false,"max_hp_per_floor":[88,88,88,88,88,88,88,88,88,88,88,88,95,95,95,95,95,95,95,95,95,95,95,95,95,95,95,95,95,95,95,95,95,113,113,113,113,113,113,113,113,113,113,113,113,113],"card_choices":[{"not_picked":["Wild Strike","Entrench"],"picked":"Reckless Charge","floor":1},{"not_picked":["Burning Pact","Warcry"],"picked":"Infernal Blade","floor":2},{"not_picked":["Havoc","Fire Breathing"],"picked":"Clash","floor":8},{"not_picked":["Havoc","Shrug It Off"],"picked":"Wild Strike","floor":10},{"not_picked":["Clash","Havoc"],"picked":"Pummel","floor":12},{"not_picked":["Havoc","Brutality"],"picked":"Clothesline","floor":13},{"not_picked":["Bludgeon","Demon Form"],"picked":"Offering","floor":16},{"not_picked":["Clothesline","Anger"],"picked":"Inflame","floor":18},{"not_picked":["Searing Blow","Perfected Strike+1"],"picked":"True Grit","floor":19},{"not_picked":["Hemokinesis","Anger"],"picked":"Spot Weakness","floor":21},{"not_picked":["Corruption","Clothesline"],"picked":"Flex","floor":22},{"not_picked":["Seeing Red","Bloodletting"],"picked":"Disarm","floor":24},{"not_picked":["Headbutt","Carnage"],"picked":"Heavy Blade","floor":27},{"not_picked":["Anger","Iron Wave"],"picked":"Feel No Pain","floor":30},{"not_picked":["Entrench","Ghostly Armor"],"picked":"Sword Boomerang","floor":31},{"not_picked":["Impervious","Offering"],"picked":"Reaper","floor":33},{"not_picked":["Uppercut","True Grit+1"],"picked":"Havoc+1","floor":35},{"not_picked":["Warcry","Spot Weakness"],"picked":"Sword Boomerang+1","floor":36},{"not_picked":["Twin Strike","Thunderclap"],"picked":"Rage+1","floor":40},{"not_picked":["Anger+1","Body Slam"],"picked":"Whirlwind+1","floor":44}],"player_experience":274239,"relics_obtained":[{"floor":8,"key":"Pen Nib"},{"floor":9,"key":"Self Forming Clay"},{"floor":10,"key":"Ancient Tea Set"},{"floor":13,"key":"Strawberry"},{"floor":24,"key":"Shuriken"},{"floor":27,"key":"Vajra"},{"floor":30,"key":"Peace Pipe"},{"floor":30,"key":"Darkstone Periapt"},{"floor":34,"key":"Anchor"},{"floor":34,"key":"Ornamental Fan"},{"floor":34,"key":"Champion Belt"},{"floor":40,"key":"StoneCalendar"},{"floor":42,"key":"Dodecahedron"},{"floor":43,"key":"PreservedInsect"}],"event_choices":[{"damage_healed":0,"gold_gain":0,"player_choice":"Entered Light","damage_taken":18,"max_hp_gain":0,"max_hp_loss":0,"event_name":"Shining Light","floor":3,"gold_loss":0,"cards_upgraded":["Strike_R","Defend_R"]},{"damage_healed":22,"gold_gain":0,"player_choice":"Healed","damage_taken":0,"max_hp_gain":0,"max_hp_loss":0,"event_name":"The Cleric","floor":4,"gold_loss":35},{"damage_healed":0,"gold_gain":75,"player_choice":"Gather Gold","damage_taken":11,"max_hp_gain":0,"max_hp_loss":0,"event_name":"World of Goop","floor":5,"gold_loss":0},{"damage_healed":0,"gold_gain":0,"player_choice":"Bought 2 Potions","damage_taken":0,"max_hp_gain":0,"max_hp_loss":0,"event_name":"The Woman in Blue","floor":7,"gold_loss":0},{"damage_healed":0,"gold_gain":175,"player_choice":"AGREE","damage_taken":0,"max_hp_gain":0,"max_hp_loss":0,"event_name":"Liars Game","floor":14,"gold_loss":0,"cards_obtained":["Doubt"]},{"damage_healed":0,"gold_gain":0,"player_choice":"Simplicity","damage_taken":0,"max_hp_gain":0,"max_hp_loss":0,"event_name":"Back to Basics","floor":29,"gold_loss":0,"cards_upgraded":["Strike_R","Strike_R","Strike_R","Defend_R","Defend_R","Defend_R"]},{"damage_healed":0,"gold_gain":0,"player_choice":"Fight","damage_taken":0,"max_hp_gain":0,"max_hp_loss":0,"event_name":"Colosseum","floor":30,"gold_loss":0},{"damage_healed":0,"gold_gain":0,"player_choice":"Fought Nobs","damage_taken":0,"max_hp_gain":0,"max_hp_loss":0,"event_name":"Colosseum","floor":30,"gold_loss":0},{"cards_removed":["Clothesline"],"damage_healed":0,"gold_gain":0,"player_choice":"Removed Attack","damage_taken":0,"max_hp_gain":0,"max_hp_loss":0,"event_name":"Falling","floor":37,"gold_loss":0},{"damage_healed":0,"gold_gain":0,"player_choice":"Ignored","damage_taken":0,"max_hp_gain":0,"max_hp_loss":0,"event_name":"Tomb of Lord Red Mask","floor":38,"gold_loss":0}],"is_beta":false,"boss_relics":[{"not_picked":["Philosopher\u0027s Stone","Astrolabe"],"picked":"Velvet Choker"},{"not_picked":["Sozu","Empty Cage"],"picked":"Calling Bell"}],"items_purged_floors":[],"is_endless":false,"potions_floor_spawned":[2,10,13,18,19,30,30,44,45],"killed_by":"4 Shapes","ascension_level":3}