{"gold_per_floor":[118,118,118,132,149,178,2,2,2,52,52,83,83,113,113,213,213,226,246,161,180,40,102,102,132,157,157,157,173,173,173,173,278,278,289,289,325,325,337,337,367,367],"floor_reached":42,"playtime":3226,"items_purged":[],"score":577,"play_id":"00944735-6bc8-4f13-b5af-dace2a2467db","local_time":"20190306225637","is_ascension_mode":true,"campfire_choices":[{"floor":8,"key":"REST"},{"floor":11,"key":"REST"},{"data":"Loop","floor":13,"key":"SMITH"},{"data":"Zap","floor":15,"key":"SMITH"},{"floor":24,"key":"REST"},{"floor":28,"key":"REST"},{"floor":30,"key":"REST"},{"floor":32,"key":"REST"},{"floor":40,"key":"REST"}],"neow_cost":"NONE","seed_source_timestamp":452293381630900,"circlet_count":0,"master_deck":["Zap+1","Dualcast","Doom and Gloom","Coolheaded","Loop+1","Steam","BootSequence","Gash","Melter","Reboot","Rebound","Static Discharge","Double Energy","Compile Driver","FTL","Skim","FTL","Leap","Ball Lightning","Beam Cell","Loop","Storm","Conserve Battery","Capacitor","Redo+1","Reprogram+1","Conserve Battery+1","Machine Learning","Glacier+1","Transmutation","Flash of Steel","Panache","Storm","Loop+1","White Noise","Static Discharge+1"],"relics":["Cracked Core","Ancient Tea Set","Incense Burner","The Courier","Bag of Marbles","DataDisk","Bottled Lightning","Pandora\u0027s Box","Ginger","Tiny Chest","Boot","Juzu Bracelet","Nilry\u0027s Codex","Lizard Tail","Regal Pillow"],"potions_floor_usage":[6,14,18,21,29,29,35,35,35,39,39,39,39,41,42],"damage_taken":[{"damage":2,"enemies":"2 Louse","floor":1,"turns":2},{"damage":0,"enemies":"Small Slimes","floor":4,"turns":2},{"damage":4,"enemies":"Cultist","floor":5,"turns":3},{"damage":30,"enemies":"3 Sentries","floor":6,"turns":8},{"damage":10,"enemies":"Lagavulin","floor":12,"turns":7},{"damage":11,"enemies":"Gremlin Nob","floor":14,"turns":3},{"damage":7,"enemies":"The Guardian","floor":16,"turns":6},{"damage":0,"enemies":"Chosen","floor":18,"turns":4},{"damage":2,"enemies":"Shell Parasite","floor":19,"turns":4},{"damage":6,"enemies":"3 Cultists","floor":21,"turns":4},{"damage":22,"enemies":"Gremlin Leader","floor":23,"turns":7},{"damage":35,"enemies":"Slavers","floor":25,"turns":4},{"damage":1,"enemies":"Chosen and Byrds","floor":29,"turns":4},{"damage":48,"enemies":"Automaton","floor":33,"turns":7},{"damage":42,"enemies":"3 Darklings","floor":35,"turns":5},{"damage":5,"enemies":"3 Shapes","floor":37,"turns":3},{"damage":17,"enemies":"Jaw Worm Horde","floor":39,"turns":5},{"damage":33,"enemies":"Giant Head","floor":41,"turns":7},{"damage":41,"enemies":"Writhing Mass","floor":42,"turns":4}],"seed_played":"582334551490438587","potions_obtained":[{"floor":5,"key":"Swift Potion"},{"floor":12,"key":"GamblersBrew"},{"floor":14,"key":"Energy Potion"},{"floor":16,"key":"AttackPotion"},{"floor":25,"key":"EntropicBrew"},{"floor":33,"key":"LiquidBronze"},{"floor":37,"key":"EntropicBrew"},{"floor":39,"key":"SpeedPotion"},{"floor":41,"key":"Energy Potion"}],"is_trial":false,"path_per_floor":["M","?","?","M","M","E","$","R","T","?","R","E","R","E","R","B",null,"M","M","?","M","$","E","R","E","T","?","R","M","R","?","R","B",null,"M","?","M","?","M","R","E","M"],"character_chosen":"DEFECT","items_purchased":["BootSequence","Bag of Marbles","Storm","Conserve Battery","Capacitor"],"campfire_rested":7,"item_purchase_floors":[7,7,22,22,22],"current_hp_per_floor":[73,61,61,61,57,27,27,49,49,49,71,61,61,50,50,43,75,75,73,73,67,67,45,67,32,32,18,42,41,65,49,73,25,80,38,28,23,23,6,30,40,0],"gold":367,"neow_bonus":"RANDOM_COMMON_RELIC","is_prod":false,"is_daily":false,"chose_seed":false,"campfire_upgraded":2,"win_rate":0,"timestamp":1551912997,"path_taken":["M","?","?","M","?","E","$","R","T","?","R","E","R","E","R","BOSS","M","M","?","M","$","E","R","E","T","?","R","M","R","?","R","BOSS","M","?","M","?","M","R","E","M"],"build_version":"2019-01-23","purchased_purges":0,"victory":false,"max_hp_per_floor":[75,75,75,75,75,75,75,75,75,75,75,75,75,75,75,75,75,75,75,75,75,75,75,75,75,75,80,80,80,80,80,80,80,80,80,80,80,80,80,80,80,80],"card_choices":[{"not_picked":["Sweeping Beam","Lockon"],"picked":"Doom and Gloom","floor":1},{"not_picked":["Steam","Rip and Tear"],"picked":"Coolheaded","floor":4},{"not_picked":["Coolheaded","Reinforced Body"],"picked":"Loop","floor":5},{"not_picked":["Force Field","Compile Driver"],"picked":"Steam","floor":6},{"not_picked":["Streamline","Leap"],"picked":"Gash","floor":12},{"not_picked":["Biased Cognition","Coolheaded"],"picked":"Melter","floor":14},{"not_picked":["Multi-Cast","Biased Cognition"],"picked":"Reboot","floor":16},{"not_picked":["Genetic Algorithm","Streamline"],"picked":"Ball Lightning","floor":18},{"not_picked":["Fusion","Go for the Eyes"],"picked":"Beam Cell","floor":19},{"not_picked":["Compile Driver","Coolheaded"],"picked":"Loop","floor":21},{"not_picked":["FTL+1","Force Field"],"picked":"Redo+1","floor":23},{"not_picked":["Barrage","Rebound"],"picked":"Reprogram+1","floor":25},{"not_picked":["Redo","Hologram"],"picked":"Conserve Battery+1","floor":29},{"not_picked":["Hyperbeam","Thunder Strike"],"picked":"Machine Learning","floor":33},{"not_picked":["Sunder+1","Leap+1"],"picked":"Glacier+1","floor":35},{"not_picked":["Trip","Swift Strike"],"picked":"Transmutation","floor":36},{"not_picked":["Trip","The Bomb"],"picked":"Flash of Steel","floor":36},{"not_picked":["Bandage Up","Thinking Ahead"],"picked":"Panache","floor":36},{"not_picked":["Beam Cell","Hologram+1"],"picked":"Storm","floor":37},{"not_picked":["Sunder","Consume"],"picked":"White Noise","floor":39},{"not_picked":["Rip and Tear","Sweeping Beam+1"],"picked":"Static Discharge+1","floor":41}],"player_experience":259261,"relics_obtained":[{"floor":6,"key":"The Courier"},{"floor":12,"key":"DataDisk"},{"floor":14,"key":"Bottled Lightning"},{"floor":23,"key":"Tiny Chest"},{"floor":25,"key":"Boot"},{"floor":26,"key":"Juzu Bracelet"},{"floor":31,"key":"Nilry\u0027s Codex"},{"floor":41,"key":"Regal Pillow"}],"event_choices":[{"damage_healed":0,"gold_gain":0,"player_choice":"Success","damage_taken":12,"relics_obtained":["Incense Burner"],"max_hp_gain":0,"max_hp_loss":0,"event_name":"Scrap Ooze","floor":2,"gold_loss":0},{"damage_healed":0,"gold_gain":0,"player_choice":"Bought 0 Potions","damage_taken":0,"max_hp_gain":0,"max_hp_loss":0,"event_name":"The Woman in Blue","floor":3,"gold_loss":0},{"damage_healed":0,"gold_gain":50,"player_choice":"Gained Gold","damage_taken":0,"max_hp_gain":0,"max_hp_loss":0,"event_name":"Golden Wing","floor":10,"gold_loss":0},{"damage_healed":0,"gold_gain":0,"player_choice":"Obtained Relic","damage_taken":0,"relics_obtained":["Ginger"],"max_hp_gain":0,"max_hp_loss":0,"event_name":"Addict","floor":20,"gold_loss":85},{"damage_healed":0,"gold_gain":0,"player_choice":"Shed Blood","damage_taken":19,"max_hp_gain":5,"max_hp_loss":0,"event_name":"Forgotten Altar","floor":27,"gold_loss":0},{"damage_healed":0,"gold_gain":0,"player_choice":"Obtained Book","damage_taken":16,"max_hp_gain":0,"max_hp_loss":0,"event_name":"Cursed Tome","floor":31,"gold_loss":0},{"damage_healed":0,"gold_gain":0,"player_choice":"Memory 3","damage_taken":10,"max_hp_gain":0,"max_hp_loss":0,"event_name":"SensoryStone","floor":36,"gold_loss":0},{"damage_healed":0,"gold_gain":0,"player_choice":"Copied","damage_taken":0,"max_hp_gain":0,"max_hp_loss":0,"event_name":"Duplicator","floor":38,"gold_loss":0,"cards_obtained":["Loop"]}],"is_beta":false,"boss_relics":[{"not_picked":["Snecko Eye","Ectoplasm"],"picked":"Pandora\u0027s Box"},{"not_picked":["White Beast Statue","Empty Cage"],"picked":"Lizard Tail"}],"items_purged_floors":[],"is_endless":false,"potions_floor_spawned":[5,12,14,16,25,33,37,39,41],"killed_by":"Writhing Mass","ascension_level":3}