{"gold_per_floor":[110,185,198,198,273,298,311,311,311,327,356,371,371,371,371,371],"floor_reached":16,"playtime":468,"items_purged":[],"score":169,"play_id":"02180f58-1810-4346-ac9f-91d3a3f3c134","local_time":"20190626010710","is_ascension_mode":true,"campfire_choices":[{"data":"Self Repair","floor":8,"key":"SMITH"},{"data":"Genetic Algorithm","floor":15,"key":"SMITH"}],"neow_cost":"NONE","seed_source_timestamp":999216132926900,"circlet_count":0,"master_deck":["Strike_B","Strike_B","Strike_B","Strike_B","Defend_B","Defend_B","Defend_B","Defend_B","Zap+1","Dualcast","Steam","Conserve Battery","Self Repair+1","Genetic Algorithm+1","Genetic Algorithm","Machine Learning+1"],"relics":["Cracked Core","NeowsBlessing","Dead Branch","Question Card","Lantern","Shuriken"],"potions_floor_usage":[10,12,16,16],"damage_taken":[{"damage":0,"enemies":"Cultist","floor":1,"turns":1},{"damage":0,"enemies":"Small Slimes","floor":3,"turns":1},{"damage":0,"enemies":"Lagavulin","floor":6,"turns":1},{"damage":0,"enemies":"2 Louse","floor":7,"turns":2},{"damage":14,"enemies":"Exordium Thugs","floor":10,"turns":5},{"damage":39,"enemies":"Gremlin Nob","floor":11,"turns":5},{"damage":11,"enemies":"Exordium Wildlife","floor":12,"turns":5},{"damage":42,"enemies":"Hexaghost","floor":16,"turns":16}],"seed_played":"-1279421351215629907","potions_obtained":[{"floor":1,"key":"Fire Potion"},{"floor":3,"key":"Fruit Juice"},{"floor":7,"key":"EssenceOfSteel"},{"floor":11,"key":"Block Potion"}],"is_trial":false,"path_per_floor":["M","?","M","?","?","E","M","R","T","M","E","M","T","?","R","B"],"character_chosen":"DEFECT","items_purchased":[],"campfire_rested":0,"item_purchase_floors":[],"current_hp_per_floor":[75,64,64,64,57,57,57,57,57,53,24,33,33,33,33,0],"gold":371,"neow_bonus":"THREE_ENEMY_KILL","is_prod":false,"is_daily":false,"chose_seed":false,"campfire_upgraded":2,"win_rate":0,"timestamp":1561525630,"path_taken":["M","?","M","?","?","E","M","R","T","M","E","?","?","?","R","BOSS"],"build_version":"2019-01-23","purchased_purges":0,"victory":false,"max_hp_per_floor":[75,75,75,75,75,75,75,75,75,75,75,75,75,75,75,80],"card_choices":[{"not_picked":["Scrape","Barrage","Melter"],"picked":"SKIP","floor":1},{"not_picked":["Reinforced Body","Leap"],"picked":"Steam","floor":3},{"not_picked":["Leap","Rebound"],"picked":"Conserve Battery","floor":6},{"not_picked":["Conserve Battery","Leap"],"picked":"Self Repair","floor":7},{"not_picked":["Gash","Ball Lightning","Conserve Battery"],"picked":"Genetic Algorithm","floor":10},{"not_picked":["Compile Driver","Conserve Battery","Scrape"],"picked":"Genetic Algorithm","floor":11},{"not_picked":["Beam Cell","Go for the Eyes","Steam"],"picked":"Machine Learning","floor":12}],"player_experience":279438,"relics_obtained":[{"floor":6,"key":"Dead Branch"},{"floor":9,"key":"Question Card"},{"floor":11,"key":"Lantern"},{"floor":13,"key":"Shuriken"}],"event_choices":[{"damage_healed":0,"gold_gain":75,"player_choice":"Gather Gold","damage_taken":11,"max_hp_gain":0,"max_hp_loss":0,"event_name":"World of Goop","floor":2,"gold_loss":0},{"damage_healed":0,"gold_gain":0,"player_choice":"Grow","damage_taken":0,"max_hp_gain":0,"max_hp_loss":0,"event_name":"Living Wall","floor":4,"gold_loss":0,"cards_upgraded":["Zap"]},{"damage_healed":0,"gold_gain":75,"player_choice":"Touch","damage_taken":7,"max_hp_gain":0,"max_hp_loss":0,"event_name":"FaceTrader","floor":5,"gold_loss":0},{"damage_healed":0,"gold_gain":0,"player_choice":"Upgraded","damage_taken":0,"max_hp_gain":0,"max_hp_loss":0,"event_name":"Upgrade Shrine","floor":14,"gold_loss":0,"cards_upgraded":["Machine Learning"]}],"is_beta":false,"boss_relics":[],"items_purged_floors":[],"is_endless":false,"potions_floor_spawned":[1,3,7,11],"killed_by":"Hexaghost","ascension_level":5}