{"gold_per_floor":[112,112,112,287,297,297,325,11,11,30,30],"floor_reached":11,"playtime":559,"items_purged":[],"score":82,"play_id":"365b2c4c-4e8a-43b5-a755-fdef267e142a","local_time":"20190322212558","is_ascension_mode":true,"campfire_choices":[{"data":"Dagger Spray","floor":6,"key":"SMITH"}],"neow_cost":"NONE","seed_source_timestamp":1831907675564100,"circlet_count":0,"master_deck":["Defend_G","Defend_G","Defend_G","Defend_G","Defend_G","Strike_G","Strike_G","Strike_G","Strike_G","Strike_G","Survivor","Neutralize","Dagger Spray+1","Doubt","Acrobatics","Burst","Infinite Blades","Cloak And Dagger"],"relics":["Ring of the Snake","Art of War","Juzu Bracelet","Ninja Scroll","Question Card"],"potions_floor_usage":[7,11],"damage_taken":[{"damage":0,"enemies":"2 Louse","floor":1,"turns":3},{"damage":0,"enemies":"Small Slimes","floor":5,"turns":2},{"damage":32,"enemies":"Gremlin Nob","floor":7,"turns":5},{"damage":1,"enemies":"Cultist","floor":10,"turns":3},{"damage":44,"enemies":"Lagavulin","floor":11,"turns":8}],"seed_played":"-6798862042733531332","potions_obtained":[{"floor":5,"key":"AttackPotion"},{"floor":10,"key":"SkillPotion"}],"is_trial":false,"path_per_floor":["M","?","?","?","M","R","E","$","T","M","E"],"character_chosen":"THE_SILENT","items_purchased":["Ninja Scroll","Infinite Blades"],"campfire_rested":0,"item_purchase_floors":[8,8],"current_hp_per_floor":[77,77,70,70,70,70,38,38,38,37,0],"gold":30,"neow_bonus":"TEN_PERCENT_HP_BONUS","is_prod":false,"is_daily":false,"chose_seed":false,"campfire_upgraded":1,"win_rate":0,"timestamp":1553289958,"path_taken":["M","?","?","?","M","R","E","$","T","M","E"],"build_version":"2019-01-23","purchased_purges":0,"victory":false,"max_hp_per_floor":[77,77,77,77,77,77,77,77,77,77,77],"card_choices":[{"not_picked":["Bane","Catalyst"],"picked":"Dagger Spray","floor":1},{"not_picked":["Slice","Leg Sweep"],"picked":"Acrobatics","floor":5},{"not_picked":["Deflect","Masterful Stab"],"picked":"Burst","floor":7},{"not_picked":["Outmaneuver","Underhanded Strike","Skewer"],"picked":"Cloak And Dagger","floor":10}],"player_experience":368300,"relics_obtained":[{"floor":7,"key":"Juzu Bracelet"},{"floor":9,"key":"Question Card"}],"event_choices":[{"damage_healed":0,"gold_gain":0,"player_choice":"Ignored","damage_taken":0,"max_hp_gain":0,"max_hp_loss":0,"event_name":"Golden Wing","floor":2,"gold_loss":0},{"damage_healed":0,"gold_gain":0,"player_choice":"Success","damage_taken":7,"relics_obtained":["Art of War"],"max_hp_gain":0,"max_hp_loss":0,"event_name":"Scrap Ooze","floor":3,"gold_loss":0},{"damage_healed":0,"gold_gain":175,"player_choice":"AGREE","damage_taken":0,"max_hp_gain":0,"max_hp_loss":0,"event_name":"Liars Game","floor":4,"gold_loss":0,"cards_obtained":["Doubt"]}],"is_beta":false,"boss_relics":[],"items_purged_floors":[],"is_endless":false,"potions_floor_spawned":[5,10],"killed_by":"Lagavulin","ascension_level":3}