{"gold_per_floor":[109,384,394,414,427,456,35,35,35,8,27,27,62,124,124,124],"floor_reached":16,"playtime":631,"items_purged":["Regret"],"score":135,"play_id":"ce704ae1-f23a-4848-807c-3da33272b14f","local_time":"20181022230023","is_ascension_mode":false,"campfire_choices":[{"data":"True Grit","floor":8,"key":"SMITH"},{"data":"Inflame","floor":15,"key":"SMITH"}],"neow_cost":"NONE","seed_source_timestamp":1080887875754317,"circlet_count":0,"master_deck":["Strike_R","Strike_R","Strike_R","Strike_R","Strike_R","Defend_R","Defend_R","Defend_R","Defend_R","Bash","True Grit+1","Iron Wave","Rampage","Twin Strike","Bludgeon","Shrug It Off","Inflame+1","Regret","Rage+1","Metallicize"],"relics":["Burning Blood","Strawberry","Happy Flower","Frozen Eye","Pear","Toxic Egg 2","Regal Pillow","Juzu Bracelet"],"potions_floor_usage":[11,16,16],"damage_taken":[{"damage":6,"enemies":"Jaw Worm","floor":1,"turns":3},{"damage":1,"enemies":"Cultist","floor":3,"turns":3},{"damage":7,"enemies":"Small Slimes","floor":4,"turns":4},{"damage":12,"enemies":"Looter","floor":5,"turns":4},{"damage":42,"enemies":"Gremlin Nob","floor":6,"turns":5},{"damage":18,"enemies":"Large Slime","floor":11,"turns":3},{"damage":17,"enemies":"Lagavulin","floor":13,"turns":7},{"damage":9,"enemies":"Gremlin Nob","floor":14,"turns":4},{"damage":37,"enemies":"Slime Boss","floor":16,"turns":12}],"seed_played":"-2647234050025429081","potions_obtained":[{"floor":5,"key":"BloodPotion"},{"floor":6,"key":"Dexterity Potion"},{"floor":14,"key":"Ancient Potion"}],"is_trial":false,"path_per_floor":["M","?","M","M","M","E","$","R","T","$","M","?","E","?","R"],"character_chosen":"IRONCLAD","items_purchased":["Happy Flower","Frozen Eye","Shrug It Off"],"campfire_rested":0,"item_purchase_floors":[7,7,10],"current_hp_per_floor":[80,80,80,79,73,44,44,44,54,54,51,51,40,37,37,0],"gold":124,"neow_bonus":"THREE_CARDS","is_prod":false,"is_daily":false,"chose_seed":false,"campfire_upgraded":2,"win_rate":0.0,"timestamp":1540263623,"path_taken":["M","?","M","M","M","E","$","R","T","$","M","?","E","?","R","BOSS"],"build_version":"2018-10-18","purchased_purges":1,"victory":false,"max_hp_per_floor":[80,80,80,80,80,87,87,87,97,97,97,97,97,97,97,97],"card_choices":[{"not_picked":["Perfected Strike","Cleave"],"picked":"True Grit","floor":0},{"not_picked":["Body Slam","Flex"],"picked":"Iron Wave","floor":1},{"not_picked":["Carnage","Blood for Blood"],"picked":"Rampage","floor":3},{"not_picked":["Clash","Clothesline","Searing Blow"],"picked":"SKIP","floor":4},{"not_picked":["Warcry","Flex"],"picked":"Twin Strike","floor":5},{"not_picked":["Anger","Thunderclap"],"picked":"Bludgeon","floor":6},{"not_picked":["Warcry","Evolve"],"picked":"Inflame","floor":11},{"not_picked":["Iron Wave","Headbutt"],"picked":"Rage+1","floor":13},{"not_picked":["Shrug It Off+1","Clash"],"picked":"Metallicize","floor":14}],"player_experience":60748,"relics_obtained":[{"floor":6,"key":"Strawberry"},{"floor":9,"key":"Pear"},{"floor":13,"key":"Regal Pillow"},{"floor":14,"key":"Juzu Bracelet"}],"event_choices":[{"damage_healed":0,"gold_gain":275,"player_choice":"Desecrate","damage_taken":0,"max_hp_gain":0,"max_hp_loss":0,"event_name":"Golden Shrine","floor":2,"gold_loss":0,"cards_obtained":["Regret"]},{"damage_healed":0,"gold_gain":0,"player_choice":"Box","damage_taken":0,"relics_obtained":["Toxic Egg 2"],"max_hp_gain":0,"max_hp_loss":0,"event_name":"Big Fish","floor":12,"gold_loss":0,"cards_obtained":["Regret"]},{"damage_healed":0,"gold_gain":0,"player_choice":"Searched \u00272\u0027 times","damage_taken":0,"max_hp_gain":0,"max_hp_loss":0,"event_name":"Dead Adventurer","floor":14,"gold_loss":0}],"is_beta":false,"boss_relics":[],"items_purged_floors":[7],"is_endless":false,"potions_floor_spawned":[5,6,14],"killed_by":"Slime Boss","ascension_level":0}