{"gold_per_floor":[116,116,116,130,55,83,83,115,142,168,68,103,119,129,129,230,230,246,265,190,190,190,224,243,273,330,345,345,345,374,405,405,505,505,520,540,556,556,568,568],"floor_reached":40,"playtime":1581,"items_purged":["Strike_B","Strike_B"],"score":713,"play_id":"1fde0476-eeec-4570-96b2-869253db3c43","local_time":"20190519124239","is_ascension_mode":true,"campfire_choices":[{"data":"Ball Lightning","floor":7,"key":"SMITH"},{"data":"Defragment","floor":15,"key":"SMITH"},{"data":"Darkness","floor":28,"key":"SMITH"},{"data":"Doom and Gloom","floor":29,"key":"SMITH"},{"floor":32,"key":"REST"}],"neow_cost":"NONE","seed_source_timestamp":142340578545500,"circlet_count":0,"master_deck":["Strike_B+1","Defend_B","Defend_B+1","Defend_B","Zap","Dualcast","Steam","Auto Shields","Ball Lightning+1","Leap","Defragment+1","Doom and Gloom+1","Self Repair","Darkness+1","Biased Cognition","Necronomicurse","Lockon","Stack+1","Steam","Leap+1","Reinforced Body+1"],"relics":["Cracked Core","NeowsBlessing","Bag of Preparation","Meat on the Bone","Pen Nib","Symbiotic Virus","WingedGreaves","Busted Crown","Necronomicon","Pear","The Courier","Tiny Chest","Toxic Egg 2","Letter Opener","Black Star"],"potions_floor_usage":[33,33,33],"damage_taken":[{"damage":0,"enemies":"Small Slimes","floor":1,"turns":1},{"damage":0,"enemies":"Jaw Worm","floor":4,"turns":1},{"damage":0,"enemies":"3 Sentries","floor":6,"turns":1},{"damage":19,"enemies":"Gremlin Nob","floor":8,"turns":4},{"damage":3,"enemies":"Lagavulin","floor":10,"turns":6},{"damage":15,"enemies":"Gremlin Nob","floor":12,"turns":3},{"damage":0,"enemies":"Cultist","floor":13,"turns":2},{"damage":3,"enemies":"2 Fungi Beasts","floor":14,"turns":3},{"damage":0,"enemies":"Slime Boss","floor":16,"turns":5},{"damage":9,"enemies":"Spheric Guardian","floor":18,"turns":5},{"damage":1,"enemies":"3 Byrds","floor":19,"turns":4},{"damage":46,"enemies":"Slavers","floor":23,"turns":4},{"damage":11,"enemies":"Centurion and Healer","floor":24,"turns":4},{"damage":12,"enemies":"Gremlin Leader","floor":25,"turns":4},{"damage":44,"enemies":"Shelled Parasite and Fungi","floor":27,"turns":5},{"damage":8,"enemies":"Book of Stabbing","floor":30,"turns":4},{"damage":26,"enemies":"Slavers","floor":31,"turns":3},{"damage":43,"enemies":"Champ","floor":33,"turns":8},{"damage":0,"enemies":"3 Shapes","floor":35,"turns":3},{"damage":1,"enemies":"Orb Walker","floor":36,"turns":3},{"damage":34,"enemies":"Writhing Mass","floor":37,"turns":5},{"damage":16,"enemies":"Transient","floor":39,"turns":5},{"damage":69,"enemies":"Giant Head","floor":40,"turns":7}],"seed_played":"5055049236284347854","potions_obtained":[{"floor":8,"key":"FocusPotion"},{"floor":10,"key":"SpeedPotion"},{"floor":12,"key":"SteroidPotion"},{"floor":36,"key":"Fire Potion"}],"is_trial":false,"path_per_floor":["M","?","?","M","$","E","R","E","T","E","$","E","M","M","R","B",null,"M","M","?","?","?","E","M","E","T","M","R","R","E","E","R","B",null,"M","M","M","?","M","E"],"character_chosen":"DEFECT","items_purchased":[],"campfire_rested":1,"item_purchase_floors":[],"current_hp_per_floor":[75,60,60,60,60,60,60,41,41,38,38,35,47,51,51,58,75,73,75,75,59,59,42,50,57,57,32,32,32,36,29,54,30,85,85,85,58,58,61,0],"gold":568,"neow_bonus":"THREE_ENEMY_KILL","is_prod":false,"is_daily":false,"chose_seed":false,"campfire_upgraded":4,"win_rate":0,"timestamp":1558284159,"path_taken":["M","?","?","M","?","E","R","E","T","E","$","E","M","?","R","BOSS","M","M","?","?","?","E","M","E","T","?","R","R","E","E","R","BOSS","M","M","M","?","M","E"],"build_version":"2019-01-23","purchased_purges":2,"victory":false,"max_hp_per_floor":[75,75,75,75,75,75,75,75,75,75,75,75,75,75,75,75,75,75,75,75,75,75,85,85,85,85,85,85,85,85,85,85,85,85,85,85,85,85,85,85],"card_choices":[{"not_picked":["Steam","Rip and Tear","Auto Shields"],"picked":"SKIP","floor":1},{"not_picked":["Rip and Tear","Auto Shields"],"picked":"Steam","floor":1},{"not_picked":["Cold Snap","Static Discharge"],"picked":"Ball Lightning","floor":4},{"not_picked":["Lockon","Sweeping Beam"],"picked":"Leap","floor":6},{"not_picked":["Steam","Undo"],"picked":"Defragment","floor":8},{"not_picked":["Chaos","Go for the Eyes","All For One"],"picked":"SKIP","floor":10},{"not_picked":["Darkness","Sunder"],"picked":"Doom and Gloom","floor":12},{"not_picked":["Fusion","BootSequence"],"picked":"Self Repair","floor":13},{"not_picked":["Skim","Ball Lightning"],"picked":"Darkness","floor":14},{"not_picked":["Hyperbeam","Fission"],"picked":"Biased Cognition","floor":16},{"not_picked":["Beam Cell"],"picked":"SKIP","floor":18},{"not_picked":["Streamline"],"picked":"SKIP","floor":19},{"not_picked":["Leap"],"picked":"SKIP","floor":23},{"not_picked":[],"picked":"Lockon","floor":24},{"not_picked":[],"picked":"Stack+1","floor":25},{"not_picked":[],"picked":"Steam","floor":27},{"not_picked":["Melter+1"],"picked":"SKIP","floor":30},{"not_picked":[],"picked":"Leap+1","floor":31},{"not_picked":["Steam+1"],"picked":"SKIP","floor":35},{"not_picked":["Ball Lightning"],"picked":"SKIP","floor":36},{"not_picked":[],"picked":"Reinforced Body+1","floor":37},{"not_picked":["Ball Lightning+1"],"picked":"SKIP","floor":39}],"player_experience":223365,"relics_obtained":[{"floor":6,"key":"Bag of Preparation"},{"floor":8,"key":"Meat on the Bone"},{"floor":9,"key":"Pen Nib"},{"floor":10,"key":"Symbiotic Virus"},{"floor":12,"key":"WingedGreaves"},{"floor":21,"key":"Necronomicon"},{"floor":23,"key":"Pear"},{"floor":25,"key":"The Courier"},{"floor":26,"key":"Tiny Chest"},{"floor":30,"key":"Toxic Egg 2"},{"floor":31,"key":"Letter Opener"}],"event_choices":[{"damage_healed":0,"gold_gain":0,"player_choice":"Entered Light","damage_taken":15,"max_hp_gain":0,"max_hp_loss":0,"event_name":"Shining Light","floor":2,"gold_loss":0,"cards_upgraded":["Defend_B","Strike_B"]},{"damage_healed":0,"gold_gain":0,"cards_transformed":["Strike_B"],"player_choice":"Change","damage_taken":0,"max_hp_gain":0,"max_hp_loss":0,"event_name":"Living Wall","floor":3,"gold_loss":0,"cards_obtained":["Auto Shields"]},{"cards_removed":["Defend_B"],"damage_healed":0,"gold_gain":0,"player_choice":"Gave Gold","damage_taken":0,"max_hp_gain":0,"max_hp_loss":0,"event_name":"Beggar","floor":20,"gold_loss":75},{"damage_healed":0,"gold_gain":0,"player_choice":"Obtained Book","damage_taken":16,"max_hp_gain":0,"max_hp_loss":0,"event_name":"Cursed Tome","floor":21,"gold_loss":0},{"damage_healed":0,"gold_gain":0,"player_choice":"Ignored","damage_taken":0,"max_hp_gain":0,"max_hp_loss":0,"event_name":"N\u0027loth","floor":22,"gold_loss":0},{"damage_healed":0,"gold_gain":0,"player_choice":"Ignored","damage_taken":0,"max_hp_gain":0,"max_hp_loss":0,"event_name":"Tomb of Lord Red Mask","floor":38,"gold_loss":0}],"is_beta":false,"boss_relics":[{"not_picked":["Calling Bell","Snecko Eye"],"picked":"Busted Crown"},{"not_picked":["Nuclear Battery","Runic Pyramid"],"picked":"Black Star"}],"items_purged_floors":[5,11],"is_endless":false,"potions_floor_spawned":[8,10,12,25,27,31,36],"killed_by":"Giant Head","ascension_level":4}