{"gold_per_floor":[144,189,234,17,62,152,152,152,202,247,292,382,382,427,427,727,727,772,817,862,907,381,471,516,561,586,631,721,766,766,856,856,1156,1156,1201,1246,1291,1336,1381,1471,1516,1561,1561,1561,1606,1205,1250,1295,1295,1295],"floor_reached":51,"playtime":4000,"items_purged":[],"score":890,"play_id":"4b5b62fa-3498-4005-9248-8700bd820a71","local_time":"20190418213745","daily_mods":["Specialized","Vintage","Midas"],"is_ascension_mode":false,"campfire_choices":[{"floor":8.0,"key":"REST"},{"floor":15.0,"key":"REST"},{"floor":30,"key":"REST"},{"data":"1","floor":32,"key":"LIFT"},{"data":"2","floor":49,"key":"LIFT"}],"neow_cost":"","seed_source_timestamp":0,"circlet_count":0,"master_deck":["Strike_B","Strike_B","Strike_B","Strike_B","Defend_B","Defend_B+1","Defend_B","Defend_B+1","Zap","Dualcast+1","Rebound","Rebound+1","Rebound","Rebound","Rebound","Self Repair","Rip and Tear","FTL","Electrodynamics","Metamorphosis+1","Conserve Battery+1","Impatience+1","Streamline+1","Compile Driver+1","Ball Lightning+1","Cold Snap+1","Conserve Battery+1","FTL+1","Core Surge+1","Genetic Algorithm+1","Apotheosis+1","Loop","Metamorphosis+1","Barrage+1","Rip and Tear+1","Dark Shackles+1"],"special_seed":18004,"relics":["Cracked Core","Dodecahedron","Blood Vial","Shuriken","Membership Card","Meat on the Bone","Bottled Lightning","Boot","Regal Pillow","Ancient Tea Set","Happy Flower","Centennial Puzzle","Toxic Egg 2","Velvet Choker","Molten Egg 2","Pen Nib","Girya","Pear","Sling","Bag of Marbles","Oddly Smooth Stone","Mango","Smiling Mask","Dream Catcher","Omamori","Sundial","Bag of Preparation","Gremlin Horn","FossilizedHelix","Black Star","Ginger","Incense Burner","Art of War","Ornamental Fan","Bottled Tornado","Blue Candle","PreservedInsect","DataDisk","Orichalcum","Symbiotic Virus","War Paint","Lantern","DollysMirror","Bottled Flame","Darkstone Periapt"],"potions_floor_usage":[23,23,24,28,33,36,42,50,50,50],"damage_taken":[{"damage":2.0,"enemies":"Small Slimes","floor":1.0,"turns":2.0},{"damage":2.0,"enemies":"2 Louse","floor":2.0,"turns":2.0},{"damage":0.0,"enemies":"Jaw Worm","floor":3.0,"turns":3.0},{"damage":3.0,"enemies":"2 Fungi Beasts","floor":5.0,"turns":3.0},{"damage":31.0,"enemies":"Lagavulin","floor":6.0,"turns":5.0},{"damage":17.0,"enemies":"Gremlin Gang","floor":10.0,"turns":4.0},{"damage":0.0,"enemies":"Exordium Wildlife","floor":11.0,"turns":3.0},{"damage":14.0,"enemies":"Gremlin Nob","floor":12.0,"turns":3.0},{"damage":0.0,"enemies":"Lots of Slimes","floor":14.0,"turns":4.0},{"damage":70.0,"enemies":"The Guardian","floor":16.0,"turns":7.0},{"damage":17.0,"enemies":"3 Byrds","floor":18.0,"turns":3.0},{"damage":0.0,"enemies":"Chosen","floor":19.0,"turns":3.0},{"damage":18.0,"enemies":"Snecko","floor":20.0,"turns":4.0},{"damage":12.0,"enemies":"3 Cultists","floor":21.0,"turns":3.0},{"damage":30,"enemies":"Gremlin Leader","floor":23,"turns":5},{"damage":0,"enemies":"Centurion and Healer","floor":24,"turns":3},{"damage":30,"enemies":"Sentry and Sphere","floor":25,"turns":4},{"damage":14,"enemies":"Cultist and Chosen","floor":27,"turns":4},{"damage":41,"enemies":"Slavers","floor":28,"turns":4},{"damage":30,"enemies":"Snake Plant","floor":29,"turns":3},{"damage":16,"enemies":"Book of Stabbing","floor":31,"turns":3},{"damage":42,"enemies":"Champ","floor":33,"turns":7},{"damage":24,"enemies":"3 Darklings","floor":35,"turns":3},{"damage":13,"enemies":"3 Shapes","floor":36,"turns":2},{"damage":0,"enemies":"Transient","floor":37,"turns":5},{"damage":0,"enemies":"Sphere and 2 Shapes","floor":38,"turns":3},{"damage":35,"enemies":"3 Darklings","floor":39,"turns":4},{"damage":4,"enemies":"Giant Head","floor":40,"turns":6},{"damage":16,"enemies":"Spire Growth","floor":41,"turns":3},{"damage":0,"enemies":"Jaw Worm Horde","floor":42,"turns":3},{"damage":2,"enemies":"Maw","floor":45,"turns":5},{"damage":0,"enemies":"Transient","floor":47,"turns":5},{"damage":0,"enemies":"3 Darklings","floor":48,"turns":2},{"damage":59,"enemies":"Donu and Deca","floor":50,"turns":6}],"seed_played":"-4024911570082513858","potions_obtained":[{"floor":2.0,"key":"SkillPotion"},{"floor":6.0,"key":"FocusPotion"},{"floor":11.0,"key":"SpeedPotion"},{"floor":12.0,"key":"Dexterity Potion"},{"floor":18.0,"key":"Dexterity Potion"},{"floor":19.0,"key":"Explosive Potion"},{"floor":23,"key":"Weak Potion"},{"floor":24,"key":"Energy Potion"},{"floor":29,"key":"SpeedPotion"},{"floor":31,"key":"AttackPotion"},{"floor":35,"key":"Block Potion"},{"floor":40,"key":"FearPotion"},{"floor":41,"key":"SpeedPotion"},{"floor":45,"key":"Explosive Potion"}],"is_trial":false,"path_per_floor":["M","M","M","$","M","E","?","R","T","M","M","E","?","M","R","B",null,"M","M","M","M","$","E","M","M","T","M","E","M","R","E","R","B",null,"M","M","M","M","M","E","M","M","T","?","M","$","M","M","R","B",null],"character_chosen":"DEFECT","items_purchased":["Membership Card","Self Repair","Sling","Bag of Marbles","Oddly Smooth Stone","Metamorphosis+1","Conserve Battery+1","Machine Learning","Impatience+1","Streamline+1","Compile Driver+1","Regen Potion","Lantern","Apotheosis+1","Loop","DollysMirror","Barrage+1","Rip and Tear+1","Dark Shackles+1"],"campfire_rested":3,"item_purchase_floors":[4,4,22,22,22,22,22,22,22,22,22,22,46,46,46,46,46,46,46],"current_hp_per_floor":[73,71,73,73,72,50,35,57,57,49,58,46,39,48,75,24,75,65,67,58,65,65,72,74,65,65,60,33,24,68,61,61,33,99,82,71,80,82,61,66,52,61,61,61,61,61,73,75,75,30],"gold":1295,"neow_bonus":"","is_prod":false,"is_daily":true,"chose_seed":false,"campfire_upgraded":0,"win_rate":0,"timestamp":1555619865,"path_taken":["M","M","M","$","M","E","?","R","T","M","M","E","?","M","R","BOSS","M","M","M","M","$","E","M","M","T","M","E","M","R","E","R","BOSS","M","M","M","M","M","E","M","M","T","?","M","$","M","M","R","BOSS"],"build_version":"2019-01-23","purchased_purges":0,"victory":true,"max_hp_per_floor":[75,75,75,75,75,75,75,75,75,75,75,75,75,75,75,75,75,75,75,75,85,85,99,99,99,99,99,99,99,99,99,99,99,99,99,99,99,99,99,99,99,99,99,99,99,99,99,99,99,99],"card_choices":[{"not_picked":["Steam Power","Stack"],"picked":"Rip and Tear","floor":6.0},{"not_picked":["BootSequence","Ball Lightning"],"picked":"FTL","floor":12.0},{"not_picked":["Rainbow+1","Thunder Strike"],"picked":"Electrodynamics","floor":16.0},{"not_picked":["Melter+1","Loop"],"picked":"Ball Lightning+1","floor":23},{"not_picked":["Skim+1","Compile Driver+1"],"picked":"Cold Snap+1","floor":28},{"not_picked":["Leap+1","Stack+1"],"picked":"Conserve Battery+1","floor":30},{"not_picked":["Hologram+1","Go for the Eyes+1"],"picked":"FTL+1","floor":31},{"not_picked":["Creative AI","Reboot+1"],"picked":"Core Surge+1","floor":33},{"not_picked":["Rebound+1","Hello World"],"picked":"Genetic Algorithm+1","floor":40}],"player_experience":608421,"relics_obtained":[{"floor":1.0,"key":"Dodecahedron"},{"floor":2.0,"key":"Blood Vial"},{"floor":3.0,"key":"Shuriken"},{"floor":5.0,"key":"Meat on the Bone"},{"floor":6.0,"key":"Bottled Lightning"},{"floor":9.0,"key":"Boot"},{"floor":10.0,"key":"Regal Pillow"},{"floor":11.0,"key":"Ancient Tea Set"},{"floor":12.0,"key":"Happy Flower"},{"floor":14.0,"key":"Toxic Egg 2"},{"floor":18.0,"key":"Molten Egg 2"},{"floor":19.0,"key":"Pen Nib"},{"floor":20.0,"key":"Girya"},{"floor":21.0,"key":"Pear"},{"floor":23,"key":"Mango"},{"floor":24,"key":"Smiling Mask"},{"floor":25,"key":"Dream Catcher"},{"floor":26,"key":"Omamori"},{"floor":27,"key":"Sundial"},{"floor":28,"key":"Bag of Preparation"},{"floor":29,"key":"Gremlin Horn"},{"floor":31,"key":"FossilizedHelix"},{"floor":35,"key":"Ginger"},{"floor":36,"key":"Incense Burner"},{"floor":37,"key":"Art of War"},{"floor":38,"key":"Ornamental Fan"},{"floor":39,"key":"Bottled Tornado"},{"floor":40,"key":"Blue Candle"},{"floor":40,"key":"PreservedInsect"},{"floor":41,"key":"DataDisk"},{"floor":42,"key":"Orichalcum"},{"floor":43,"key":"Symbiotic Virus"},{"floor":45,"key":"War Paint"},{"floor":47,"key":"Bottled Flame"},{"floor":48,"key":"Darkstone Periapt"}],"event_choices":[{"damage_healed":0.0,"max_hp_gain":0.0,"max_hp_loss":0.0,"gold_gain":0.0,"event_name":"Shining Light","player_choice":"Entered Light","floor":7.0,"gold_loss":0.0,"damage_taken":15.0,"cards_upgraded":["Rebound","Defend_B"]},{"damage_healed":0.0,"max_hp_gain":0.0,"max_hp_loss":0.0,"gold_gain":0.0,"event_name":"Scrap Ooze","player_choice":"Success","floor":13.0,"gold_loss":0.0,"damage_taken":7.0,"relics_obtained":["Centennial Puzzle"]},{"cards_removed":["Machine Learning"],"damage_healed":0,"gold_gain":0,"player_choice":"Removed Power","damage_taken":0,"max_hp_gain":0,"max_hp_loss":0,"event_name":"Falling","floor":44,"gold_loss":0}],"is_beta":false,"boss_relics":[{"not_picked":["Philosopher\u0027s Stone","Empty Cage"],"picked":"Velvet Choker"},{"not_picked":["Nuclear Battery","Pandora\u0027s Box"],"picked":"Black Star"}],"items_purged_floors":[],"is_endless":false,"potions_floor_spawned":[2,6,11,12,18,19,23,24,29,31,35,40,41,45],"ascension_level":0}