{"gold_per_floor":[109,128,128,141,141,168,24,51,51,51,80,93,108,108,108,213,213,227,245,257,257],"floor_reached":21,"playtime":1108,"items_purged":[],"score":211,"play_id":"e8abbaf8-5b27-4b2d-a8a9-59f5b0fd4c2c","local_time":"20190112131028","is_ascension_mode":true,"campfire_choices":[{"floor":10,"key":"REST"},{"data":"Noxious Fumes","floor":15,"key":"SMITH"}],"neow_cost":"NONE","seed_source_timestamp":235598106936354,"circlet_count":0,"master_deck":["Defend_G","Defend_G","Defend_G","Defend_G","Defend_G","Strike_G","Strike_G","Strike_G","Strike_G","Survivor","Neutralize","Dagger Throw","Acrobatics","Deadly Poison","Well Laid Plans","All Out Attack","Adrenaline","Noxious Fumes+1","Noxious Fumes","Tools of the Trade","Deadly Poison","Blur","Deadly Poison"],"relics":["Ring of the Snake","NeowsBlessing","StoneCalendar","Tingsha","Oddly Smooth Stone","Art of War","Dream Catcher","Ancient Tea Set","Darkstone Periapt","Busted Crown"],"potions_floor_usage":[21,21],"damage_taken":[{"damage":0,"enemies":"Jaw Worm","floor":1,"turns":1},{"damage":0,"enemies":"Cultist","floor":2,"turns":1},{"damage":0,"enemies":"Small Slimes","floor":4,"turns":1},{"damage":18,"enemies":"3 Sentries","floor":6,"turns":7},{"damage":23,"enemies":"Lagavulin","floor":8,"turns":7},{"damage":20,"enemies":"Gremlin Nob","floor":11,"turns":4},{"damage":3,"enemies":"Blue Slaver","floor":12,"turns":3},{"damage":0,"enemies":"Lots of Slimes","floor":13,"turns":2},{"damage":9,"enemies":"The Guardian","floor":16,"turns":7},{"damage":2,"enemies":"Spheric Guardian","floor":18,"turns":5},{"damage":16,"enemies":"2 Thieves","floor":19,"turns":4},{"damage":5,"enemies":"Snecko","floor":20,"turns":5},{"damage":29,"enemies":"Colosseum Slavers","floor":21,"turns":4},{"damage":50,"enemies":"Colosseum Nobs","floor":21,"turns":4}],"seed_played":"-8446445223162062995","potions_obtained":[{"floor":2,"key":"Weak Potion"},{"floor":8,"key":"Weak Potion"},{"floor":11,"key":"SkillPotion"},{"floor":18,"key":"Strength Potion"}],"is_trial":false,"path_per_floor":["M","M","?","M","T","E","$","E","T","R","E","M","M","?","R","B",null,"M","M","M","?"],"character_chosen":"THE_SILENT","items_purchased":["Art of War"],"campfire_rested":1,"item_purchase_floors":[7],"current_hp_per_floor":[70,70,70,70,70,52,52,29,29,50,30,27,27,27,27,18,70,68,52,47,0],"gold":257,"neow_bonus":"THREE_ENEMY_KILL","is_prod":false,"is_daily":false,"chose_seed":false,"campfire_upgraded":1,"win_rate":0,"timestamp":1547316628,"path_taken":["M","M","?","?","?","E","$","E","T","R","E","M","M","?","R","BOSS","M","M","?","?"],"build_version":"2019-01-10","purchased_purges":0,"victory":false,"max_hp_per_floor":[70,70,70,70,70,70,70,70,70,70,70,70,70,70,70,70,70,70,70,70,70],"card_choices":[{"not_picked":["Outmaneuver","Underhanded Strike"],"picked":"Dagger Throw","floor":1},{"not_picked":["Flechettes","Catalyst"],"picked":"Acrobatics","floor":2},{"not_picked":["Bane","Catalyst"],"picked":"Deadly Poison","floor":4},{"not_picked":["Riddle With Holes","Flechettes"],"picked":"Well Laid Plans","floor":6},{"not_picked":["Acrobatics","Underhanded Strike"],"picked":"All Out Attack","floor":8},{"not_picked":["Acrobatics","Distraction"],"picked":"Adrenaline","floor":11},{"not_picked":["Blade Dance","Quick Slash"],"picked":"Noxious Fumes","floor":12},{"not_picked":["Bane","Quick Slash"],"picked":"Noxious Fumes","floor":13},{"not_picked":["Malaise","Glass Knife"],"picked":"Tools of the Trade","floor":16},{"not_picked":[],"picked":"Deadly Poison","floor":18},{"not_picked":[],"picked":"Blur","floor":19},{"not_picked":[],"picked":"Deadly Poison","floor":20}],"player_experience":203471,"relics_obtained":[{"floor":5,"key":"Tingsha"},{"floor":6,"key":"Oddly Smooth Stone"},{"floor":8,"key":"Dream Catcher"},{"floor":9,"key":"Ancient Tea Set"},{"floor":11,"key":"Darkstone Periapt"}],"event_choices":[{"damage_healed":0,"gold_gain":0,"player_choice":"Gave Potion","damage_taken":0,"relics_obtained":["StoneCalendar"],"max_hp_gain":0,"max_hp_loss":0,"event_name":"WeMeetAgain","floor":3,"gold_loss":0},{"cards_removed":["Strike_G"],"damage_healed":0,"gold_gain":0,"player_choice":"Offered Basic","damage_taken":0,"max_hp_gain":0,"max_hp_loss":0,"event_name":"Bonfire Elementals","floor":14,"gold_loss":0},{"damage_healed":0,"gold_gain":0,"player_choice":"Fight","damage_taken":0,"max_hp_gain":0,"max_hp_loss":0,"event_name":"Colosseum","floor":21,"gold_loss":0},{"damage_healed":0,"gold_gain":0,"player_choice":"Fought Nobs","damage_taken":0,"max_hp_gain":0,"max_hp_loss":0,"event_name":"Colosseum","floor":21,"gold_loss":0}],"is_beta":false,"boss_relics":[{"not_picked":["Ectoplasm","Snecko Eye"],"picked":"Busted Crown"}],"items_purged_floors":[],"is_endless":false,"potions_floor_spawned":[2,8,11,18,20],"killed_by":"Colosseum Nobs","ascension_level":1}