{"gold_per_floor":[112,92,92,92,109,141,141,175,224,252,262,275,307,327,327,431,431,446,68,96,113,113,125,171,183,195,81,107,126,140,165,165,262,262,275,291,309,531,78,78,78,112,112,112,112,123,138,138,138,138],"floor_reached":51,"playtime":2294,"items_purged":["Strike_R","Defend_R"],"score":850,"play_id":"056ce983-4f66-49c6-8b92-5c63f5e5b9a4","local_time":"20181028023244","is_ascension_mode":true,"campfire_choices":[{"data":"Flex","floor":7,"key":"SMITH"},{"data":"Limit Break","floor":15,"key":"SMITH"},{"data":"True Grit","floor":23,"key":"SMITH"},{"data":"Barricade","floor":25,"key":"SMITH"},{"data":"Entrench","floor":32,"key":"SMITH"},{"data":"Impervious","floor":40,"key":"SMITH"},{"data":"Spot Weakness","floor":44,"key":"SMITH"},{"data":"Madness","floor":49,"key":"SMITH"}],"neow_cost":"NONE","seed_source_timestamp":1523962373674004,"circlet_count":0,"master_deck":["Defend_R+1","Defend_R+1","Defend_R","Bash","Flex+1","Immolate","Twin Strike","Twin Strike+1","Barricade+1","Limit Break+1","Anger+1","Entrench+1","Headbutt+1","Brutality","Dual Wield+1","Evolve+1","Power Through+1","Heavy Blade+1","True Grit+1","Spot Weakness+1","Rage+1","Thunderclap+1","Impervious+1","Inflame+1","Anger+1","Berserk","Inflame+1","Madness+1","Madness"],"relics":["Burning Blood","NeowsBlessing","Thread and Needle","Molten Egg 2","Meat on the Bone","Oddly Smooth Stone","War Paint","Gremlin Horn","Astrolabe","Self Forming Clay","Red Mask","MawBank","Lantern","Bottled Lightning","Magic Flower","Turnip","Busted Crown","TheAbacus","Bottled Flame","Mummified Hand","Question Card","Smiling Mask"],"potions_floor_usage":[8,13,16,33,33,50],"damage_taken":[{"damage":0,"enemies":"2 Louse","floor":1,"turns":1},{"damage":0,"enemies":"Cultist","floor":5,"turns":1},{"damage":0,"enemies":"Gremlin Nob","floor":6,"turns":1},{"damage":19,"enemies":"Lagavulin","floor":8,"turns":4},{"damage":25,"enemies":"Gremlin Nob","floor":10,"turns":4},{"damage":0,"enemies":"Small Slimes","floor":11,"turns":2},{"damage":0,"enemies":"3 Louse","floor":12,"turns":1},{"damage":5,"enemies":"3 Sentries","floor":13,"turns":3},{"damage":0,"enemies":"2 Fungi Beasts","floor":14,"turns":2},{"damage":49,"enemies":"Hexaghost","floor":16,"turns":8},{"damage":10,"enemies":"Chosen","floor":18,"turns":5},{"damage":0,"enemies":"Masked Bandits","floor":20,"turns":2},{"damage":6,"enemies":"2 Thieves","floor":21,"turns":3},{"damage":13,"enemies":"Book of Stabbing","floor":24,"turns":6},{"damage":11,"enemies":"Gremlin Leader","floor":28,"turns":5},{"damage":5,"enemies":"Snecko","floor":29,"turns":6},{"damage":10,"enemies":"Shelled Parasite and Fungi","floor":30,"turns":3},{"damage":17,"enemies":"Book of Stabbing","floor":31,"turns":5},{"damage":37,"enemies":"Collector","floor":33,"turns":10},{"damage":32,"enemies":"3 Darklings","floor":35,"turns":6},{"damage":12,"enemies":"Orb Walker","floor":36,"turns":4},{"damage":3,"enemies":"Jaw Worm Horde","floor":37,"turns":5},{"damage":25,"enemies":"Nemesis","floor":42,"turns":9},{"damage":2,"enemies":"Maw","floor":46,"turns":8},{"damage":14,"enemies":"Spire Growth","floor":47,"turns":3},{"damage":33,"enemies":"Time Eater","floor":50,"turns":12}],"seed_played":"-4506341700466630859","potions_obtained":[{"floor":1,"key":"FairyPotion"},{"floor":2,"key":"Poison Potion"},{"floor":8,"key":"Dexterity Potion"},{"floor":12,"key":"AttackPotion"},{"floor":24,"key":"Fire Potion"},{"floor":28,"key":"Energy Potion"},{"floor":33,"key":"Dexterity Potion"},{"floor":35,"key":"FearPotion"}],"is_trial":false,"path_per_floor":["M","?","?","T","M","E","R","E","T","E","M","M","E","M","R","B",null,"M","$","?","M","T","R","E","R","T","$","E","M","M","E","R","B",null,"M","M","M","?","$","R","$","E","T","R","?","M","M","T","R","B"],"character_chosen":"IRONCLAD","items_purchased":["Self Forming Clay","True Grit","Thunderclap+1","TheAbacus","Bottled Flame"],"campfire_rested":0,"item_purchase_floors":[19,19,27,39,39],"current_hp_per_floor":[80,80,80,80,80,80,80,67,67,48,54,60,61,67,67,36,80,76,76,80,80,80,80,73,73,73,73,68,72,71,63,63,53,80,57,54,60,60,60,60,60,62,62,62,52,59,54,54,54,48],"gold":138,"neow_bonus":"THREE_ENEMY_KILL","is_prod":false,"is_daily":false,"chose_seed":false,"campfire_upgraded":8,"win_rate":0,"timestamp":1540708364,"path_taken":["M","?","?","?","M","E","R","E","T","E","M","M","E","?","R","BOSS","M","$","?","M","?","R","E","R","T","$","E","?","M","E","R","BOSS","M","M","M","?","$","R","$","E","T","R","?","M","M","?","R","BOSS"],"build_version":"2018-10-25v2","purchased_purges":2,"victory":true,"max_hp_per_floor":[80,80,80,80,80,80,80,80,80,80,80,80,80,80,80,80,80,80,80,80,80,80,80,80,80,80,80,80,80,80,80,80,80,80,80,80,80,80,80,80,80,80,80,80,80,80,80,80,80,80],"card_choices":[{"not_picked":["Dropkick","Cleave"],"picked":"Flex","floor":1},{"not_picked":["Evolve","Clothesline"],"picked":"Twin Strike","floor":5},{"not_picked":["Havoc","Wild Strike"],"picked":"Twin Strike","floor":6},{"not_picked":["Feel No Pain","Warcry"],"picked":"Barricade","floor":8},{"not_picked":["Cleave+1","Second Wind"],"picked":"Limit Break","floor":10},{"not_picked":["Burning Pact","Clothesline+1"],"picked":"Anger+1","floor":11},{"not_picked":["Havoc","True Grit"],"picked":"Entrench","floor":12},{"not_picked":["Fire Breathing","Sword Boomerang+1"],"picked":"Headbutt+1","floor":13},{"not_picked":["Perfected Strike+1","Wild Strike+1","Havoc"],"picked":"SKIP","floor":14},{"not_picked":["Barricade","Dark Embrace"],"picked":"Brutality","floor":16},{"not_picked":["Havoc","Perfected Strike+1"],"picked":"Heavy Blade+1","floor":18},{"not_picked":["Headbutt+1","Searing Blow+1"],"picked":"Spot Weakness","floor":21},{"not_picked":["Intimidate+1","Armaments+1"],"picked":"Rage+1","floor":24},{"not_picked":["Power Through+1","Ghostly Armor"],"picked":"Impervious","floor":28},{"not_picked":["Fire Breathing","Pommel Strike+1","Headbutt+1"],"picked":"SKIP","floor":29},{"not_picked":["Body Slam+1","Wild Strike+1"],"picked":"Inflame+1","floor":30},{"not_picked":["Dual Wield","Bludgeon+1"],"picked":"Anger+1","floor":31},{"not_picked":["Barricade","Immolate+1"],"picked":"Berserk","floor":33},{"not_picked":["Wild Strike+1"],"picked":"SKIP","floor":35},{"not_picked":[],"picked":"Inflame+1","floor":36},{"not_picked":["Evolve"],"picked":"SKIP","floor":37},{"not_picked":["Clothesline+1"],"picked":"SKIP","floor":42},{"not_picked":["Twin Strike+1","Sword Boomerang+1"],"picked":"SKIP","floor":46},{"not_picked":["Spot Weakness","Headbutt+1"],"picked":"SKIP","floor":47}],"player_experience":107064,"relics_obtained":[{"floor":4,"key":"Thread and Needle"},{"floor":6,"key":"Molten Egg 2"},{"floor":8,"key":"Meat on the Bone"},{"floor":9,"key":"Oddly Smooth Stone"},{"floor":10,"key":"War Paint"},{"floor":13,"key":"Gremlin Horn"},{"floor":20,"key":"Red Mask"},{"floor":22,"key":"MawBank"},{"floor":24,"key":"Lantern"},{"floor":26,"key":"Bottled Lightning"},{"floor":28,"key":"Magic Flower"},{"floor":31,"key":"Turnip"},{"floor":42,"key":"Mummified Hand"},{"floor":43,"key":"Question Card"},{"floor":48,"key":"Smiling Mask"}],"event_choices":[{"damage_healed":0,"gold_gain":0,"player_choice":"Bought 1 Potion","damage_taken":0,"max_hp_gain":0,"max_hp_loss":0,"event_name":"The Woman in Blue","floor":2,"gold_loss":0},{"damage_healed":0,"gold_gain":0,"cards_transformed":["Strike_R"],"player_choice":"Change","damage_taken":0,"max_hp_gain":0,"max_hp_loss":0,"event_name":"Living Wall","floor":3,"gold_loss":0,"cards_obtained":["Immolate"]},{"damage_healed":0,"gold_gain":0,"player_choice":"Fought Bandits","damage_taken":0,"max_hp_gain":0,"max_hp_loss":0,"event_name":"Masked Bandits","floor":20,"gold_loss":0},{"damage_healed":0,"gold_gain":222,"player_choice":"Wore Mask","damage_taken":0,"max_hp_gain":0,"max_hp_loss":0,"event_name":"Tomb of Lord Red Mask","floor":38,"gold_loss":0},{"damage_healed":0,"gold_gain":0,"player_choice":"Embrace Madness","damage_taken":10,"max_hp_gain":0,"max_hp_loss":0,"event_name":"Winding Halls","floor":45,"gold_loss":0,"cards_obtained":["Madness","Madness"]}],"is_beta":false,"boss_relics":[{"not_picked":["Velvet Choker","Runic Cube"],"picked":"Astrolabe"},{"not_picked":["Fusion Hammer","Black Blood"],"picked":"Busted Crown"}],"items_purged_floors":[19,27],"is_endless":false,"potions_floor_spawned":[1,8,12,24,28,30,31,33,35,42,47],"ascension_level":1}