{"gold_per_floor":[119,119,138,138,150,182,182,182,206,223,257,277,289,309,309,411,411,424,339,359,79,93,123,123,123,123,123,223,223,234,244,244,344,344,361,361,39,50,61,61,61,161,161,161,173,82,114,126,126,126],"floor_reached":51,"playtime":5587,"items_purged":[],"score":818,"play_id":"2eecebbb-7423-4d73-bc8c-56f9410ab8fc","local_time":"20190217125809","is_ascension_mode":true,"campfire_choices":[{"floor":7,"key":"REST"},{"floor":15,"key":"REST"},{"floor":24,"key":"REST"},{"floor":27,"key":"REST"},{"floor":32,"key":"REST"},{"data":"1","floor":40,"key":"LIFT"},{"floor":44,"key":"REST"},{"data":"2","floor":49,"key":"LIFT"}],"neow_cost":"NONE","seed_source_timestamp":22260888091100,"circlet_count":0,"master_deck":["Strike_R","Strike_R","Strike_R","Strike_R","Strike_R","Defend_R","Defend_R","Defend_R","Defend_R","Bash","Iron Wave","Shrug It Off","Intimidate","Feed","Cleave","Pain","Rage","Infernal Blade","Iron Wave","Shrug It Off","Iron Wave","Anger","Demon Form","Inflame+1","Warcry+1","Spot Weakness+1","Cleave","Searing Blow","Armaments+1","Headbutt","Pummel+1","Inflame","Demon Form","Cleave+1","Double Tap+1","Shrug It Off+1","Blood for Blood","Pummel","Seeing Red+1","Madness+1","Madness+1","Shrug It Off+1","Barricade","Heavy Blade+1","Jack Of All Trades+1","Sentinel+1","Dual Wield+1"],"relics":["Burning Blood","Dream Catcher","Strawberry","WarpedTongs","Pen Nib","Boot","Runic Cube","Toxic Egg 2","Kunai","Orichalcum","Mummified Hand","Magic Flower","Matryoshka","Fusion Hammer","Mercury Hourglass","Girya","Calipers","Vajra","Meat on the Bone","Singing Bowl"],"potions_floor_usage":[11,14,14,16,22,30,39,50,50],"damage_taken":[{"damage":0,"enemies":"Small Slimes","floor":1,"turns":3},{"damage":8,"enemies":"2 Louse","floor":3,"turns":3},{"damage":0,"enemies":"Cultist","floor":5,"turns":4},{"damage":27,"enemies":"Gremlin Nob","floor":6,"turns":5},{"damage":7,"enemies":"Looter","floor":10,"turns":3},{"damage":31,"enemies":"Lagavulin","floor":11,"turns":7},{"damage":25,"enemies":"Exordium Thugs","floor":12,"turns":5},{"damage":3,"enemies":"Exordium Wildlife","floor":13,"turns":2},{"damage":13,"enemies":"Large Slime","floor":14,"turns":6},{"damage":65,"enemies":"The Guardian","floor":16,"turns":10},{"damage":28,"enemies":"Spheric Guardian","floor":18,"turns":5},{"damage":41,"enemies":"2 Thieves","floor":20,"turns":4},{"damage":4,"enemies":"Chosen and Byrds","floor":22,"turns":5},{"damage":19,"enemies":"Book of Stabbing","floor":23,"turns":4},{"damage":14,"enemies":"Colosseum Slavers","floor":28,"turns":3},{"damage":12,"enemies":"Colosseum Nobs","floor":28,"turns":5},{"damage":5,"enemies":"Centurion and Healer","floor":30,"turns":5},{"damage":23,"enemies":"Shelled Parasite and Fungi","floor":31,"turns":3},{"damage":83,"enemies":"Automaton","floor":33,"turns":9},{"damage":41,"enemies":"3 Darklings","floor":35,"turns":3},{"damage":12,"enemies":"3 Shapes","floor":38,"turns":2},{"damage":13,"enemies":"Transient","floor":39,"turns":5},{"damage":25,"enemies":"Mind Bloom Boss Battle","floor":42,"turns":6},{"damage":34,"enemies":"Maw","floor":45,"turns":6},{"damage":21,"enemies":"Nemesis","floor":47,"turns":3},{"damage":0,"enemies":"Sphere and 2 Shapes","floor":48,"turns":3},{"damage":36,"enemies":"Donu and Deca","floor":50,"turns":3}],"seed_played":"-8612540238436494699","potions_obtained":[{"floor":6,"key":"Strength Potion"},{"floor":10,"key":"SpeedPotion"},{"floor":12,"key":"BloodPotion"},{"floor":13,"key":"BloodPotion"},{"floor":14,"key":"Swift Potion"},{"floor":20,"key":"Regen Potion"},{"floor":28,"key":"BloodPotion"},{"floor":31,"key":"Strength Potion"},{"floor":39,"key":"FearPotion"},{"floor":42,"key":"SmokeBomb"},{"floor":47,"key":"Weak Potion"},{"floor":48,"key":"Ancient Potion"}],"is_trial":false,"path_per_floor":["M","?","M","?","M","E","R","?","T","M","E","M","M","M","R","B",null,"M","?","M","$","M","E","R","?","T","R","?","?","M","M","R","B",null,"M","?","$","M","M","R","?","?","T","R","M","$","E","M","R","B",null],"character_chosen":"IRONCLAD","items_purchased":["Kunai","Spot Weakness+1","Girya","Blood for Blood","Jack Of All Trades+1"],"campfire_rested":6,"item_purchase_floors":[21,21,37,37,46],"current_hp_per_floor":[80,80,78,78,80,66,87,87,87,86,61,42,48,59,86,27,90,71,71,36,36,52,42,70,51,51,81,71,71,90,76,105,31,105,73,73,73,70,66,66,53,37,37,68,61,61,67,81,81,72],"gold":126,"neow_bonus":"RANDOM_COMMON_RELIC","is_prod":false,"is_daily":false,"chose_seed":false,"campfire_upgraded":0,"win_rate":0,"timestamp":1550408289,"path_taken":["M","?","M","?","M","E","R","?","T","M","E","M","?","M","R","BOSS","M","?","M","?","?","E","R","?","T","R","?","?","M","?","R","BOSS","M","?","$","?","M","R","?","?","T","R","M","?","E","M","R","BOSS"],"build_version":"2019-01-23","purchased_purges":0,"victory":true,"max_hp_per_floor":[80,80,80,80,80,87,87,87,87,87,87,87,90,90,90,90,90,93,93,93,93,93,96,96,101,101,101,105,105,105,105,105,105,105,105,105,105,105,105,105,105,105,105,105,105,105,105,108,108,108],"card_choices":[{"not_picked":["Twin Strike","True Grit"],"picked":"Iron Wave","floor":1},{"not_picked":["Warcry","Havoc"],"picked":"Shrug It Off","floor":3},{"not_picked":["Sever Soul","Clash"],"picked":"Intimidate","floor":5},{"not_picked":["Carnage","Havoc"],"picked":"Feed","floor":6},{"not_picked":["Perfected Strike","Shockwave"],"picked":"Cleave","floor":7},{"not_picked":["Wild Strike","Heavy Blade"],"picked":"Rage","floor":10},{"not_picked":["Iron Wave","Carnage"],"picked":"Infernal Blade","floor":11},{"not_picked":["Heavy Blade","Clash"],"picked":"Iron Wave","floor":12},{"not_picked":["Perfected Strike","True Grit"],"picked":"Shrug It Off","floor":13},{"not_picked":["Combust","Pommel Strike"],"picked":"Iron Wave","floor":14},{"not_picked":["Brutality","Clash"],"picked":"Anger","floor":15},{"not_picked":["Immolate","Bludgeon"],"picked":"Demon Form","floor":16},{"not_picked":["Shrug It Off","Clothesline+1"],"picked":"Inflame+1","floor":18},{"not_picked":["Clash","Reckless Charge+1"],"picked":"Warcry+1","floor":20},{"not_picked":["Warcry+1","Flex+1"],"picked":"Cleave","floor":22},{"not_picked":["Clash","Flex+1"],"picked":"Searing Blow","floor":23},{"not_picked":["Clothesline","Clash"],"picked":"Armaments+1","floor":24},{"not_picked":["Battle Trance+1","Sever Soul"],"picked":"Headbutt","floor":27},{"not_picked":["Rampage","Combust"],"picked":"Pummel+1","floor":28},{"not_picked":["Twin Strike","Battle Trance+1"],"picked":"Inflame","floor":30},{"not_picked":["Battle Trance+1","Uppercut"],"picked":"Demon Form","floor":31},{"not_picked":["Flex+1","Headbutt"],"picked":"Cleave+1","floor":32},{"not_picked":["Immolate","Brutality"],"picked":"Double Tap+1","floor":33},{"not_picked":["Clothesline","Armaments+1"],"picked":"Shrug It Off+1","floor":35},{"not_picked":["Carnage","Clash"],"picked":"Pummel","floor":38},{"not_picked":["Havoc+1","Armaments+1"],"picked":"Seeing Red+1","floor":39},{"not_picked":["True Grit+1","Perfected Strike+1"],"picked":"Shrug It Off+1","floor":42},{"not_picked":["Disarm+1","Anger"],"picked":"Barricade","floor":44},{"not_picked":["Ghostly Armor+1","Bloodletting+1"],"picked":"Heavy Blade+1","floor":45},{"not_picked":["Armaments+1","Second Wind+1"],"picked":"Sentinel+1","floor":47},{"not_picked":["Wild Strike","Warcry+1"],"picked":"Dual Wield+1","floor":48}],"player_experience":106924,"relics_obtained":[{"floor":6,"key":"Strawberry"},{"floor":9,"key":"Pen Nib"},{"floor":11,"key":"Boot"},{"floor":23,"key":"Orichalcum"},{"floor":26,"key":"Mummified Hand"},{"floor":28,"key":"Magic Flower"},{"floor":28,"key":"Matryoshka"},{"floor":42,"key":"Calipers"},{"floor":43,"key":"Vajra"},{"floor":43,"key":"Meat on the Bone"},{"floor":47,"key":"Singing Bowl"}],"event_choices":[{"damage_healed":0,"gold_gain":0,"player_choice":"Leave","damage_taken":0,"max_hp_gain":0,"max_hp_loss":0,"event_name":"The Cleric","floor":2,"gold_loss":0},{"damage_healed":0,"gold_gain":0,"player_choice":"Ignored","damage_taken":0,"max_hp_gain":0,"max_hp_loss":0,"event_name":"Golden Wing","floor":4,"gold_loss":0},{"damage_healed":0,"gold_gain":0,"player_choice":"Rummage","damage_taken":0,"relics_obtained":["WarpedTongs"],"max_hp_gain":0,"max_hp_loss":0,"event_name":"Accursed Blacksmith","floor":8,"gold_loss":0,"cards_obtained":["Pain"]},{"damage_healed":0,"gold_gain":0,"player_choice":"Obtained Relic","damage_taken":0,"relics_obtained":["Toxic Egg 2"],"max_hp_gain":0,"max_hp_loss":0,"event_name":"Addict","floor":19,"gold_loss":85},{"damage_healed":0,"gold_gain":0,"player_choice":"Shed Blood","damage_taken":24,"max_hp_gain":5,"max_hp_loss":0,"event_name":"Forgotten Altar","floor":25,"gold_loss":0},{"damage_healed":0,"gold_gain":0,"player_choice":"Fight","damage_taken":0,"max_hp_gain":0,"max_hp_loss":0,"event_name":"Colosseum","floor":28,"gold_loss":0},{"damage_healed":0,"gold_gain":0,"player_choice":"Fought Nobs","damage_taken":0,"max_hp_gain":0,"max_hp_loss":0,"event_name":"Colosseum","floor":28,"gold_loss":0},{"damage_healed":0,"gold_gain":0,"player_choice":"Ignored","damage_taken":0,"max_hp_gain":0,"max_hp_loss":0,"event_name":"Purifier","floor":29,"gold_loss":0},{"damage_healed":0,"gold_gain":0,"player_choice":"Gave Potion","damage_taken":0,"relics_obtained":["Mercury Hourglass"],"max_hp_gain":0,"max_hp_loss":0,"event_name":"WeMeetAgain","floor":36,"gold_loss":0},{"damage_healed":0,"gold_gain":0,"player_choice":"Embrace Madness","damage_taken":13,"max_hp_gain":0,"max_hp_loss":0,"event_name":"Winding Halls","floor":41,"gold_loss":0,"cards_obtained":["Madness","Madness"]},{"damage_healed":0,"gold_gain":0,"player_choice":"Fight","damage_taken":0,"max_hp_gain":0,"max_hp_loss":0,"event_name":"MindBloom","floor":42,"gold_loss":0}],"is_beta":false,"boss_relics":[{"not_picked":["White Beast Statue","Orrery"],"picked":"Runic Cube"},{"not_picked":["Runic Dome","Tiny House"],"picked":"Fusion Hammer"}],"items_purged_floors":[],"is_endless":false,"potions_floor_spawned":[6,10,12,13,14,20,28,28,31,39,42,47,48],"ascension_level":1}