{"gold_per_floor":[112,112,37,37,37,63,78,43,66,66,66,81,101,128,128,224,224,240,240,254,74,100,100,116,116,142,161,190,190],"floor_reached":29,"playtime":1986,"items_purged":["Defend_G","Defend_G"],"score":301,"play_id":"f35fbda4-bb77-4266-be10-b6da66c90f96","local_time":"20181023000339","is_ascension_mode":false,"campfire_choices":[{"data":"Tools of the Trade","floor":10,"key":"SMITH"},{"data":"Footwork","floor":15,"key":"SMITH"},{"floor":23,"key":"REST"},{"floor":25,"key":"REST"}],"neow_cost":"NONE","seed_source_timestamp":1083329393264661,"circlet_count":0,"master_deck":["Defend_G","Defend_G","Strike_G","Strike_G","Strike_G+1","Strike_G+1","Strike_G+1","Survivor+1","Neutralize","Dodge and Roll","Tools of the Trade+1","Flying Knee","Escape Plan","Footwork+1","Underhanded Strike","Burst","Noxious Fumes","Blur","PiercingWail","Distraction","Footwork","Backflip","All Out Attack","Caltrops","Footwork","Envenom"],"relics":["Ring of the Snake","NeowsBlessing","Whetstone","PreservedInsect","CultistMask","Bottled Lightning","Orrery","MutagenicStrength","Red Mask","Lantern","Ancient Tea Set"],"potions_floor_usage":[16,16,28,28],"damage_taken":[{"damage":0,"enemies":"Jaw Worm","floor":1,"turns":1},{"damage":0,"enemies":"Gremlin Nob","floor":6,"turns":1},{"damage":0,"enemies":"Cultist","floor":7,"turns":1},{"damage":0,"enemies":"Small Slimes","floor":12,"turns":4},{"damage":1,"enemies":"Blue Slaver","floor":13,"turns":4},{"damage":3,"enemies":"3 Sentries","floor":14,"turns":9},{"damage":33,"enemies":"The Guardian","floor":16,"turns":11},{"damage":15,"enemies":"3 Byrds","floor":18,"turns":7},{"damage":15,"enemies":"Spheric Guardian","floor":20,"turns":10},{"damage":33,"enemies":"Masked Bandits","floor":22,"turns":9},{"damage":12,"enemies":"Shelled Parasite and Fungi","floor":24,"turns":9},{"damage":8,"enemies":"Cultist and Chosen","floor":27,"turns":8},{"damage":27,"enemies":"Gremlin Leader","floor":28,"turns":9},{"damage":8,"enemies":"Centurion and Healer","floor":29,"turns":3}],"seed_played":"8834642777925423449","potions_obtained":[{"floor":6,"key":"Energy Potion"},{"floor":7,"key":"Energy Potion"},{"floor":13,"key":"SmokeBomb"},{"floor":14,"key":"LiquidBronze"},{"floor":18,"key":"Energy Potion"},{"floor":22,"key":"PowerPotion"}],"is_trial":false,"path_per_floor":["M","?","$","?","?","E","M","$","T","R","?","M","M","E","R","B",null,"M","?","M","$","?","R","M","R","T","M","E"],"character_chosen":"THE_SILENT","items_purchased":["Escape Plan","Caltrops"],"campfire_rested":2,"item_purchase_floors":[8,21],"current_hp_per_floor":[70,70,70,56,70,70,70,70,70,70,70,70,69,66,66,33,70,55,55,40,40,7,28,16,37,37,29,2,0],"gold":190,"neow_bonus":"THREE_ENEMY_KILL","is_prod":false,"is_daily":false,"chose_seed":false,"campfire_upgraded":2,"win_rate":0,"timestamp":1540267419,"path_taken":["M","?","$","?","?","E","?","?","T","R","?","M","M","E","R","BOSS","M","?","M","?","?","R","M","R","T","M","E","M"],"build_version":"2018-10-18","purchased_purges":2,"victory":false,"max_hp_per_floor":[70,70,70,70,70,70,70,70,70,70,70,70,70,70,70,70,70,70,70,70,70,70,70,70,70,70,70,70,70],"card_choices":[{"not_picked":["Outmaneuver","Acrobatics"],"picked":"Dodge and Roll","floor":1},{"not_picked":["Heel Hook","Blade Dance"],"picked":"Tools of the Trade","floor":6},{"not_picked":["Dash","PiercingWail"],"picked":"Flying Knee","floor":7},{"not_picked":["Bane","Prepared"],"picked":"Footwork","floor":12},{"not_picked":["Bouncing Flask","Slice","Dodge and Roll"],"picked":"SKIP","floor":13},{"not_picked":["Choke","Deadly Poison"],"picked":"Underhanded Strike","floor":14},{"not_picked":["Malaise","Wraith Form v2"],"picked":"Burst","floor":16},{"not_picked":["Backflip","Dagger Throw"],"picked":"Noxious Fumes","floor":17},{"not_picked":["Prepared","Flying Knee"],"picked":"Blur","floor":17},{"not_picked":["Quick Slash","Well Laid Plans"],"picked":"PiercingWail","floor":17},{"not_picked":["Dagger Throw","Blade Dance"],"picked":"Distraction","floor":17},{"not_picked":["PiercingWail","Slice"],"picked":"Footwork","floor":17},{"not_picked":["Finisher","Bouncing Flask"],"picked":"Backflip","floor":18},{"not_picked":["Blur","Sucker Punch"],"picked":"All Out Attack","floor":20},{"not_picked":["Outmaneuver","Flying Knee"],"picked":"Footwork","floor":22},{"not_picked":["Underhanded Strike","Well Laid Plans"],"picked":"Envenom","floor":24},{"not_picked":["Infinite Blades","Choke","Crippling Poison"],"picked":"SKIP","floor":27},{"not_picked":["Quick Slash","Backflip","Slice"],"picked":"SKIP","floor":28}],"player_experience":63112,"relics_obtained":[{"floor":6,"key":"Whetstone"},{"floor":9,"key":"PreservedInsect"},{"floor":14,"key":"Bottled Lightning"},{"floor":22,"key":"Red Mask"},{"floor":26,"key":"Lantern"},{"floor":28,"key":"Ancient Tea Set"}],"event_choices":[{"cards_removed":["Defend_G"],"damage_healed":0,"gold_gain":0,"player_choice":"Offered Basic","damage_taken":0,"max_hp_gain":0,"max_hp_loss":0,"event_name":"Bonfire Elementals","floor":2,"gold_loss":0},{"damage_healed":0,"gold_gain":0,"player_choice":"Entered Light","damage_taken":14,"max_hp_gain":0,"max_hp_loss":0,"event_name":"Shining Light","floor":4,"gold_loss":0,"cards_upgraded":["Survivor","Strike_G"]},{"damage_healed":23,"gold_gain":0,"player_choice":"Banana","damage_taken":0,"max_hp_gain":0,"max_hp_loss":0,"event_name":"Big Fish","floor":5,"gold_loss":0},{"damage_healed":0,"gold_gain":0,"player_choice":"Trade","damage_taken":0,"relics_obtained":["CultistMask"],"max_hp_gain":0,"max_hp_loss":0,"event_name":"FaceTrader","floor":11,"gold_loss":0},{"damage_healed":0,"gold_gain":0,"player_choice":"Inject Mutagens","damage_taken":0,"relics_obtained":["MutagenicStrength"],"max_hp_gain":0,"max_hp_loss":0,"event_name":"Drug Dealer","floor":19,"gold_loss":0},{"damage_healed":0,"gold_gain":0,"player_choice":"Fought Bandits","damage_taken":0,"max_hp_gain":0,"max_hp_loss":0,"event_name":"Masked Bandits","floor":22,"gold_loss":0}],"is_beta":false,"boss_relics":[{"not_picked":["WristBlade","HoveringKite"],"picked":"Orrery"}],"items_purged_floors":[3,21],"is_endless":false,"potions_floor_spawned":[6,7,13,14,18,22,27],"killed_by":"Centurion and Healer","ascension_level":0}