{"gold_per_floor":[119,119,84,47,47,47,68,106,152,152,173,196,229,97,97,216,216,241,254,31,31,51,51,90,90,90,108,126,145,145],"floor_reached":30,"playtime":1541,"items_purged":[],"score":286,"play_id":"4647441e-a9fd-49b6-b99e-b21ba6fa1f80","local_time":"20190221085626","is_ascension_mode":true,"campfire_choices":[{"floor":6,"key":"RECALL"},{"floor":10,"key":"REST"},{"floor":15,"key":"REST"},{"floor":23,"key":"REST"},{"floor":25,"key":"REST"}],"neow_cost":"NONE","seed_source_timestamp":357417976789100,"circlet_count":0,"master_deck":["Strike_R","Strike_R","Strike_R","Strike_R","Strike_R","Defend_R","Defend_R","Defend_R","Bash+1","Inflame+1","Inflame","Iron Wave","Heavy Blade","Anger","Sword Boomerang","Flex","Double Tap","Combust","Iron Wave+1","Iron Wave","Thunderclap","Recycle","Backflip","Dual Wield","Backstab+1"],"relics":["Eternal Feather","Golden Idol","Blood Vial","Regal Pillow","MawBank","Orichalcum","Mark of Pain","PrismaticShard","PreservedInsect","Bottled Tornado"],"potions_floor_usage":[8,13,22,24],"damage_taken":[{"damage":4,"enemies":"2 Louse","floor":1,"turns":3},{"damage":12,"enemies":"Jaw Worm","floor":7,"turns":2},{"damage":25,"enemies":"3 Sentries","floor":8,"turns":6},{"damage":1,"enemies":"Cultist","floor":11,"turns":3},{"damage":7,"enemies":"Looter","floor":12,"turns":3},{"damage":21,"enemies":"Lagavulin","floor":13,"turns":5},{"damage":25,"enemies":"Slime Boss","floor":16,"turns":8},{"damage":36,"enemies":"2 Thieves","floor":18,"turns":4},{"damage":20,"enemies":"Shell Parasite","floor":19,"turns":3},{"damage":15,"enemies":"3 Cultists","floor":22,"turns":5},{"damage":52,"enemies":"Slavers","floor":24,"turns":5},{"damage":19,"enemies":"Snake Plant","floor":27,"turns":3},{"damage":21,"enemies":"Centurion and Healer","floor":28,"turns":5},{"damage":19,"enemies":"Snecko","floor":29,"turns":4},{"damage":19,"enemies":"Snake Plant","floor":30,"turns":1}],"seed_played":"-5185914379061098265","potions_obtained":[{"floor":1,"key":"PowerPotion"},{"floor":7,"key":"Swift Potion"},{"floor":12,"key":"AttackPotion"},{"floor":19,"key":"FearPotion"},{"floor":22,"key":"SpeedPotion"},{"floor":27,"key":"Dexterity Potion"}],"is_trial":false,"path_per_floor":["M","?","?","$","?","R","M","E","T","R","M","M","E","$","R","B",null,"M","M","$","?","M","R","E","R","T","M","M","M","M"],"character_chosen":"IRONCLAD","items_purchased":["Inflame","Orichalcum","PrismaticShard","Iron Wave"],"campfire_rested":4,"item_purchase_floors":[4,14,20,20],"current_hp_per_floor":[76,60,80,80,60,66,54,29,29,74,75,70,51,51,80,55,80,44,26,26,26,13,64,14,65,65,48,29,12,0],"gold":145,"neow_bonus":"BOSS_RELIC","is_prod":false,"is_daily":false,"chose_seed":false,"campfire_upgraded":0,"win_rate":0,"timestamp":1550739386,"path_taken":["M","?","?","?","?","R","M","E","T","R","M","?","E","$","R","BOSS","M","?","$","?","?","R","E","R","T","M","M","M","M"],"build_version":"2019-01-23","purchased_purges":0,"victory":false,"max_hp_per_floor":[80,80,80,80,80,80,80,80,80,80,80,80,80,80,80,80,80,80,80,80,80,80,80,80,80,80,80,80,80,80],"card_choices":[{"not_picked":["Battle Trance","Flame Barrier"],"picked":"Inflame","floor":1},{"not_picked":["Clothesline","Warcry"],"picked":"Iron Wave","floor":7},{"not_picked":["Metallicize","Headbutt"],"picked":"Heavy Blade","floor":8},{"not_picked":["Body Slam","Uppercut"],"picked":"Anger","floor":11},{"not_picked":["Shrug It Off","Feel No Pain"],"picked":"Sword Boomerang","floor":12},{"not_picked":["Heavy Blade","Headbutt"],"picked":"Flex","floor":13},{"not_picked":["Offering","Feed"],"picked":"Double Tap","floor":16},{"not_picked":["Cleave","Anger"],"picked":"Combust","floor":18},{"not_picked":["Warcry","Wild Strike"],"picked":"Iron Wave+1","floor":19},{"not_picked":["Turbo","Capacitor+1"],"picked":"Thunderclap","floor":22},{"not_picked":["Power Through","Tempest"],"picked":"Recycle","floor":24},{"not_picked":["Disarm","Prepared"],"picked":"Backflip","floor":27},{"not_picked":["Underhanded Strike","Barrage"],"picked":"Dual Wield","floor":28},{"not_picked":["Spot Weakness+1","FTL"],"picked":"Backstab+1","floor":29}],"player_experience":196582,"relics_obtained":[{"floor":8,"key":"Blood Vial"},{"floor":9,"key":"Regal Pillow"},{"floor":13,"key":"MawBank"},{"floor":24,"key":"PreservedInsect"},{"floor":26,"key":"Bottled Tornado"}],"event_choices":[{"damage_healed":0,"gold_gain":0,"player_choice":"Entered Light","damage_taken":16,"max_hp_gain":0,"max_hp_loss":0,"event_name":"Shining Light","floor":2,"gold_loss":0,"cards_upgraded":["Inflame","Bash"]},{"damage_healed":20,"gold_gain":0,"player_choice":"Healed","damage_taken":0,"max_hp_gain":0,"max_hp_loss":0,"event_name":"The Cleric","floor":3,"gold_loss":35},{"damage_healed":0,"gold_gain":0,"player_choice":"Take Damage","damage_taken":20,"relics_obtained":["Golden Idol"],"max_hp_gain":0,"max_hp_loss":0,"event_name":"Golden Idol","floor":5,"gold_loss":0},{"cards_removed":["Defend_R"],"damage_healed":0,"gold_gain":0,"player_choice":"Card Removal","damage_taken":0,"max_hp_gain":0,"max_hp_loss":0,"event_name":"Wheel of Change","floor":21,"gold_loss":0}],"is_beta":false,"boss_relics":[{"not_picked":["Snecko Eye","Runic Cube"],"picked":"Mark of Pain"}],"items_purged_floors":[],"is_endless":false,"potions_floor_spawned":[1,7,12,19,22,27],"killed_by":"Snake Plant","ascension_level":2}