{"gold_per_floor":[114,129,144,219,234,234,234,249,324,339,369,384,24,39,39,139,139,154,169,184,199,199],"floor_reached":22,"playtime":1704,"items_purged":[],"score":194,"play_id":"99d30243-58ea-4df9-af2c-a7b80d3c53a2","local_time":"20190224102810","daily_mods":["Heirloom","Uncertain Future","DeadlyEvents"],"is_ascension_mode":false,"campfire_choices":[{"floor":6,"key":"REST"},{"data":"Armaments","floor":15,"key":"SMITH"}],"neow_cost":"","seed_source_timestamp":0,"circlet_count":0,"master_deck":["Strike_R","Strike_R","Strike_R","Strike_R","Strike_R","Defend_R","Defend_R","Defend_R","Defend_R","Bash","Inflame","Metallicize","Seeing Red","Iron Wave","Pommel Strike","Metallicize+1","Brutality+1","Combust+1","Anger","Swift Strike","Armaments+1","Searing Blow","Demon Form+1","Power Through","Flame Barrier","Heavy Blade","Wild Strike+1"],"special_seed":17951,"relics":["Burning Blood","StoneCalendar","Dream Catcher","Frozen Egg 2","Shuriken","Lee\u0027s Waffle","Eternal Feather"],"potions_floor_usage":[2,16,18,20,21,21],"damage_taken":[{"damage":9,"enemies":"2 Louse","floor":1,"turns":2},{"damage":11,"enemies":"Jaw Worm","floor":2,"turns":3},{"damage":9,"enemies":"Small Slimes","floor":3,"turns":4},{"damage":14,"enemies":"Red Slaver","floor":5,"turns":5},{"damage":11,"enemies":"Exordium Thugs","floor":8,"turns":5},{"damage":10,"enemies":"Blue Slaver","floor":10,"turns":5},{"damage":21,"enemies":"Gremlin Nob","floor":11,"turns":6},{"damage":20,"enemies":"Lots of Slimes","floor":12,"turns":5},{"damage":6,"enemies":"Exordium Thugs","floor":14,"turns":5},{"damage":41,"enemies":"The Guardian","floor":16,"turns":8},{"damage":20,"enemies":"Shell Parasite","floor":18,"turns":5},{"damage":22,"enemies":"Spheric Guardian","floor":19,"turns":5},{"damage":24,"enemies":"Snake Plant","floor":20,"turns":4},{"damage":38,"enemies":"Shelled Parasite and Fungi","floor":21,"turns":5},{"damage":7,"enemies":"Snecko","floor":22,"turns":5}],"seed_played":"4396462369862563879","potions_obtained":[{"floor":1,"key":"PowerPotion"},{"floor":11,"key":"Dexterity Potion"},{"floor":12,"key":"EssenceOfSteel"},{"floor":16,"key":"AttackPotion"},{"floor":19,"key":"Ancient Potion"},{"floor":20,"key":"Fire Potion"}],"is_trial":false,"path_per_floor":["M","M","M","?","M","R","T","M","T","M","E","M","$","M","R","B",null,"M","M","M","M","M"],"character_chosen":"IRONCLAD","items_purchased":["Lee\u0027s Waffle","Anger","Swift Strike","Armaments"],"campfire_rested":1,"item_purchase_floors":[13,13,13,13],"current_hp_per_floor":[77,72,69,58,50,74,74,69,69,65,50,36,87,87,87,52,87,73,57,39,7,0],"gold":199,"neow_bonus":"","is_prod":false,"is_daily":true,"chose_seed":false,"campfire_upgraded":1,"win_rate":0,"timestamp":1551004090,"path_taken":["M","M","M","?","M","R","?","M","T","M","E","?","$","M","R","BOSS","M","M","M","M","M"],"build_version":"2019-01-23","purchased_purges":0,"victory":false,"max_hp_per_floor":[80,80,80,80,80,80,80,80,80,80,80,80,87,87,87,87,87,87,87,87,87,87],"card_choices":[{"not_picked":["Flex","Anger"],"picked":"Inflame","floor":1},{"not_picked":["Anger","Pommel Strike"],"picked":"Metallicize","floor":2},{"not_picked":["Sentinel","Clothesline"],"picked":"Seeing Red","floor":3},{"not_picked":["Shrug It Off","Heavy Blade"],"picked":"Iron Wave","floor":5},{"not_picked":["Uppercut","Heavy Blade"],"picked":"Pommel Strike","floor":8},{"not_picked":["Sentinel","Flex"],"picked":"Metallicize+1","floor":10},{"not_picked":["Warcry","Sentinel"],"picked":"Brutality+1","floor":11},{"not_picked":["Carnage","Rupture+1"],"picked":"Combust+1","floor":12},{"not_picked":["Clothesline","Whirlwind"],"picked":"Searing Blow","floor":14},{"not_picked":["Exhume","Limit Break"],"picked":"Demon Form+1","floor":16},{"not_picked":["Dropkick+1","Clothesline"],"picked":"Power Through","floor":18},{"not_picked":["Thunderclap","Warcry"],"picked":"Flame Barrier","floor":19},{"not_picked":["Pommel Strike","Feel No Pain+1"],"picked":"Heavy Blade","floor":20},{"not_picked":["Clash","Cleave"],"picked":"Wild Strike+1","floor":21}],"player_experience":219193,"relics_obtained":[{"floor":7,"key":"Dream Catcher"},{"floor":9,"key":"Frozen Egg 2"},{"floor":11,"key":"Shuriken"}],"event_choices":[{"damage_healed":0,"gold_gain":75,"player_choice":"Gather Gold","damage_taken":11,"max_hp_gain":0,"max_hp_loss":0,"event_name":"World of Goop","floor":4,"gold_loss":0}],"is_beta":false,"boss_relics":[{"not_picked":["Cursed Key","Runic Dome"],"picked":"Eternal Feather"}],"items_purged_floors":[],"is_endless":false,"potions_floor_spawned":[1,11,12,16,19,20],"killed_by":"Snecko","ascension_level":0}