{"gold_per_floor":[16,33,33,52,52,52,102,115,142,155,58,58,74,86,86,163,163,175,187,206,40,40,40,58,58,58,75,85,85,85,102,102,179,179,189,206,206,223,243,243,278,278,332,203,221,221,255,255,255,255],"floor_reached":50,"playtime":4007,"items_purged":["Decay"],"score":1046,"play_id":"bd46ed2e-dc1a-4a4b-b014-687e6e4b4c87","local_time":"20190623051100","is_ascension_mode":true,"campfire_choices":[{"data":"Well Laid Plans","floor":6.0,"key":"SMITH"},{"data":"Footwork","floor":12.0,"key":"SMITH"},{"data":"Neutralize","floor":15.0,"key":"SMITH"},{"floor":23.0,"key":"REST"},{"floor":30.0,"key":"REST"},{"data":"Burst","floor":32.0,"key":"SMITH"},{"floor":40.0,"key":"REST"},{"floor":42.0,"key":"REST"},{"floor":46.0,"key":"REST"},{"data":"Grand Finale","floor":49.0,"key":"SMITH"}],"neow_cost":"NO_GOLD","seed_source_timestamp":0,"circlet_count":0,"master_deck":["AscendersBane","Defend_G","Defend_G","Defend_G","Defend_G","Defend_G","Strike_G","Strike_G","Survivor","Neutralize+1","Grand Finale+1","Footwork+1","Well Laid Plans+1","Reflex","Prepared","Quick Slash","Flash of Steel","Backflip","Burst+1","Backstab","Deflect","Sucker Punch","Glass Knife","Concentrate","Heel Hook","Madness","Madness","Footwork+1","Backstab","Backflip"],"special_seed":0,"relics":["Ring of the Snake","Bag of Preparation","Runic Pyramid","Oddly Smooth Stone","Dream Catcher","Sozu","Anchor","Juzu Bracelet","Darkstone Periapt"],"potions_floor_usage":[50],"damage_taken":[{"damage":0.0,"enemies":"2 Louse","floor":1.0,"turns":3.0},{"damage":10.0,"enemies":"Small Slimes","floor":2.0,"turns":6.0},{"damage":5.0,"enemies":"Cultist","floor":4.0,"turns":6.0},{"damage":0.0,"enemies":"Exordium Wildlife","floor":8.0,"turns":3.0},{"damage":0.0,"enemies":"Blue Slaver","floor":10.0,"turns":6.0},{"damage":6.0,"enemies":"2 Fungi Beasts","floor":13.0,"turns":5.0},{"damage":7.0,"enemies":"Exordium Thugs","floor":14.0,"turns":3.0},{"damage":10.0,"enemies":"The Guardian","floor":16.0,"turns":7.0},{"damage":5.0,"enemies":"Chosen","floor":18.0,"turns":7.0},{"damage":4.0,"enemies":"3 Byrds","floor":19.0,"turns":3.0},{"damage":18.0,"enemies":"Snake Plant","floor":20.0,"turns":6.0},{"damage":21.0,"enemies":"Shelled Parasite and Fungi","floor":24.0,"turns":5.0},{"damage":6.0,"enemies":"Cultist and Chosen","floor":27.0,"turns":10.0},{"damage":4.0,"enemies":"Snake Plant","floor":28.0,"turns":4.0},{"damage":0.0,"enemies":"Centurion and Healer","floor":31.0,"turns":3.0},{"damage":11.0,"enemies":"Automaton","floor":33.0,"turns":11.0},{"damage":11.0,"enemies":"3 Darklings","floor":35.0,"turns":3.0},{"damage":0.0,"enemies":"3 Shapes","floor":36.0,"turns":7.0},{"damage":15.0,"enemies":"Jaw Worm Horde","floor":38.0,"turns":5.0},{"damage":7.0,"enemies":"Writhing Mass","floor":39.0,"turns":10.0},{"damage":27.0,"enemies":"Nemesis","floor":41.0,"turns":9.0},{"damage":0.0,"enemies":"Maw","floor":45.0,"turns":11.0},{"damage":0.0,"enemies":"Reptomancer","floor":47.0,"turns":7.0},{"damage":22,"enemies":"Time Eater","floor":50,"turns":12}],"seed_played":"7134841848529388453","potions_obtained":[{"floor":1.0,"key":"Swift Potion"},{"floor":4.0,"key":"AttackPotion"},{"floor":18.0,"key":"GhostInAJar"},{"floor":27.0,"key":"SkillPotion"},{"floor":31.0,"key":"LiquidBronze"},{"floor":33.0,"key":"Poison Potion"}],"is_trial":false,"path_per_floor":["M","M","?","M","?","R","?","M","T","M","$","R","M","M","R","B",null,"M","M","M","$","?","R","M","?","T","M","M","?","R","M","R","B",null,"M","M","?","M","M","R","E","R","T","$","M","R","E","?","R","B"],"character_chosen":"THE_SILENT","items_purchased":["Flash of Steel","Oddly Smooth Stone","Backflip"],"campfire_rested":5,"item_purchase_floors":[11,21,44],"current_hp_per_floor":[59,49,49,44,44,44,38,38,38,38,38,38,32,25,25,15,53,48,44,26,26,26,45,24,24,24,18,14,14,33,33,33,22,55,44,44,32,17,10,29,2,21,21,21,21,40,40,40,40,18],"gold":255,"neow_bonus":"THREE_RARE_CARDS","is_prod":false,"is_daily":false,"chose_seed":false,"campfire_upgraded":5,"win_rate":0,"timestamp":1561234260,"path_taken":["M","M","?","M","?","R","?","?","T","M","$","R","M","M","R","BOSS","M","M","M","$","?","R","M","?","T","M","M","?","R","M","R","BOSS","M","M","?","M","M","R","E","R","T","$","M","R","E","?","R","BOSS"],"build_version":"2019-01-23","purchased_purges":1,"victory":false,"max_hp_per_floor":[66,66,66,66,66,66,66,66,66,66,66,66,66,66,66,66,66,66,66,66,66,66,66,66,66,66,66,66,66,66,66,66,66,66,66,66,66,66,66,66,66,66,66,66,66,66,66,66,66,66],"card_choices":[{"not_picked":["Die Die Die","Glass Knife"],"picked":"Grand Finale","floor":0.0},{"not_picked":["PiercingWail","Flechettes"],"picked":"Footwork","floor":1.0},{"not_picked":["Catalyst","Endless Agony"],"picked":"Well Laid Plans","floor":2.0},{"not_picked":["Slice","Flying Knee"],"picked":"Prepared","floor":4.0},{"not_picked":["Reflex","Accuracy","Prepared"],"picked":"SKIP","floor":8.0},{"not_picked":["Riddle With Holes","Outmaneuver"],"picked":"Quick Slash","floor":10.0},{"not_picked":["Crippling Poison","Deflect"],"picked":"Backflip","floor":13.0},{"not_picked":["Prepared","Bane","Underhanded Strike"],"picked":"SKIP","floor":14.0},{"not_picked":["Night Terror","Unload"],"picked":"Burst","floor":16.0},{"not_picked":["Sucker Punch","Bane","Leg Sweep"],"picked":"SKIP","floor":18.0},{"not_picked":["Sucker Punch","Bane","Leg Sweep"],"picked":"SKIP","floor":18.0},{"not_picked":["Underhanded Strike","Accuracy"],"picked":"Backstab","floor":19.0},{"not_picked":["Dagger Spray","Flying Knee"],"picked":"Deflect","floor":20.0},{"not_picked":["PiercingWail","Flying Knee","Poisoned Stab"],"picked":"SKIP","floor":24.0},{"not_picked":["Crippling Poison+1","Blade Dance","Bouncing Flask+1"],"picked":"SKIP","floor":27.0},{"not_picked":["Dash","Expertise"],"picked":"Concentrate","floor":28.0},{"not_picked":["Predator","Bane"],"picked":"Heel Hook","floor":30.0},{"not_picked":["Leg Sweep","Crippling Poison","Burst"],"picked":"SKIP","floor":31.0},{"not_picked":["Dagger Spray","Poisoned Stab","Deadly Poison"],"picked":"SKIP","floor":35.0},{"not_picked":["Poisoned Stab+1","Underhanded Strike","Bane+1"],"picked":"SKIP","floor":36.0},{"not_picked":["Quick Slash","Dagger Spray"],"picked":"Footwork+1","floor":38.0},{"not_picked":["All Out Attack","Unload"],"picked":"Backstab","floor":39.0},{"not_picked":["Slice","Cloak And Dagger+1","Quick Slash"],"picked":"SKIP","floor":41.0},{"not_picked":["Acrobatics","Dash","Bullet Time"],"picked":"SKIP","floor":45.0},{"not_picked":["Deflect","Quick Slash","Dodge and Roll"],"picked":"SKIP","floor":47.0}],"player_experience":1006783,"relics_obtained":[{"floor":9.0,"key":"Bag of Preparation"},{"floor":26.0,"key":"Dream Catcher"},{"floor":41.0,"key":"Anchor"},{"floor":43.0,"key":"Juzu Bracelet"},{"floor":47.0,"key":"Darkstone Periapt"}],"event_choices":[{"damage_healed":0.0,"max_hp_gain":0.0,"max_hp_loss":0.0,"gold_gain":0.0,"cards_transformed":["Strike_G"],"event_name":"Living Wall","player_choice":"Change","floor":3.0,"gold_loss":0.0,"damage_taken":0.0,"cards_obtained":["Reflex"]},{"damage_healed":0.0,"max_hp_gain":0.0,"max_hp_loss":0.0,"gold_gain":0.0,"event_name":"Golden Idol","player_choice":"Ignored","floor":5.0,"gold_loss":0.0,"damage_taken":0.0},{"damage_healed":0.0,"max_hp_gain":0.0,"max_hp_loss":0.0,"gold_gain":50.0,"event_name":"FaceTrader","player_choice":"Touch","floor":7.0,"gold_loss":0.0,"damage_taken":6.0},{"damage_healed":0.0,"max_hp_gain":0.0,"max_hp_loss":0.0,"gold_gain":0.0,"cards_transformed":["Strike_G","Strike_G"],"event_name":"Drug Dealer","player_choice":"Became Test Subject","floor":22.0,"gold_loss":0.0,"damage_taken":0.0,"cards_obtained":["Sucker Punch","Glass Knife"]},{"damage_healed":0.0,"max_hp_gain":0.0,"max_hp_loss":0.0,"gold_gain":0.0,"event_name":"Forgotten Altar","player_choice":"Smashed Altar","floor":25.0,"gold_loss":0.0,"damage_taken":0.0,"cards_obtained":["Decay"]},{"damage_healed":0.0,"max_hp_gain":0.0,"max_hp_loss":0.0,"gold_gain":0.0,"event_name":"N\u0027loth","player_choice":"Ignored","floor":29.0,"gold_loss":0.0,"damage_taken":0.0},{"damage_healed":0.0,"max_hp_gain":0.0,"max_hp_loss":0.0,"gold_gain":0.0,"event_name":"Winding Halls","player_choice":"Embrace Madness","floor":37.0,"gold_loss":0.0,"damage_taken":12.0,"cards_obtained":["Madness","Madness"]},{"damage_healed":0.0,"max_hp_gain":0.0,"max_hp_loss":0.0,"gold_gain":0.0,"event_name":"Lab","player_choice":"Got Potions","floor":48.0,"gold_loss":0.0,"damage_taken":0.0}],"is_beta":false,"boss_relics":[{"not_picked":["Snecko Eye","Runic Dome"],"picked":"Runic Pyramid"},{"not_picked":["Black Star","White Beast Statue"],"picked":"Sozu"}],"items_purged_floors":[44],"is_endless":false,"potions_floor_spawned":[1,4,8,18,27,31,33,35,41],"killed_by":"Time Eater","ascension_level":20}