{"gold_per_floor":[113,36,55,72,86,121,121,121,198,198,208,236,249,281,281,281],"floor_reached":16,"playtime":590,"items_purged":[],"score":122,"play_id":"e0ff2b1a-9b16-429b-94f1-cc24cb1ff0eb","local_time":"20181124144458","is_ascension_mode":false,"campfire_choices":[{"data":"Searing Blow","floor":8,"key":"SMITH"},{"floor":10,"key":"REST"},{"floor":15,"key":"REST"}],"neow_cost":"NONE","seed_source_timestamp":759655051009871,"circlet_count":0,"master_deck":["Strike_R","Strike_R","Strike_R","Strike_R","Strike_R+1","Defend_R","Defend_R","Defend_R","Defend_R","Bash","True Grit","Inflame+1","Searing Blow+1","Spot Weakness","Shockwave","Spot Weakness","Thunderclap","Feed","Barricade"],"relics":["Burning Blood","NeowsBlessing","Charon\u0027s Ashes","Lantern","Self Forming Clay"],"potions_floor_usage":[6,12,13,13,14],"damage_taken":[{"damage":0,"enemies":"Cultist","floor":1,"turns":1},{"damage":0,"enemies":"2 Louse","floor":3,"turns":1},{"damage":0,"enemies":"Jaw Worm","floor":4,"turns":1},{"damage":9,"enemies":"Large Slime","floor":5,"turns":9},{"damage":61,"enemies":"3 Sentries","floor":6,"turns":11},{"damage":1,"enemies":"Exordium Wildlife","floor":11,"turns":3},{"damage":20,"enemies":"Gremlin Nob","floor":12,"turns":4},{"damage":28,"enemies":"Exordium Thugs","floor":13,"turns":4},{"damage":9,"enemies":"3 Sentries","floor":14,"turns":4},{"damage":31,"enemies":"Hexaghost","floor":16,"turns":8}],"seed_played":"6585592504607697577","potions_obtained":[{"floor":3,"key":"SkillPotion"},{"floor":6,"key":"Explosive Potion"},{"floor":11,"key":"Block Potion"},{"floor":12,"key":"BloodPotion"},{"floor":13,"key":"SkillPotion"}],"is_trial":false,"path_per_floor":["M","$","M","M","M","E","?","R","T","R","M","E","M","E","R","B"],"character_chosen":"IRONCLAD","items_purchased":["Inflame"],"campfire_rested":2,"item_purchase_floors":[2],"current_hp_per_floor":[80,80,80,80,77,22,6,6,6,30,35,21,7,7,31,0],"gold":281,"neow_bonus":"THREE_ENEMY_KILL","is_prod":false,"is_daily":false,"chose_seed":false,"campfire_upgraded":1,"win_rate":0,"timestamp":1543088698,"path_taken":["M","$","?","M","?","E","?","R","T","R","M","E","M","E","R","BOSS"],"build_version":"2018-11-15","purchased_purges":0,"victory":false,"max_hp_per_floor":[80,80,80,80,80,80,80,80,80,80,80,80,80,83,83,83],"card_choices":[{"not_picked":["Pommel Strike","Second Wind"],"picked":"True Grit","floor":1},{"not_picked":["Burning Pact","Flex"],"picked":"Searing Blow","floor":3},{"not_picked":["Reckless Charge","Combust","Rampage"],"picked":"SKIP","floor":4},{"not_picked":["Body Slam","Evolve"],"picked":"Spot Weakness","floor":5},{"not_picked":["Warcry","Entrench"],"picked":"Shockwave","floor":6},{"not_picked":["Bloodletting","Dropkick"],"picked":"Spot Weakness","floor":11},{"not_picked":["Combust","Rampage"],"picked":"Thunderclap","floor":12},{"not_picked":["Shrug It Off","Cleave"],"picked":"Feed","floor":13},{"not_picked":["Dual Wield","Pommel Strike"],"picked":"Barricade","floor":14}],"player_experience":161337,"relics_obtained":[{"floor":6,"key":"Charon\u0027s Ashes"},{"floor":12,"key":"Lantern"},{"floor":14,"key":"Self Forming Clay"}],"event_choices":[{"damage_healed":0,"gold_gain":0,"player_choice":"Entered Light","damage_taken":16,"max_hp_gain":0,"max_hp_loss":0,"event_name":"Shining Light","floor":7,"gold_loss":0,"cards_upgraded":["Strike_R","Inflame"]}],"is_beta":false,"boss_relics":[],"items_purged_floors":[],"is_endless":false,"potions_floor_spawned":[3,6,11,12,13],"killed_by":"Hexaghost","ascension_level":0}