{"gold_per_floor":[114,124,25,25,200,31,31,44,44,44,57,57,82,96,96,193,193,203,0,0,16,31,57,57,24,47,59],"floor_reached":27,"playtime":1677,"items_purged":["Strike_B","Strike_B","Strike_B"],"score":231,"play_id":"d3fbdbff-7d49-468b-9683-d814c38e596a","local_time":"20181016182114","is_ascension_mode":false,"campfire_choices":[{"data":"Zap","floor":7,"key":"SMITH"},{"data":"Dualcast","floor":10,"key":"SMITH"},{"data":"Creative AI","floor":12,"key":"SMITH"},{"floor":15,"key":"REST"},{"data":"Fission","floor":24,"key":"SMITH"}],"neow_cost":"","seed_source_timestamp":544685203706868,"circlet_count":0,"master_deck":["Defend_B","Defend_B","Defend_B","Defend_B","Zap+1","Dualcast+1","Coolheaded","Ball Lightning","Steam","Go for the Eyes","Doubt","Chill","Creative AI+1","BootSequence","Electrodynamics","Coolheaded+1","Conserve Battery","Redo","Cold Snap","Fission+1","Static Discharge+1"],"relics":["Cracked Core","Darkstone Periapt","Bag of Preparation","Snecko Eye","Frozen Egg 2","MawBank"],"potions_floor_usage":[],"damage_taken":[{"damage":0,"enemies":"Cultist","floor":1,"turns":3},{"damage":5,"enemies":"2 Louse","floor":2,"turns":3},{"damage":0,"enemies":"Jaw Worm","floor":8,"turns":4},{"damage":0,"enemies":"Blue Slaver","floor":11,"turns":4},{"damage":62,"enemies":"Gremlin Nob","floor":13,"turns":5},{"damage":0,"enemies":"Large Slime","floor":14,"turns":6},{"damage":18,"enemies":"Hexaghost","floor":16,"turns":9},{"damage":0,"enemies":"3 Byrds","floor":18,"turns":1},{"damage":12,"enemies":"Chosen","floor":21,"turns":8},{"damage":14,"enemies":"Snecko","floor":22,"turns":7},{"damage":31,"enemies":"Slavers","floor":23,"turns":7},{"damage":19,"enemies":"Book of Stabbing","floor":27,"turns":3}],"seed_played":"8301501953796140174","potions_obtained":[{"floor":1,"key":"Fire Potion"},{"floor":11,"key":"FearPotion"},{"floor":13,"key":"Ancient Potion"},{"floor":23,"key":"EssenceOfSteel"}],"is_trial":false,"path_per_floor":["M","M","$","?","?","$","R","M","T","R","M","R","E","M","R","B",null,"M","$","?","M","M","E","R","$","T"],"character_chosen":"DEFECT","items_purchased":["Steam","Chill","Conserve Battery","Redo","Static Discharge+1"],"campfire_rested":1,"item_purchase_floors":[3,6,19,19,25],"current_hp_per_floor":[75,70,70,70,70,70,70,70,70,70,70,70,8,8,30,12,75,75,75,75,63,49,18,18,18,18,0],"gold":59,"neow_bonus":"","is_prod":false,"is_daily":false,"chose_seed":false,"campfire_upgraded":4,"win_rate":0.0,"timestamp":1539728474,"path_taken":["M","M","$","?","?","?","R","M","T","R","M","R","E","?","R","BOSS","M","?","?","?","M","E","R","$","T","E"],"build_version":"2018-10-11","purchased_purges":3,"victory":false,"max_hp_per_floor":[75,75,75,75,75,75,75,75,75,75,75,75,75,75,75,75,75,75,75,75,75,75,75,75,75,75,75],"card_choices":[{"not_picked":["Double Energy","Hello World"],"picked":"Coolheaded","floor":1},{"not_picked":["Melter","Turbo"],"picked":"Ball Lightning","floor":2},{"not_picked":["Compile Driver","Ball Lightning","Turbo"],"picked":"SKIP","floor":8},{"not_picked":["Coolheaded","Go for the Eyes"],"picked":"Creative AI","floor":11},{"not_picked":["FTL","Ball Lightning"],"picked":"BootSequence","floor":13},{"not_picked":["Compile Driver","Turbo","Barrage"],"picked":"SKIP","floor":14},{"not_picked":["Seek","Echo Form"],"picked":"Electrodynamics","floor":16},{"not_picked":["Compile Driver+1","Steam"],"picked":"Coolheaded+1","floor":18},{"not_picked":["Steam","Streamline"],"picked":"Cold Snap","floor":21},{"not_picked":["Sweeping Beam","Barrage","Compile Driver"],"picked":"SKIP","floor":22},{"not_picked":["Undo","Hologram"],"picked":"Fission","floor":23}],"player_experience":36729,"relics_obtained":[{"floor":9,"key":"Darkstone Periapt"},{"floor":13,"key":"Bag of Preparation"},{"floor":23,"key":"Frozen Egg 2"},{"floor":26,"key":"MawBank"}],"event_choices":[{"event_name":"Living Wall","player_choice":"Change","floor":4,"damage_taken":0},{"event_name":"Liars Game","player_choice":"agreed","floor":5,"damage_taken":0},{"event_name":"Vampires","player_choice":"Ignored","floor":20,"damage_taken":0}],"is_beta":false,"boss_relics":[{"not_picked":["FrozenCore","White Beast Statue"],"picked":"Snecko Eye"}],"items_purged_floors":[3,6,19],"is_endless":false,"potions_floor_spawned":[1,11,13,23],"killed_by":"Book of Stabbing","ascension_level":0}