{"gold_per_floor":[111,36,36,49,60,95,95,129,129,29,29,42,42,55,55,155,155,171,171,182,192,192,192,112,112,186,200,125,125,125,0,0,0],"floor_reached":33,"playtime":966,"items_purged":["Defend_R","Strike_R","Strike_R"],"score":278,"play_id":"3e40744a-8c2d-498f-bfcf-2ac63770efa6","local_time":"20181028192129","is_ascension_mode":true,"campfire_choices":[{"data":"Rampage","floor":7,"key":"SMITH"},{"data":"Anger","floor":15,"key":"SMITH"},{"floor":23,"key":"REST"},{"data":"Flame Barrier","floor":25,"key":"SMITH"},{"data":"Whirlwind","floor":29,"key":"SMITH"},{"data":"J.A.X.","floor":32,"key":"SMITH"}],"neow_cost":"NONE","seed_source_timestamp":1585824837355400,"circlet_count":0,"master_deck":["Strike_R","Strike_R","Strike_R+1","Defend_R","Defend_R+1","Bash","Dramatic Entrance","Rampage+1","Cleave","Shrug It Off","Whirlwind+1","Anger+1","Berserk","Feed","Blood for Blood+1","Flame Barrier+1","Metallicize","J.A.X.+1"],"relics":["Burning Blood","Bronze Scales","Letter Opener","Bag of Preparation","Runic Cube","GremlinMask","Meat on the Bone"],"potions_floor_usage":[18,18,27,27],"damage_taken":[{"damage":1,"enemies":"Cultist","floor":1,"turns":4},{"damage":0,"enemies":"Small Slimes","floor":4,"turns":2},{"damage":0,"enemies":"2 Louse","floor":5,"turns":2},{"damage":27,"enemies":"Gremlin Nob","floor":6,"turns":4},{"damage":18,"enemies":"3 Sentries","floor":8,"turns":7},{"damage":5,"enemies":"Large Slime","floor":12,"turns":5},{"damage":5,"enemies":"Blue Slaver","floor":14,"turns":3},{"damage":54,"enemies":"Slime Boss","floor":16,"turns":7},{"damage":34,"enemies":"Spheric Guardian","floor":18,"turns":4},{"damage":18,"enemies":"Chosen","floor":20,"turns":4},{"damage":38,"enemies":"Centurion and Healer","floor":21,"turns":5},{"damage":13,"enemies":"Snake Plant","floor":27,"turns":3},{"damage":52,"enemies":"Champ","floor":33,"turns":6}],"seed_played":"2882349860480037774","potions_obtained":[{"floor":1,"key":"Poison Potion"},{"floor":12,"key":"LiquidBronze"},{"floor":16,"key":"Poison Potion"},{"floor":21,"key":"Explosive Potion"},{"floor":22,"key":"SmokeBomb"}],"is_trial":false,"path_per_floor":["M","$","$","M","M","E","R","E","T","$","?","M","?","M","R","B",null,"M","?","M","M","?","R","$","R","T","M","?","R","?","$","R"],"character_chosen":"IRONCLAD","items_purchased":["Metallicize"],"campfire_rested":1,"item_purchase_floors":[24],"current_hp_per_floor":[80,80,80,80,80,59,59,47,47,47,31,32,58,59,59,11,80,52,52,40,8,8,32,32,32,32,37,37,37,37,37,37,0],"gold":0,"neow_bonus":"RANDOM_COLORLESS","is_prod":false,"is_daily":false,"chose_seed":false,"campfire_upgraded":5,"win_rate":0,"timestamp":1540768889,"path_taken":["M","?","$","M","M","E","R","E","T","$","?","M","?","?","R","BOSS","M","?","M","M","?","R","$","R","T","M","?","R","?","$","R","BOSS"],"build_version":"2018-10-25v2","purchased_purges":3,"victory":false,"max_hp_per_floor":[80,80,80,80,80,80,80,80,80,80,80,80,80,80,80,80,80,80,80,80,80,80,80,80,80,80,80,80,80,80,80,80,80],"card_choices":[{"not_picked":["Warcry","Cleave"],"picked":"Rampage","floor":1},{"not_picked":["Power Through","Twin Strike"],"picked":"Cleave","floor":4},{"not_picked":["Cleave","Sentinel"],"picked":"Shrug It Off","floor":5},{"not_picked":["Second Wind","Flex"],"picked":"Whirlwind","floor":6},{"not_picked":["Heavy Blade","Armaments"],"picked":"Anger","floor":8},{"not_picked":["Rage","Shrug It Off","Thunderclap"],"picked":"SKIP","floor":12},{"not_picked":["Ghostly Armor","Pummel"],"picked":"Berserk","floor":14},{"not_picked":["Immolate","Juggernaut"],"picked":"Feed","floor":16},{"not_picked":["Clash+1","Warcry"],"picked":"Blood for Blood+1","floor":18},{"not_picked":["Headbutt","Clothesline"],"picked":"Flame Barrier","floor":20},{"not_picked":["Sever Soul","Clash+1","Cleave+1"],"picked":"SKIP","floor":21},{"not_picked":["Clothesline","Carnage","Pummel"],"picked":"SKIP","floor":27}],"player_experience":117847,"relics_obtained":[{"floor":6,"key":"Bronze Scales"},{"floor":8,"key":"Letter Opener"},{"floor":9,"key":"Bag of Preparation"},{"floor":26,"key":"Meat on the Bone"}],"event_choices":[{"damage_healed":0,"gold_gain":0,"player_choice":"Entered Light","damage_taken":16,"max_hp_gain":0,"max_hp_loss":0,"event_name":"Shining Light","floor":11,"gold_loss":0,"cards_upgraded":["Strike_R","Defend_R"]},{"damage_healed":26,"gold_gain":0,"player_choice":"Banana","damage_taken":0,"max_hp_gain":0,"max_hp_loss":0,"event_name":"Big Fish","floor":13,"gold_loss":0},{"damage_healed":0,"gold_gain":0,"player_choice":"Trade","damage_taken":0,"relics_obtained":["GremlinMask"],"max_hp_gain":0,"max_hp_loss":0,"event_name":"FaceTrader","floor":19,"gold_loss":0},{"damage_healed":0,"gold_gain":0,"player_choice":"Got Potions","damage_taken":0,"max_hp_gain":0,"max_hp_loss":0,"event_name":"The Lab","floor":22,"gold_loss":0},{"cards_removed":["Defend_R"],"damage_healed":0,"gold_gain":0,"player_choice":"Gave Gold","damage_taken":0,"max_hp_gain":0,"max_hp_loss":0,"event_name":"Beggar","floor":28,"gold_loss":75},{"damage_healed":0,"gold_gain":0,"player_choice":"Obtain J.A.X.","damage_taken":0,"max_hp_gain":0,"max_hp_loss":0,"event_name":"Drug Dealer","floor":30,"gold_loss":0,"cards_obtained":["J.A.X."]}],"is_beta":false,"boss_relics":[{"not_picked":["White Beast Statue","Fusion Hammer"],"picked":"Runic Cube"}],"items_purged_floors":[2,10,31],"is_endless":false,"potions_floor_spawned":[1,12,16,21],"killed_by":"Champ","ascension_level":2}