{"gold_per_floor":[119,119,44,44,44,78,78,105,105,105,125,137,155,55,55,128,128,147,158,171,15,15,30,30,30,30,30,30,30,55,74,74,147,147,166,178,194,117,137,162,162,162,187,187,201,201,217,92,92,92,92],"floor_reached":51,"playtime":4652,"items_purged":["Strike_G","Strike_G","Strike_G"],"score":1435,"play_id":"ca91156c-ecb2-494c-abe1-529affd5f9eb","local_time":"20190629083229","is_ascension_mode":true,"campfire_choices":[{"data":"Well Laid Plans","floor":7.0,"key":"SMITH"},{"data":"Neutralize","floor":10.0,"key":"SMITH"},{"data":"Footwork","floor":15.0,"key":"SMITH"},{"data":"Masterful Stab","floor":28.0,"key":"SMITH"},{"floor":32.0,"key":"REST"},{"floor":41.0,"key":"REST"},{"floor":44.0,"key":"REST"},{"data":"Well Laid Plans","floor":46.0,"key":"SMITH"},{"data":"Finisher","floor":49.0,"key":"SMITH"}],"neow_cost":"NONE","seed_source_timestamp":813483560865300,"circlet_count":0,"master_deck":["AscendersBane","Defend_G","Defend_G","Defend_G","Defend_G","Defend_G","Strike_G","Survivor","Neutralize+1","Predator+1","Finisher+1","Well Laid Plans+1","Masterful Stab+1","Footwork+1","Backflip+1","Cloak And Dagger+1","Adrenaline+1","Well Laid Plans+1","PiercingWail+1","Escape Plan+1","Leg Sweep+1","Setup+1","PiercingWail+1","Adrenaline+1","Blade Dance+1","RitualDagger","Blur+1","Burst+1","Poisoned Stab+1","Infinite Blades","Adrenaline+1","Dodge and Roll+1","Grand Finale","Madness+1","Madness+1","Terror+1"],"special_seed":0,"relics":["Ring of the Snake","NeowsBlessing","Juzu Bracelet","Toxic Egg 2","Mummified Hand","Orrery","Bottled Flame","Unceasing Top","WristBlade","Bag of Preparation","Orichalcum"],"potions_floor_usage":[],"damage_taken":[{"damage":0.0,"enemies":"Jaw Worm","floor":1.0,"turns":1.0},{"damage":0.0,"enemies":"Lagavulin","floor":6.0,"turns":1.0},{"damage":0.0,"enemies":"Gremlin Nob","floor":8.0,"turns":1.0},{"damage":0.0,"enemies":"2 Louse","floor":11.0,"turns":3.0},{"damage":7.0,"enemies":"Small Slimes","floor":12.0,"turns":2.0},{"damage":2.0,"enemies":"Red Slaver","floor":13.0,"turns":3.0},{"damage":30.0,"enemies":"Hexaghost","floor":16.0,"turns":13.0},{"damage":0.0,"enemies":"3 Byrds","floor":18.0,"turns":7.0},{"damage":13.0,"enemies":"Chosen","floor":19.0,"turns":7.0},{"damage":20.0,"enemies":"Snecko","floor":20.0,"turns":10.0},{"damage":2.0,"enemies":"Snake Plant","floor":23.0,"turns":7.0},{"damage":22.0,"enemies":"Gremlin Leader","floor":30.0,"turns":14.0},{"damage":0.0,"enemies":"3 Cultists","floor":31.0,"turns":6.0},{"damage":22.0,"enemies":"Automaton","floor":33.0,"turns":14.0},{"damage":4.0,"enemies":"3 Darklings","floor":35.0,"turns":7.0},{"damage":0.0,"enemies":"3 Shapes","floor":36.0,"turns":6.0},{"damage":0.0,"enemies":"Transient","floor":37.0,"turns":6.0},{"damage":0.0,"enemies":"Writhing Mass","floor":39.0,"turns":8.0},{"damage":52.0,"enemies":"Giant Head","floor":40.0,"turns":10.0},{"damage":0.0,"enemies":"Sphere and 2 Shapes","floor":45.0,"turns":4.0},{"damage":0.0,"enemies":"Transient","floor":47.0,"turns":6.0},{"damage":3.0,"enemies":"Awakened One","floor":50.0,"turns":23.0},{"damage":37,"enemies":"Donu and Deca","floor":51,"turns":3}],"seed_played":"-8530316628308295858","potions_obtained":[{"floor":1.0,"key":"SteroidPotion"},{"floor":11.0,"key":"Fruit Juice"},{"floor":13.0,"key":"SpeedPotion"},{"floor":16.0,"key":"Poison Potion"},{"floor":18.0,"key":"Dexterity Potion"},{"floor":22.0,"key":"Weak Potion"},{"floor":30.0,"key":"Regen Potion"},{"floor":31.0,"key":"SkillPotion"},{"floor":37.0,"key":"AttackPotion"},{"floor":39.0,"key":"Swift Potion"},{"floor":40.0,"key":"Explosive Potion"},{"floor":45.0,"key":"Block Potion"}],"is_trial":false,"path_per_floor":["M","?","$","?","?","E","R","E","T","R","M","M","M","$","R","B",null,"M","M","M","$","?","M","$","?","T","?","R","?","E","M","R","B",null,"M","M","M","$","M","E","R","?","T","R","M","R","M","$","R","B","B"],"character_chosen":"THE_SILENT","items_purchased":["Adrenaline+1","Adrenaline+1"],"campfire_rested":3,"item_purchase_floors":[21,38],"current_hp_per_floor":[59,59,59,64,64,64,64,64,64,64,64,62,60,60,60,30,65,65,52,32,32,32,30,30,24,24,24,24,24,2,17,39,17,61,57,57,57,57,57,5,27,13,13,35,35,35,35,35,35,32,0],"gold":92,"neow_bonus":"THREE_ENEMY_KILL","is_prod":false,"is_daily":false,"chose_seed":false,"campfire_upgraded":6,"win_rate":0,"timestamp":1561764749,"path_taken":["M","?","$","?","?","E","R","E","T","R","M","M","M","$","R","BOSS","M","M","M","?","?","M","$","?","T","?","R","?","E","M","R","BOSS","M","M","M","$","M","E","R","?","T","R","M","R","M","$","R","BOSS","BOSS"],"build_version":"2019-01-23","purchased_purges":3,"victory":false,"max_hp_per_floor":[66,66,66,71,71,71,71,71,71,71,71,76,76,76,76,76,76,76,76,76,76,76,76,76,76,76,76,76,76,76,76,76,76,76,76,76,76,76,76,76,76,76,76,76,76,76,76,76,76,76,76],"card_choices":[{"not_picked":["Quick Slash","Underhanded Strike"],"picked":"Predator","floor":1.0},{"not_picked":["Skewer","Distraction"],"picked":"Well Laid Plans","floor":6.0},{"not_picked":["Distraction","Underhanded Strike"],"picked":"Masterful Stab","floor":8.0},{"not_picked":["PiercingWail+1","Slice"],"picked":"Footwork","floor":11.0},{"not_picked":["Slice","Deadly Poison+1"],"picked":"Backflip+1","floor":12.0},{"not_picked":["Expertise+1","Quick Slash"],"picked":"Cloak And Dagger+1","floor":13.0},{"not_picked":["A Thousand Cuts","Unload"],"picked":"Adrenaline+1","floor":16.0},{"not_picked":["Backflip+1","Dagger Spray"],"picked":"Well Laid Plans","floor":17.0},{"not_picked":["Outmaneuver+1","Skewer"],"picked":"PiercingWail+1","floor":17.0},{"not_picked":["Quick Slash","Poisoned Stab"],"picked":"Escape Plan+1","floor":17.0},{"not_picked":["Dagger Throw","Dodge and Roll+1"],"picked":"Leg Sweep+1","floor":18.0},{"not_picked":["Slice+1","Dodge and Roll+1"],"picked":"Setup+1","floor":19.0},{"not_picked":["Prepared+1","Dagger Spray"],"picked":"PiercingWail+1","floor":20.0},{"not_picked":["Cloak And Dagger+1","Bullet Time+1"],"picked":"Blade Dance+1","floor":23.0},{"not_picked":["Outmaneuver+1","Distraction+1","Sucker Punch"],"picked":"SKIP","floor":30.0},{"not_picked":["Predator","Dodge and Roll+1"],"picked":"Blur+1","floor":31.0},{"not_picked":["After Image","Storm of Steel+1"],"picked":"Burst+1","floor":33.0},{"not_picked":["Flying Knee","Expertise+1"],"picked":"Poisoned Stab+1","floor":35.0},{"not_picked":["Flying Knee","Predator","Leg Sweep+1"],"picked":"SKIP","floor":36.0},{"not_picked":["Dash","Underhanded Strike+1"],"picked":"Infinite Blades","floor":37.0},{"not_picked":["Prepared+1","Flying Knee"],"picked":"Dodge and Roll+1","floor":39.0},{"not_picked":["Concentrate+1","Dagger Spray"],"picked":"Grand Finale","floor":40.0},{"not_picked":["Prepared+1","Setup+1"],"picked":"Terror+1","floor":45.0},{"not_picked":["Dash","Sucker Punch","Blade Dance+1"],"picked":"SKIP","floor":47.0}],"player_experience":1033072,"relics_obtained":[{"floor":6.0,"key":"Juzu Bracelet"},{"floor":8.0,"key":"Toxic Egg 2"},{"floor":9.0,"key":"Mummified Hand"},{"floor":26.0,"key":"Bottled Flame"},{"floor":30.0,"key":"Unceasing Top"},{"floor":40.0,"key":"Bag of Preparation"},{"floor":43.0,"key":"Orichalcum"}],"event_choices":[{"damage_healed":0.0,"max_hp_gain":0.0,"max_hp_loss":0.0,"gold_gain":0.0,"cards_transformed":["Strike_G"],"event_name":"Living Wall","player_choice":"Change","floor":2.0,"gold_loss":0.0,"damage_taken":0.0,"cards_obtained":["Finisher"]},{"damage_healed":0.0,"max_hp_gain":5.0,"max_hp_loss":0.0,"gold_gain":0.0,"event_name":"Big Fish","player_choice":"Donut","floor":4.0,"gold_loss":0.0,"damage_taken":0.0},{"damage_healed":0.0,"max_hp_gain":0.0,"max_hp_loss":0.0,"gold_gain":0.0,"event_name":"Accursed Blacksmith","player_choice":"Forge","floor":5.0,"gold_loss":0.0,"damage_taken":0.0,"cards_upgraded":["Predator"]},{"damage_healed":0.0,"max_hp_gain":0.0,"max_hp_loss":0.0,"gold_gain":0.0,"event_name":"Lab","player_choice":"Got Potions","floor":22.0,"gold_loss":0.0,"damage_taken":0.0},{"damage_healed":0.0,"max_hp_gain":0.0,"max_hp_loss":0.0,"gold_gain":0.0,"event_name":"Nest","player_choice":"Joined the Cult","floor":25.0,"gold_loss":0.0,"damage_taken":6.0,"cards_obtained":["RitualDagger"]},{"damage_healed":0.0,"max_hp_gain":0.0,"max_hp_loss":0.0,"gold_gain":0.0,"event_name":"Beggar","player_choice":"Ignored","floor":29.0,"gold_loss":0.0,"damage_taken":0.0},{"damage_healed":0.0,"max_hp_gain":0.0,"max_hp_loss":0.0,"gold_gain":0.0,"event_name":"Winding Halls","player_choice":"Embrace Madness","floor":42.0,"gold_loss":0.0,"damage_taken":14.0,"cards_obtained":["Madness","Madness"]}],"is_beta":false,"boss_relics":[{"not_picked":["Lizard Tail","Ectoplasm"],"picked":"Orrery"},{"not_picked":["HoveringKite","Busted Crown"],"picked":"WristBlade"}],"items_purged_floors":[3,14,48],"is_endless":false,"potions_floor_spawned":[1,11,13,16,18,23,30,31,37,39,40,45],"killed_by":"Donu and Deca","ascension_level":20}