{"gold_per_floor":[109,109,184,184,14,43,61,61,61,89,89,37,37,37,37,37],"floor_reached":16,"playtime":924,"items_purged":[],"score":150,"play_id":"184c3b58-a824-48a9-9a0e-7acb18858100","local_time":"20190618170629","is_ascension_mode":true,"campfire_choices":[{"floor":8,"key":"REST"},{"floor":11,"key":"REST"},{"floor":15,"key":"REST"}],"neow_cost":"NONE","seed_source_timestamp":1219864010270200,"circlet_count":0,"master_deck":["Strike_R","Strike_R","Strike_R","Strike_R","Strike_R","Defend_R","Defend_R","Defend_R","Defend_R","Bash","Rampage","Havoc","Uppercut","Spot Weakness","Burning Pact","Iron Wave"],"relics":["Burning Blood","Calipers","Strawberry","Art of War","Bird Faced Urn","Girya","Torii","Champion Belt"],"potions_floor_usage":[10],"damage_taken":[{"damage":7,"enemies":"2 Louse","floor":1,"turns":4},{"damage":75,"enemies":"3 Sentries","floor":6,"turns":10},{"damage":7,"enemies":"Jaw Worm","floor":7,"turns":3},{"damage":24,"enemies":"Gremlin Nob","floor":10,"turns":4},{"damage":58,"enemies":"The Guardian","floor":16,"turns":9}],"seed_played":"2578886167944906325","potions_obtained":[{"floor":7,"key":"EssenceOfSteel"}],"is_trial":false,"path_per_floor":["M","?","?","T","$","E","M","R","T","E","R","$","?","?","R","B"],"character_chosen":"IRONCLAD","items_purchased":["Art of War","Havoc","Iron Wave"],"campfire_rested":3,"item_purchase_floors":[5,5,12],"current_hp_per_floor":[87,87,76,83,83,14,13,41,41,23,51,51,51,26,54,0],"gold":37,"neow_bonus":"TEN_PERCENT_HP_BONUS","is_prod":false,"is_daily":false,"chose_seed":false,"campfire_upgraded":0,"win_rate":0,"timestamp":1560873989,"path_taken":["M","?","?","?","$","E","M","R","T","E","R","$","?","?","R","BOSS"],"build_version":"2019-01-23","purchased_purges":0,"victory":false,"max_hp_per_floor":[88,88,88,95,95,95,95,95,95,95,95,95,95,95,95,95],"card_choices":[{"not_picked":["Thunderclap","Headbutt"],"picked":"Rampage","floor":1},{"not_picked":["Carnage","Anger"],"picked":"Uppercut","floor":6},{"not_picked":["Clothesline","True Grit"],"picked":"Spot Weakness","floor":7},{"not_picked":["Body Slam","True Grit"],"picked":"Burning Pact","floor":10}],"player_experience":771328,"relics_obtained":[{"floor":4,"key":"Strawberry"},{"floor":6,"key":"Bird Faced Urn"},{"floor":9,"key":"Girya"},{"floor":10,"key":"Torii"}],"event_choices":[{"damage_healed":0,"gold_gain":0,"player_choice":"Box","damage_taken":0,"relics_obtained":["Calipers"],"max_hp_gain":0,"max_hp_loss":0,"event_name":"Big Fish","floor":2,"gold_loss":0,"cards_obtained":["Regret"]},{"damage_healed":0,"gold_gain":75,"player_choice":"Gather Gold","damage_taken":11,"max_hp_gain":0,"max_hp_loss":0,"event_name":"World of Goop","floor":3,"gold_loss":0},{"cards_removed":["Regret"],"damage_healed":0,"gold_gain":0,"player_choice":"Forget","damage_taken":0,"max_hp_gain":0,"max_hp_loss":0,"event_name":"Living Wall","floor":13,"gold_loss":0},{"damage_healed":0,"gold_gain":0,"player_choice":"Success","damage_taken":25,"relics_obtained":["Champion Belt"],"max_hp_gain":0,"max_hp_loss":0,"event_name":"Scrap Ooze","floor":14,"gold_loss":0}],"is_beta":false,"boss_relics":[],"items_purged_floors":[],"is_endless":false,"potions_floor_spawned":[7],"killed_by":"The Guardian","ascension_level":4}