{"gold_per_floor":[112,112,112,131,144,178,196,212,236,251,251,5,23,23,23,125,125,139,154,170,85,185,185,217,236,286,81,100,100,128,139,139,242,242,255,255,38,55,155,155,155],"floor_reached":41,"playtime":4648,"items_purged":["Defend_R","Writhe"],"score":560,"play_id":"fde80f6c-7ded-469c-8416-f0ba9d91a5e6","local_time":"20190628184053","is_ascension_mode":false,"campfire_choices":[{"data":"Ghostly Armor","floor":11,"key":"SMITH"},{"data":"Shockwave","floor":15,"key":"SMITH"},{"data":"Impervious","floor":23,"key":"SMITH"},{"data":"Ghostly Armor","floor":32,"key":"SMITH"},{"data":"Shrug It Off","floor":40,"key":"SMITH"}],"neow_cost":"CURSE","seed_source_timestamp":1435339440571464,"circlet_count":0,"master_deck":["Strike_R","Strike_R","Strike_R","Strike_R","Strike_R","Defend_R","Defend_R","Defend_R","Flame Barrier+1","Ghostly Armor+1","Armaments","Shrug It Off+1","Sword Boomerang+1","Shockwave+1","Armaments","Impervious+1","Perfected Strike+1","Pommel Strike+1","Demon Form","Intimidate","Burning Pact","Warcry+1","Carnage+1","Feed+1","Body Slam+1","Ghostly Armor+1","Disarm+1","Sword Boomerang+1","Barricade","Body Slam+1","Blood for Blood+1","Body Slam+1","Finesse","Shrug It Off","Shrug It Off","Seeing Red+1"],"relics":["Burning Blood","Magic Flower","Molten Egg 2","Regal Pillow","Happy Flower","Coffee Dripper","Oddly Smooth Stone","Red Skull","Boot","Meat on the Bone","Orrery","Peace Pipe"],"potions_floor_usage":[8,16,16,18,30,33,33,33,41,41],"damage_taken":[{"damage":13,"enemies":"2 Louse","floor":1,"turns":5},{"damage":0,"enemies":"Small Slimes","floor":4,"turns":4},{"damage":1,"enemies":"Jaw Worm","floor":5,"turns":4},{"damage":30,"enemies":"3 Sentries","floor":6,"turns":13},{"damage":0,"enemies":"3 Louse","floor":7,"turns":4},{"damage":1,"enemies":"Gremlin Gang","floor":8,"turns":6},{"damage":0,"enemies":"Looter","floor":10,"turns":4},{"damage":0,"enemies":"3 Louse","floor":13,"turns":3},{"damage":6,"enemies":"Hexaghost","floor":16,"turns":6},{"damage":7,"enemies":"2 Thieves","floor":18,"turns":5},{"damage":0,"enemies":"Chosen","floor":19,"turns":5},{"damage":27,"enemies":"Snake Plant","floor":20,"turns":7},{"damage":36,"enemies":"Gremlin Leader","floor":24,"turns":6},{"damage":18,"enemies":"Centurion and Healer","floor":25,"turns":4},{"damage":9,"enemies":"Chosen and Byrds","floor":28,"turns":4},{"damage":0,"enemies":"Book of Stabbing","floor":30,"turns":7},{"damage":9,"enemies":"Snake Plant","floor":31,"turns":3},{"damage":38,"enemies":"Champ","floor":33,"turns":12},{"damage":28,"enemies":"Orb Walker","floor":35,"turns":6},{"damage":14,"enemies":"3 Darklings","floor":38,"turns":7},{"damage":15,"enemies":"Mind Bloom Boss Battle","floor":39,"turns":7},{"damage":101,"enemies":"Nemesis","floor":41,"turns":8}],"seed_played":"-5196491593399011041","potions_obtained":[{"floor":6,"key":"SpeedPotion"},{"floor":7,"key":"PowerPotion"},{"floor":8,"key":"SkillPotion"},{"floor":16,"key":"AttackPotion"},{"floor":25,"key":"LiquidBronze"},{"floor":28,"key":"PowerPotion"},{"floor":31,"key":"FearPotion"},{"floor":38,"key":"Explosive Potion"}],"is_trial":false,"path_per_floor":["M","?","?","M","M","E","M","M","T","M","R","$","M","?","R","B",null,"M","M","M","?","?","R","E","M","T","$","M","$","E","M","R","B",null,"M","?","$","M","?","R","E"],"character_chosen":"IRONCLAD","items_purchased":["Armaments","Impervious","Body Slam+1","Energy Potion","Finesse","Regen Potion","Shrug It Off"],"campfire_rested":0,"item_purchase_floors":[12,12,27,27,37,37,37],"current_hp_per_floor":[76,73,73,80,80,59,68,76,76,80,80,80,80,80,80,80,80,80,80,62,62,62,62,35,26,26,26,26,26,41,59,59,54,88,75,75,75,70,70,70,0],"gold":155,"neow_bonus":"ONE_RARE_RELIC","is_prod":false,"is_daily":false,"chose_seed":false,"campfire_upgraded":5,"win_rate":0.0,"timestamp":1561761653,"path_taken":["M","?","?","M","M","E","M","M","T","M","R","?","M","?","R","BOSS","M","?","M","?","?","R","E","M","T","$","?","?","E","M","R","BOSS","M","?","$","M","?","R","E"],"build_version":"2019-01-23","purchased_purges":2,"victory":false,"max_hp_per_floor":[80,80,80,80,80,80,80,80,80,80,80,80,80,80,80,80,80,80,80,80,80,80,80,80,80,80,80,80,80,84,84,84,88,88,92,92,92,92,96,96,96],"card_choices":[{"not_picked":["Shrug It Off","Sword Boomerang"],"picked":"Flame Barrier","floor":1},{"not_picked":["Cleave+1","Shrug It Off"],"picked":"Ghostly Armor","floor":4},{"not_picked":["Clash+1","Rupture","Cleave+1"],"picked":"SKIP","floor":5},{"not_picked":["True Grit","Flex"],"picked":"Armaments","floor":6},{"not_picked":["Twin Strike+1","Warcry"],"picked":"Shrug It Off","floor":7},{"not_picked":["Blood for Blood+1","Twin Strike+1"],"picked":"Sword Boomerang+1","floor":8},{"not_picked":["Bloodletting","Cleave+1"],"picked":"Shockwave","floor":10},{"not_picked":["Dark Embrace","Pommel Strike+1"],"picked":"Perfected Strike+1","floor":13},{"not_picked":["Berserk","Double Tap"],"picked":"Demon Form","floor":16},{"not_picked":["True Grit+1","Bloodletting"],"picked":"Intimidate","floor":18},{"not_picked":["Clash+1","Perfected Strike+1"],"picked":"Burning Pact","floor":19},{"not_picked":["Combust","Headbutt+1"],"picked":"Warcry+1","floor":20},{"not_picked":["Headbutt+1","Dropkick+1"],"picked":"Carnage+1","floor":24},{"not_picked":["Whirlwind+1","True Grit"],"picked":"Feed+1","floor":25},{"not_picked":["Pommel Strike+1","Headbutt+1"],"picked":"Ghostly Armor","floor":28},{"not_picked":["Battle Trance","Rupture+1"],"picked":"Disarm+1","floor":30},{"not_picked":["Armaments","Warcry"],"picked":"Sword Boomerang+1","floor":31},{"not_picked":["Impervious","Demon Form"],"picked":"Barricade","floor":33},{"not_picked":["True Grit","Twin Strike+1"],"picked":"Body Slam+1","floor":34},{"not_picked":["Cleave+1","Pommel Strike+1"],"picked":"Blood for Blood+1","floor":34},{"not_picked":["Clash+1","True Grit+1"],"picked":"Body Slam+1","floor":34},{"not_picked":["Body Slam+1","Clothesline+1","Clash+1"],"picked":"SKIP","floor":35},{"not_picked":["Sword Boomerang+1","Flex+1"],"picked":"Shrug It Off","floor":38},{"not_picked":["Bloodletting","Shockwave"],"picked":"Seeing Red+1","floor":39}],"player_experience":1806,"relics_obtained":[{"floor":6,"key":"Regal Pillow"},{"floor":9,"key":"Happy Flower"},{"floor":24,"key":"Red Skull"},{"floor":26,"key":"Boot"},{"floor":30,"key":"Meat on the Bone"},{"floor":39,"key":"Peace Pipe"}],"event_choices":[{"damage_healed":0,"gold_gain":0,"player_choice":"Success","damage_taken":3,"relics_obtained":["Molten Egg 2"],"max_hp_gain":0,"max_hp_loss":0,"event_name":"Scrap Ooze","floor":2,"gold_loss":0},{"damage_healed":0,"gold_gain":0,"player_choice":"Grow","damage_taken":0,"max_hp_gain":0,"max_hp_loss":0,"event_name":"Living Wall","floor":3,"gold_loss":0,"cards_upgraded":["Flame Barrier"]},{"damage_healed":0,"gold_gain":0,"cards_transformed":["Bash"],"player_choice":"Transformed","damage_taken":0,"max_hp_gain":0,"max_hp_loss":0,"event_name":"Transmorgrifier","floor":14,"gold_loss":0,"cards_obtained":["Pommel Strike"]},{"damage_healed":0,"gold_gain":0,"player_choice":"Obtained Relic","damage_taken":0,"relics_obtained":["Oddly Smooth Stone"],"max_hp_gain":0,"max_hp_loss":0,"event_name":"Addict","floor":21,"gold_loss":85},{"damage_healed":0,"gold_gain":100,"player_choice":"Pray","damage_taken":0,"max_hp_gain":0,"max_hp_loss":0,"event_name":"Golden Shrine","floor":22,"gold_loss":0},{"damage_healed":0,"gold_gain":0,"player_choice":"Ignored","damage_taken":0,"max_hp_gain":0,"max_hp_loss":0,"event_name":"Tomb of Lord Red Mask","floor":36,"gold_loss":0},{"damage_healed":0,"gold_gain":0,"player_choice":"Fight","damage_taken":0,"max_hp_gain":0,"max_hp_loss":0,"event_name":"MindBloom","floor":39,"gold_loss":0}],"is_beta":false,"boss_relics":[{"not_picked":["Calling Bell","Runic Cube"],"picked":"Coffee Dripper"},{"not_picked":["Philosopher\u0027s Stone","Astrolabe"],"picked":"Orrery"}],"items_purged_floors":[12,27],"is_endless":false,"potions_floor_spawned":[6,7,8,16,25,28,31,38],"killed_by":"Nemesis","ascension_level":0}