{"gold_per_floor":[115,40,115,15,27,56,67,67,67,97,97,111,111,111,111,111],"floor_reached":16,"playtime":443,"items_purged":["Strike_R","Strike_R"],"score":133,"play_id":"2fdd84e6-6996-43aa-b185-b5d3648cb4d9","local_time":"20181016174456","is_ascension_mode":false,"campfire_choices":[{"data":"Spot Weakness","floor":8,"key":"SMITH"},{"data":"Flex","floor":11,"key":"SMITH"},{"data":"Bash","floor":13,"key":"SMITH"},{"data":"Iron Wave","floor":15,"key":"SMITH"}],"neow_cost":"NONE","seed_source_timestamp":543741898684164,"circlet_count":0,"master_deck":["Strike_R","Strike_R","Strike_R","Defend_R","Defend_R","Defend_R","Defend_R","Bash+1","Pommel Strike","Iron Wave+1","Dark Embrace","Spot Weakness+1","Flex+1","Flex"],"relics":["Burning Blood","NeowsBlessing","Bird Faced Urn","Mummified Hand","Mercury Hourglass"],"potions_floor_usage":[],"damage_taken":[{"damage":0,"enemies":"Cultist","floor":1,"turns":1},{"damage":0,"enemies":"2 Louse","floor":5,"turns":1},{"damage":0,"enemies":"3 Sentries","floor":6,"turns":2},{"damage":3,"enemies":"Jaw Worm","floor":7,"turns":3},{"damage":45,"enemies":"Lagavulin","floor":10,"turns":7},{"damage":0,"enemies":"3 Louse","floor":12,"turns":2},{"damage":53,"enemies":"The Guardian","floor":16,"turns":8}],"seed_played":"-6119297038461885866","potions_obtained":[{"floor":6,"key":"Weak Potion"},{"floor":10,"key":"Strength Potion"},{"floor":12,"key":"AttackPotion"}],"is_trial":false,"path_per_floor":["M","$","?","$","M","E","M","R","T","E","R","M","R","?","R"],"character_chosen":"IRONCLAD","items_purchased":[],"campfire_rested":0,"item_purchase_floors":[],"current_hp_per_floor":[80,80,69,69,75,80,80,80,80,43,43,51,51,51,51,0],"gold":111,"neow_bonus":"THREE_ENEMY_KILL","is_prod":false,"is_daily":false,"chose_seed":false,"campfire_upgraded":4,"win_rate":0.0,"timestamp":1539726296,"path_taken":["M","?","?","$","M","E","M","R","T","E","R","M","R","?","R","BOSS"],"build_version":"2018-10-11","purchased_purges":2,"victory":false,"max_hp_per_floor":[80,80,80,80,80,80,80,80,80,80,80,80,80,80,80,80],"card_choices":[{"not_picked":["Armaments","Disarm"],"picked":"Pommel Strike","floor":1},{"not_picked":["Dual Wield","Infernal Blade"],"picked":"Iron Wave","floor":5},{"not_picked":["Twin Strike","Clash"],"picked":"Dark Embrace","floor":6},{"not_picked":["Hemokinesis","Clash"],"picked":"Spot Weakness","floor":7},{"not_picked":["Perfected Strike","Clash"],"picked":"Flex","floor":10},{"not_picked":["Combust","Clash"],"picked":"Flex","floor":12}],"player_experience":35811,"relics_obtained":[{"floor":6,"key":"Bird Faced Urn"},{"floor":9,"key":"Mummified Hand"},{"floor":10,"key":"Mercury Hourglass"}],"event_choices":[{"event_name":"World of Goop","player_choice":"Gather Gold","floor":3,"damage_taken":0},{"event_name":"The Woman in Blue","player_choice":"Bought 0 Potions","floor":14,"damage_taken":0}],"is_beta":false,"boss_relics":[],"items_purged_floors":[2,4],"is_endless":false,"potions_floor_spawned":[6,10,12],"killed_by":"The Guardian","ascension_level":0}