{"gold_per_floor":[211,224,237,251,28,28,59,59,59,71,71,87,87,126,126,251,251,264,264,280,305,8,8,28,28,28,68,68,83,83,124,124,124],"floor_reached":33,"playtime":9716,"items_purged":[],"score":396,"play_id":"be01908d-b8bc-4d61-b014-500c821c8796","local_time":"20190624172059","is_ascension_mode":true,"campfire_choices":[{"data":"Iron Wave","floor":6,"key":"SMITH"},{"floor":8,"key":"RECALL"},{"floor":13,"key":"REST"},{"floor":15,"key":"REST"},{"floor":28,"key":"REST"},{"data":"Spot Weakness","floor":30,"key":"SMITH"},{"data":"Ghostly Armor","floor":32,"key":"SMITH"}],"neow_cost":"NONE","seed_source_timestamp":368621624638900,"circlet_count":0,"master_deck":["Defend_R+1","Defend_R+1","Defend_R+1","Defend_R+1","Bash","Iron Wave+1","Pommel Strike","Second Wind+1","Twin Strike","Spot Weakness+1","Carnage","Ghostly Armor+1","Dark Embrace","Reaper","Barricade","Uppercut","Bite","Bite","Bite","Bite","Bite","Shockwave+1","Heavy Blade","Havoc","Necronomicurse","Searing Blow","Intimidate+1","Entrench","Body Slam+1"],"relics":["Burning Blood","Art of War","Sundial","Kunai","Golden Idol","Ornamental Fan","Snecko Eye","Matryoshka","Necronomicon","War Paint","Bottled Lightning","Oddly Smooth Stone","Centennial Puzzle"],"potions_floor_usage":[7,14,14,27,27,31],"damage_taken":[{"damage":3,"enemies":"Jaw Worm","floor":1,"turns":5},{"damage":7,"enemies":"2 Louse","floor":2,"turns":3},{"damage":7,"enemies":"Small Slimes","floor":3,"turns":4},{"damage":11,"enemies":"Blue Slaver","floor":4,"turns":5},{"damage":15,"enemies":"3 Sentries","floor":7,"turns":7},{"damage":0,"enemies":"Large Slime","floor":10,"turns":4},{"damage":6,"enemies":"3 Louse","floor":12,"turns":3},{"damage":24,"enemies":"Gremlin Nob","floor":14,"turns":4},{"damage":85,"enemies":"Hexaghost","floor":16,"turns":11},{"damage":12,"enemies":"3 Byrds","floor":18,"turns":4},{"damage":15,"enemies":"Spheric Guardian","floor":20,"turns":5},{"damage":14,"enemies":"Cultist and Chosen","floor":21,"turns":6},{"damage":17,"enemies":"Centurion and Healer","floor":24,"turns":5},{"damage":25,"enemies":"Gremlin Leader","floor":27,"turns":6},{"damage":18,"enemies":"Snake Plant","floor":29,"turns":2},{"damage":11,"enemies":"Slavers","floor":31,"turns":3},{"damage":67,"enemies":"Automaton","floor":33,"turns":6}],"seed_played":"4369948081990970781","potions_obtained":[{"floor":2,"key":"AttackPotion"},{"floor":7,"key":"LiquidBronze"},{"floor":10,"key":"Weak Potion"},{"floor":18,"key":"SpeedPotion"},{"floor":24,"key":"LiquidBronze"},{"floor":29,"key":"SteroidPotion"}],"is_trial":false,"path_per_floor":["M","M","M","M","$","R","E","R","T","M","?","M","R","E","R","B",null,"M","?","M","M","$","?","M","?","T","E","R","M","R","E","R","B"],"character_chosen":"IRONCLAD","items_purchased":["Art of War","Spot Weakness","Matryoshka","Havoc"],"campfire_rested":3,"item_purchase_floors":[5,5,22,22],"current_hp_per_floor":[80,79,78,73,73,73,64,64,64,70,50,50,74,56,80,8,62,60,56,51,54,54,38,33,33,33,31,47,39,39,51,51,0],"gold":124,"neow_bonus":"HUNDRED_GOLD","is_prod":false,"is_daily":false,"chose_seed":false,"campfire_upgraded":3,"win_rate":0,"timestamp":1561393259,"path_taken":["M","M","M","M","$","R","E","R","T","M","?","M","R","E","R","BOSS","M","?","M","M","$","?","M","?","T","E","R","M","R","E","R","BOSS"],"build_version":"2019-01-23","purchased_purges":0,"victory":false,"max_hp_per_floor":[80,80,80,80,80,80,80,80,80,80,80,80,80,80,80,80,80,80,56,56,56,56,56,56,56,56,56,56,56,56,56,56,56],"card_choices":[{"not_picked":["Anger","Headbutt"],"picked":"Iron Wave","floor":1},{"not_picked":["Bloodletting","Anger"],"picked":"Pommel Strike","floor":2},{"not_picked":["Body Slam","Entrench"],"picked":"Second Wind","floor":3},{"not_picked":["Sword Boomerang","Perfected Strike"],"picked":"Twin Strike","floor":4},{"not_picked":["Armaments","Dual Wield"],"picked":"Carnage","floor":7},{"not_picked":["Carnage","Wild Strike"],"picked":"Ghostly Armor","floor":10},{"not_picked":["Perfected Strike","Thunderclap"],"picked":"Dark Embrace","floor":12},{"not_picked":["Clothesline","Twin Strike"],"picked":"Reaper","floor":14},{"not_picked":["Brutality","Offering"],"picked":"Barricade","floor":16},{"not_picked":["True Grit","Clash+1"],"picked":"Uppercut","floor":18},{"not_picked":["Battle Trance","Clothesline"],"picked":"Shockwave","floor":20},{"not_picked":["Armaments","Perfected Strike+1"],"picked":"Heavy Blade","floor":21},{"not_picked":["True Grit","Perfected Strike+1"],"picked":"Searing Blow","floor":24},{"not_picked":["Infernal Blade","Evolve"],"picked":"Intimidate+1","floor":27},{"not_picked":["Rupture","Wild Strike"],"picked":"Entrench","floor":29},{"not_picked":["Wild Strike+1","Warcry"],"picked":"Body Slam+1","floor":31}],"player_experience":832609,"relics_obtained":[{"floor":7,"key":"Sundial"},{"floor":9,"key":"Kunai"},{"floor":14,"key":"Ornamental Fan"},{"floor":23,"key":"Necronomicon"},{"floor":26,"key":"War Paint"},{"floor":26,"key":"Bottled Lightning"},{"floor":27,"key":"Oddly Smooth Stone"},{"floor":31,"key":"Centennial Puzzle"}],"event_choices":[{"damage_healed":0,"gold_gain":0,"player_choice":"Take Damage","damage_taken":20,"relics_obtained":["Golden Idol"],"max_hp_gain":0,"max_hp_loss":0,"event_name":"Golden Idol","floor":11,"gold_loss":0},{"damage_healed":0,"gold_gain":0,"player_choice":"Became a vampire","damage_taken":0,"max_hp_gain":0,"max_hp_loss":24,"event_name":"Vampires","floor":19,"gold_loss":0,"cards_obtained":["Bite","Bite","Bite","Bite","Bite"]},{"damage_healed":0,"gold_gain":0,"player_choice":"Obtained Book","damage_taken":16,"max_hp_gain":0,"max_hp_loss":0,"event_name":"Cursed Tome","floor":23,"gold_loss":0},{"damage_healed":0,"gold_gain":0,"player_choice":"Simplicity","damage_taken":0,"max_hp_gain":0,"max_hp_loss":0,"event_name":"Back to Basics","floor":25,"gold_loss":0,"cards_upgraded":["Defend_R","Defend_R","Defend_R","Defend_R"]}],"is_beta":false,"boss_relics":[{"not_picked":["Black Blood","Astrolabe"],"picked":"Snecko Eye"}],"items_purged_floors":[],"is_endless":false,"potions_floor_spawned":[2,7,10,18,24,29],"killed_by":"Automaton","ascension_level":5}