{"gold_per_floor":[114,129,144,213,213,251,26,64,64,102,102,102,121,159,159,284,284,303,428,428,178,178,216,216,254,279,279,317,336,374,289,289,414,414,433,437,770,770,218,248,263,293,343,343,373,388,388,403,403,403],"floor_reached":51,"playtime":3329,"items_purged":[],"score":1185,"play_id":"75eeaee7-bfb3-4e6c-9299-92a98ca60200","local_time":"20190302005804","daily_mods":["Draft","Time Dilation","Elite Swarm"],"is_ascension_mode":false,"campfire_choices":[{"floor":12,"key":"REST"},{"floor":15,"key":"REST"},{"data":"Backstab","floor":24,"key":"SMITH"},{"data":"A Thousand Cuts","floor":27,"key":"SMITH"},{"data":"Blade Dance","floor":32,"key":"SMITH"},{"data":"Corpse Explosion","floor":47,"key":"PURGE"},{"data":"Choke","floor":49,"key":"SMITH"}],"neow_cost":"","seed_source_timestamp":0,"circlet_count":0,"master_deck":["Blade Dance","Finisher+1","Heel Hook","Acrobatics","Quick Slash","Distraction+1","Cloak And Dagger","Backstab+1","Flying Knee","Flying Knee","Slice","Blade Dance+1","Dagger Throw","Blade Dance","PiercingWail","Calculated Gamble","Sucker Punch+1","Quick Slash","A Thousand Cuts+1","Dagger Spray+1","Adrenaline","Adrenaline","Slice","Adrenaline","After Image","Acrobatics","Dagger Throw","Endless Agony","Unload","Venomology","Flying Knee","Adrenaline","Adrenaline","Blade Dance+1","Prepared+1","Blade Dance","Glass Knife","PanicButton","Glass Knife","Underhanded Strike","Burst","Dramatic Entrance","Secret Weapon","Trip","After Image","Sucker Punch","Choke+1"],"special_seed":17957,"relics":["Ring of the Snake","Snake Skull","Toy Ornithopter","Pen Nib","Paper Crane","Whetstone","Mercury Hourglass","Coffee Dripper","Turnip","Pear","Sling","Nilry\u0027s Codex","FossilizedHelix","Art of War","PreservedInsect","StoneCalendar","Omamori","Letter Opener","White Beast Statue","Calipers","Peace Pipe","Nunchaku","Ice Cream","Orichalcum","Boot"],"potions_floor_usage":[10,13,16,19,19,23,25,33,33,36,40,45,50,50,50,50],"damage_taken":[{"damage":0,"enemies":"Small Slimes","floor":1,"turns":2},{"damage":0,"enemies":"2 Louse","floor":2,"turns":1},{"damage":0,"enemies":"Jaw Worm","floor":3,"turns":1},{"damage":15,"enemies":"3 Sentries","floor":6,"turns":5},{"damage":0,"enemies":"Gremlin Nob","floor":8,"turns":2},{"damage":5,"enemies":"3 Sentries","floor":10,"turns":2},{"damage":0,"enemies":"3 Louse","floor":13,"turns":1},{"damage":0,"enemies":"Gremlin Nob","floor":14,"turns":2},{"damage":30,"enemies":"Hexaghost","floor":16,"turns":3},{"damage":0,"enemies":"Chosen","floor":18,"turns":1},{"damage":0,"enemies":"Colosseum Slavers","floor":19,"turns":1},{"damage":0,"enemies":"Colosseum Nobs","floor":19,"turns":2},{"damage":0,"enemies":"Slavers","floor":23,"turns":1},{"damage":6,"enemies":"Gremlin Leader","floor":25,"turns":2},{"damage":0,"enemies":"Book of Stabbing","floor":28,"turns":1},{"damage":0,"enemies":"Spheric Guardian","floor":29,"turns":1},{"damage":0,"enemies":"Gremlin Leader","floor":30,"turns":2},{"damage":0,"enemies":"Automaton","floor":33,"turns":4},{"damage":0,"enemies":"3 Darklings","floor":35,"turns":2},{"damage":0,"enemies":"2 Orb Walkers","floor":36,"turns":2},{"damage":0,"enemies":"Nemesis","floor":40,"turns":1},{"damage":2,"enemies":"3 Shapes","floor":41,"turns":1},{"damage":3,"enemies":"Giant Head","floor":42,"turns":4},{"damage":0,"enemies":"Reptomancer","floor":45,"turns":1},{"damage":0,"enemies":"Spire Growth","floor":46,"turns":1},{"damage":0,"enemies":"Sphere and 2 Shapes","floor":48,"turns":2},{"damage":5,"enemies":"Time Eater","floor":50,"turns":6}],"seed_played":"5564049522342379639","potions_obtained":[{"floor":3,"key":"Block Potion"},{"floor":6,"key":"SteroidPotion"},{"floor":8,"key":"Energy Potion"},{"floor":13,"key":"LiquidBronze"},{"floor":14,"key":"Poison Potion"},{"floor":23,"key":"SkillPotion"},{"floor":30,"key":"Block Potion"},{"floor":35,"key":"EssenceOfSteel"},{"floor":36,"key":"Swift Potion"},{"floor":40,"key":"LiquidBronze"},{"floor":41,"key":"Dexterity Potion"},{"floor":42,"key":"AttackPotion"},{"floor":45,"key":"GhostInAJar"},{"floor":46,"key":"Strength Potion"}],"is_trial":false,"path_per_floor":["M","M","M","?","?","E","$","E","T","E","?","R","M","E","R","B",null,"M","?","?","$","?","E","R","E","T","R","E","M","E","?","R","B",null,"M","?","?","?","$","E","M","E","T","?","E","M","R","M","R","B",null],"character_chosen":"THE_SILENT","items_purchased":["Dagger Spray","Toy Ornithopter","Sling","AttackPotion","Peace Pipe","Blade Dance","Glass Knife","PanicButton"],"campfire_rested":2,"item_purchase_floors":[7,7,21,21,39,39,39,39],"current_hp_per_floor":[70,70,70,70,53,38,38,38,38,38,24,45,50,50,70,40,70,70,80,80,80,64,69,69,68,68,68,68,68,68,68,68,78,80,80,80,80,80,80,80,78,75,75,65,70,70,70,70,70,80],"gold":403,"neow_bonus":"","is_prod":false,"is_daily":true,"chose_seed":false,"campfire_upgraded":4,"win_rate":0,"timestamp":1551488284,"path_taken":["M","M","M","?","?","E","?","E","T","E","?","R","M","E","R","BOSS","M","?","?","$","?","E","R","E","T","R","E","M","E","?","R","BOSS","M","?","?","?","$","E","M","E","T","?","E","?","R","M","R","BOSS"],"build_version":"2019-01-23","purchased_purges":0,"victory":true,"max_hp_per_floor":[70,70,70,70,70,70,70,70,70,70,70,70,70,70,70,70,70,70,80,80,80,80,80,80,80,80,80,80,80,80,80,80,80,80,80,80,80,80,80,80,80,80,80,80,80,80,80,80,80,80],"card_choices":[{"not_picked":["Flying Knee","Predator"],"picked":"Blade Dance","floor":0},{"not_picked":["Prepared","Well Laid Plans"],"picked":"Finisher","floor":0},{"not_picked":["Predator","Poisoned Stab"],"picked":"Heel Hook","floor":0},{"not_picked":["PiercingWail","Well Laid Plans"],"picked":"Acrobatics","floor":0},{"not_picked":["Bouncing Flask","PiercingWail"],"picked":"Quick Slash","floor":0},{"not_picked":["Bane","Deflect"],"picked":"Distraction","floor":0},{"not_picked":["Heel Hook","Backstab"],"picked":"Cloak And Dagger","floor":0},{"not_picked":["Sucker Punch","Cloak And Dagger"],"picked":"Backstab","floor":0},{"not_picked":["Underhanded Strike","Choke"],"picked":"Flying Knee","floor":0},{"not_picked":["Acrobatics","Poisoned Stab"],"picked":"Flying Knee","floor":0},{"not_picked":["Setup","Deadly Poison"],"picked":"Slice","floor":0},{"not_picked":["Outmaneuver","Concentrate"],"picked":"Blade Dance","floor":0},{"not_picked":["Deflect","Deadly Poison"],"picked":"Dagger Throw","floor":0},{"not_picked":["Finisher","Caltrops"],"picked":"Blade Dance","floor":0},{"not_picked":["Outmaneuver","Eviscerate"],"picked":"PiercingWail","floor":0},{"not_picked":["Acrobatics","Outmaneuver"],"picked":"Calculated Gamble","floor":1},{"not_picked":["Acrobatics","Heel Hook"],"picked":"Sucker Punch","floor":2},{"not_picked":["Underhanded Strike","Poisoned Stab"],"picked":"Quick Slash","floor":3},{"not_picked":["Tools of the Trade","Wraith Form v2"],"picked":"A Thousand Cuts","floor":6},{"not_picked":["Malaise","A Thousand Cuts"],"picked":"Adrenaline","floor":8},{"not_picked":["Night Terror","Grand Finale"],"picked":"Adrenaline","floor":10},{"not_picked":["All Out Attack","Predator"],"picked":"Slice","floor":13},{"not_picked":["Doppelganger","Phantasmal Killer"],"picked":"Adrenaline","floor":14},{"not_picked":["Corpse Explosion","Wraith Form v2"],"picked":"After Image","floor":16},{"not_picked":["Dodge and Roll","PiercingWail+1"],"picked":"Acrobatics","floor":18},{"not_picked":["Dodge and Roll","Prepared"],"picked":"Dagger Throw","floor":19},{"not_picked":["A Thousand Cuts","Corpse Explosion"],"picked":"Unload","floor":23},{"not_picked":["Doppelganger","Wraith Form v2"],"picked":"Corpse Explosion","floor":25},{"not_picked":["Doppelganger","Malaise"],"picked":"Venomology","floor":28},{"not_picked":["Caltrops","Dodge and Roll+1"],"picked":"Flying Knee","floor":29},{"not_picked":["Burst","Corpse Explosion"],"picked":"Adrenaline","floor":30},{"not_picked":["Malaise","Tools of the Trade"],"picked":"Adrenaline","floor":33},{"not_picked":["Noxious Fumes+1","Cloak And Dagger"],"picked":"Blade Dance+1","floor":35},{"not_picked":["PiercingWail+1","Poisoned Stab+1"],"picked":"Prepared+1","floor":36},{"not_picked":["Bullet Time","Grand Finale"],"picked":"Glass Knife","floor":40},{"not_picked":["Poisoned Stab+1","Sucker Punch"],"picked":"Underhanded Strike","floor":41},{"not_picked":["Night Terror","Wraith Form v2"],"picked":"Burst","floor":42},{"not_picked":["Jack Of All Trades","Apotheosis"],"picked":"Dramatic Entrance","floor":44},{"not_picked":["Mind Blast","Thinking Ahead"],"picked":"Secret Weapon","floor":44},{"not_picked":["Thinking Ahead","Good Instincts"],"picked":"Trip","floor":44},{"not_picked":["Venomology","Envenom"],"picked":"After Image","floor":45},{"not_picked":["Catalyst","Acrobatics+1"],"picked":"Sucker Punch","floor":46},{"not_picked":["Prepared","Leg Sweep"],"picked":"Choke","floor":48}],"player_experience":234541,"relics_obtained":[{"floor":6,"key":"Snake Skull"},{"floor":8,"key":"Pen Nib"},{"floor":9,"key":"Paper Crane"},{"floor":10,"key":"Whetstone"},{"floor":14,"key":"Mercury Hourglass"},{"floor":19,"key":"Turnip"},{"floor":19,"key":"Pear"},{"floor":22,"key":"Nilry\u0027s Codex"},{"floor":23,"key":"FossilizedHelix"},{"floor":25,"key":"Art of War"},{"floor":26,"key":"PreservedInsect"},{"floor":28,"key":"StoneCalendar"},{"floor":30,"key":"Omamori"},{"floor":36,"key":"Calipers"},{"floor":40,"key":"Nunchaku"},{"floor":42,"key":"Ice Cream"},{"floor":43,"key":"Orichalcum"},{"floor":45,"key":"Boot"}],"event_choices":[{"damage_healed":0,"gold_gain":69,"player_choice":"Gained Gold","damage_taken":0,"max_hp_gain":0,"max_hp_loss":0,"event_name":"Golden Wing","floor":4,"gold_loss":0},{"damage_healed":0,"gold_gain":0,"player_choice":"Take Damage","damage_taken":17,"relics_obtained":["Golden Idol"],"max_hp_gain":0,"max_hp_loss":0,"event_name":"Golden Idol","floor":5,"gold_loss":0},{"damage_healed":0,"gold_gain":0,"player_choice":"Entered Light","damage_taken":14,"max_hp_gain":0,"max_hp_loss":0,"event_name":"Shining Light","floor":11,"gold_loss":0,"cards_upgraded":["Finisher","Distraction"]},{"damage_healed":0,"gold_gain":0,"player_choice":"Fight","damage_taken":0,"max_hp_gain":0,"max_hp_loss":0,"event_name":"Colosseum","floor":19,"gold_loss":0},{"damage_healed":0,"gold_gain":0,"player_choice":"Fought Nobs","damage_taken":0,"max_hp_gain":0,"max_hp_loss":0,"event_name":"Colosseum","floor":19,"gold_loss":0},{"damage_healed":0,"gold_gain":0,"player_choice":"Read","damage_taken":0,"max_hp_gain":0,"max_hp_loss":0,"event_name":"The Library","floor":20,"gold_loss":0,"cards_obtained":["Endless Agony"]},{"damage_healed":0,"gold_gain":0,"player_choice":"Obtained Book","damage_taken":16,"max_hp_gain":0,"max_hp_loss":0,"event_name":"Cursed Tome","floor":22,"gold_loss":0},{"damage_healed":0,"gold_gain":0,"player_choice":"Obtained Relic","damage_taken":0,"relics_obtained":["Letter Opener"],"max_hp_gain":0,"max_hp_loss":0,"event_name":"Addict","floor":31,"gold_loss":85},{"damage_healed":0,"gold_gain":0,"player_choice":"Fight","damage_taken":0,"max_hp_gain":0,"max_hp_loss":0,"event_name":"Mysterious Sphere","floor":36,"gold_loss":0},{"damage_healed":0,"gold_gain":333,"player_choice":"Gave Idol","damage_taken":0,"max_hp_gain":0,"max_hp_loss":0,"event_name":"The Moai Head","floor":37,"relics_lost":["Golden Idol"],"gold_loss":0},{"damage_healed":0,"gold_gain":0,"player_choice":"Ignored","damage_taken":0,"max_hp_gain":0,"max_hp_loss":0,"event_name":"Tomb of Lord Red Mask","floor":38,"gold_loss":0},{"damage_healed":0,"gold_gain":0,"player_choice":"Memory 3","damage_taken":10,"max_hp_gain":0,"max_hp_loss":0,"event_name":"SensoryStone","floor":44,"gold_loss":0}],"is_beta":false,"boss_relics":[{"not_picked":["Cursed Key","Empty Cage"],"picked":"Coffee Dripper"},{"not_picked":["Eternal Feather","Lizard Tail"],"picked":"White Beast Statue"}],"items_purged_floors":[],"is_endless":false,"potions_floor_spawned":[3,6,8,13,14,19,23,30,35,36,40,41,42,45,46,48],"ascension_level":0}