{"gold_per_floor":[112,129,142,152,63,90,107,107,156,176,176,16,35,45,45,122,122,140,160,179,69,69],"floor_reached":22,"playtime":1057,"items_purged":[],"score":384,"play_id":"c43cc2c2-c980-4642-a976-90b430edf198","local_time":"20190629051645","is_ascension_mode":true,"campfire_choices":[{"floor":8,"key":"REST"},{"data":"Noxious Fumes","floor":11,"key":"SMITH"},{"data":"Deadly Poison","floor":15,"key":"SMITH"}],"neow_cost":"NONE","seed_source_timestamp":806441977726700,"circlet_count":0,"master_deck":["AscendersBane","Defend_G","Defend_G","Defend_G","Defend_G","Defend_G","Strike_G","Strike_G","Strike_G","Strike_G","Survivor","Neutralize+1","Dagger Throw","Skewer+1","Leg Sweep","Backstab","Noxious Fumes","Flying Knee","Noxious Fumes+1","Deadly Poison+1","Burst","Caltrops","Crippling Poison+1","Noxious Fumes"],"relics":["Ring of the Snake","Nunchaku","Bronze Scales","Art of War","Velvet Choker"],"potions_floor_usage":[4,7,16,18,20],"damage_taken":[{"damage":0,"enemies":"Cultist","floor":1,"turns":4},{"damage":1,"enemies":"Jaw Worm","floor":2,"turns":6},{"damage":1,"enemies":"Small Slimes","floor":3,"turns":4},{"damage":0,"enemies":"Looter","floor":4,"turns":4},{"damage":56,"enemies":"Gremlin Nob","floor":6,"turns":5},{"damage":0,"enemies":"Blue Slaver","floor":7,"turns":5},{"damage":3,"enemies":"3 Louse","floor":10,"turns":3},{"damage":2,"enemies":"2 Fungi Beasts","floor":13,"turns":4},{"damage":2,"enemies":"Exordium Wildlife","floor":14,"turns":4},{"damage":12,"enemies":"The Guardian","floor":16,"turns":9},{"damage":13,"enemies":"Shell Parasite","floor":18,"turns":5},{"damage":7,"enemies":"Chosen","floor":19,"turns":5},{"damage":18,"enemies":"Snake Plant","floor":20,"turns":4},{"damage":13,"enemies":"Chosen and Byrds","floor":22,"turns":3}],"seed_played":"9117405507208309741","potions_obtained":[{"floor":2,"key":"Strength Potion"},{"floor":6,"key":"GamblersBrew"},{"floor":10,"key":"Energy Potion"},{"floor":13,"key":"Strength Potion"},{"floor":16,"key":"AttackPotion"},{"floor":19,"key":"Strength Potion"},{"floor":20,"key":"LiquidBronze"}],"is_trial":false,"path_per_floor":["M","M","M","M","$","E","M","R","T","M","R","$","M","M","R","B",null,"M","M","M","?","M"],"character_chosen":"THE_SILENT","items_purchased":["Noxious Fumes","Art of War"],"campfire_rested":1,"item_purchase_floors":[5,12],"current_hp_per_floor":[59,58,57,57,57,1,1,20,20,17,17,17,15,13,13,1,50,37,30,12,12,0],"gold":69,"neow_bonus":"UPGRADE_CARD","is_prod":false,"is_daily":false,"chose_seed":false,"campfire_upgraded":2,"win_rate":0,"timestamp":1561753005,"path_taken":["M","M","M","M","$","E","M","R","T","M","R","$","M","M","R","BOSS","M","M","?","?","M"],"build_version":"2019-01-23","purchased_purges":0,"victory":false,"max_hp_per_floor":[66,66,66,66,66,66,66,66,66,66,66,66,66,66,66,66,66,66,66,66,66,66],"card_choices":[{"not_picked":["Blade Dance","Acrobatics"],"picked":"Dagger Throw","floor":1},{"not_picked":["Eviscerate","Expertise"],"picked":"Skewer","floor":2},{"not_picked":["Dodge and Roll","Endless Agony"],"picked":"Leg Sweep","floor":3},{"not_picked":["Slice","Bane"],"picked":"Backstab","floor":4},{"not_picked":["Finisher","Dagger Throw","Flechettes"],"picked":"SKIP","floor":6},{"not_picked":["Quick Slash","Concentrate"],"picked":"Flying Knee","floor":7},{"not_picked":["Envenom","Quick Slash"],"picked":"Noxious Fumes","floor":10},{"not_picked":["Prepared","Dodge and Roll"],"picked":"Deadly Poison","floor":13},{"not_picked":["Poisoned Stab","Deadly Poison","Dagger Spray"],"picked":"SKIP","floor":14},{"not_picked":["Storm of Steel","Night Terror"],"picked":"Burst","floor":16},{"not_picked":["Bane","Cloak And Dagger+1"],"picked":"Caltrops","floor":18},{"not_picked":["Cloak And Dagger+1","Heel Hook"],"picked":"Crippling Poison+1","floor":19},{"not_picked":["Accuracy","Deflect"],"picked":"Noxious Fumes","floor":20}],"player_experience":1026720,"relics_obtained":[{"floor":6,"key":"Nunchaku"},{"floor":9,"key":"Bronze Scales"}],"event_choices":[{"cards_removed":["Strike_G"],"damage_healed":0,"gold_gain":0,"player_choice":"Upgrade and Remove","damage_taken":0,"max_hp_gain":0,"max_hp_loss":0,"event_name":"Designer","floor":21,"gold_loss":110,"cards_upgraded":["Skewer"]}],"is_beta":false,"boss_relics":[{"not_picked":["Philosopher\u0027s Stone","Runic Pyramid"],"picked":"Velvet Choker"}],"items_purged_floors":[],"is_endless":false,"potions_floor_spawned":[2,6,10,13,16,19,20],"killed_by":"Chosen and Byrds","ascension_level":20}