{"gold_per_floor":[109,128,128,140,156,188,68,81,81,112,112,130,130,148,148,253,253,266,266,282,1,1],"floor_reached":22,"playtime":1070,"items_purged":[],"score":238,"play_id":"845ec902-56aa-4f00-9320-46f82b4561e2","local_time":"20181202141630","is_ascension_mode":true,"campfire_choices":[{"floor":11,"key":"REST"},{"data":"Footwork","floor":13,"key":"SMITH"},{"data":"Noxious Fumes","floor":15,"key":"SMITH"}],"neow_cost":"NONE","seed_source_timestamp":62536893404650,"circlet_count":0,"master_deck":["Defend_G","Defend_G","Defend_G","Defend_G","Defend_G","Strike_G","Strike_G","Survivor","Neutralize","Deadly Poison+1","Sucker Punch","Deadly Poison","Dagger Spray","Footwork+1","Well Laid Plans","PiercingWail","Backflip","After Image","Noxious Fumes+1","Burst","Die Die Die+1","Setup+1","Blade Dance+1","Slice+1","Noxious Fumes"],"relics":["Ring of the Snake","Boot","Strawberry","The Courier","StoneCalendar","Astrolabe","Vajra","Bag of Marbles"],"potions_floor_usage":[22,22],"damage_taken":[{"damage":3,"enemies":"2 Louse","floor":1,"turns":3},{"damage":1,"enemies":"Cultist","floor":2,"turns":4},{"damage":4,"enemies":"Small Slimes","floor":4,"turns":3},{"damage":1,"enemies":"Blue Slaver","floor":5,"turns":4},{"damage":24,"enemies":"3 Sentries","floor":6,"turns":9},{"damage":6,"enemies":"Exordium Wildlife","floor":8,"turns":4},{"damage":17,"enemies":"Lagavulin","floor":10,"turns":6},{"damage":12,"enemies":"Gremlin Gang","floor":12,"turns":3},{"damage":1,"enemies":"Red Slaver","floor":14,"turns":3},{"damage":27,"enemies":"Slime Boss","floor":16,"turns":8},{"damage":31,"enemies":"2 Thieves","floor":18,"turns":5},{"damage":24,"enemies":"Colosseum Slavers","floor":19,"turns":5},{"damage":11,"enemies":"3 Byrds","floor":20,"turns":4},{"damage":11,"enemies":"Snake Plant","floor":22,"turns":3}],"seed_played":"7114672260017872750","potions_obtained":[{"floor":5,"key":"Swift Potion"},{"floor":8,"key":"Dexterity Potion"},{"floor":16,"key":"AttackPotion"},{"floor":18,"key":"Energy Potion"}],"is_trial":false,"path_per_floor":["M","M","?","M","M","E","$","M","T","E","R","M","R","M","R","B",null,"M","?","M","$","M"],"character_chosen":"THE_SILENT","items_purchased":["Well Laid Plans","PiercingWail","Noxious Fumes","Vajra","Bag of Marbles"],"campfire_rested":1,"item_purchase_floors":[7,7,21,21,21],"current_hp_per_floor":[67,66,66,62,61,44,44,38,38,21,44,32,32,31,31,4,77,46,22,11,11,0],"gold":1,"neow_bonus":"RANDOM_COMMON_RELIC","is_prod":false,"is_daily":false,"chose_seed":false,"campfire_upgraded":2,"win_rate":0,"timestamp":1543778190,"path_taken":["M","M","?","?","M","E","$","M","T","E","R","M","R","M","R","BOSS","M","?","M","$","M"],"build_version":"2018-11-15","purchased_purges":0,"victory":false,"max_hp_per_floor":[70,70,70,70,70,77,77,77,77,77,77,77,77,77,77,77,77,77,77,77,77,77],"card_choices":[{"not_picked":["Blade Dance","Blur"],"picked":"Deadly Poison","floor":1},{"not_picked":["Bane","Tactician"],"picked":"Sucker Punch","floor":2},{"not_picked":["Escape Plan","Sucker Punch"],"picked":"Deadly Poison","floor":4},{"not_picked":["Slice","Outmaneuver"],"picked":"Dagger Spray","floor":5},{"not_picked":["Bouncing Flask","Heel Hook"],"picked":"Footwork","floor":6},{"not_picked":["Quick Slash","Flying Knee","Deadly Poison"],"picked":"SKIP","floor":8},{"not_picked":["Outmaneuver","Bouncing Flask"],"picked":"Backflip","floor":10},{"not_picked":["Poisoned Stab","Deadly Poison"],"picked":"After Image","floor":12},{"not_picked":["Riddle With Holes","Blade Dance"],"picked":"Noxious Fumes","floor":14},{"not_picked":["Wraith Form v2","Malaise"],"picked":"Burst","floor":16},{"not_picked":["Distraction","Flying Knee","Quick Slash"],"picked":"SKIP","floor":18},{"not_picked":["Dodge and Roll","Dagger Spray"],"picked":"Slice+1","floor":20}],"player_experience":190802,"relics_obtained":[{"floor":6,"key":"Strawberry"},{"floor":9,"key":"The Courier"},{"floor":10,"key":"StoneCalendar"}],"event_choices":[{"damage_healed":0,"gold_gain":0,"player_choice":"Upgraded","damage_taken":0,"max_hp_gain":0,"max_hp_loss":0,"event_name":"Upgrade Shrine","floor":3,"gold_loss":0,"cards_upgraded":["Deadly Poison"]},{"damage_healed":0,"gold_gain":0,"player_choice":"Fight","damage_taken":0,"max_hp_gain":0,"max_hp_loss":0,"event_name":"Colosseum","floor":19,"gold_loss":0},{"damage_healed":0,"gold_gain":0,"player_choice":"Fled From Nobs","damage_taken":0,"max_hp_gain":0,"max_hp_loss":0,"event_name":"Colosseum","floor":19,"gold_loss":0}],"is_beta":false,"boss_relics":[{"not_picked":["Velvet Choker","Calling Bell"],"picked":"Astrolabe"}],"items_purged_floors":[],"is_endless":false,"potions_floor_spawned":[5,8,16,18],"killed_by":"Snake Plant","ascension_level":4}