{"gold_per_floor":[114,128,147,147,161,193,193,206,231,266,276,306,323,334,334,431,431,442,459,121,132,149,184,184,213,213,223,143,143,155,155,155,252,252,262,262,46,46,57,57,88,88,113,113,127,143,143,154,154,154,154,154,34,65,65],"floor_reached":55,"playtime":4462,"items_purged":["Strike_G","Strike_G","Cloak And Dagger","All Out Attack"],"score":837,"play_id":"aaf81f7b-deac-465f-bfab-af535735b085","local_time":"20190629221219","is_ascension_mode":true,"campfire_choices":[{"floor":7.0,"key":"REST"},{"data":"Deadly Poison","floor":15.0,"key":"SMITH"},{"floor":24.0,"key":"REST"},{"floor":32.0,"key":"REST"},{"floor":40.0,"key":"RECALL"},{"floor":47.0,"key":"REST"},{"floor":49,"key":"REST"},{"data":"Noxious Fumes","floor":52,"key":"SMITH"}],"neow_cost":"NONE","seed_source_timestamp":1449926600426257,"circlet_count":0,"master_deck":["Defend_G","Defend_G","Defend_G","Defend_G","Survivor","Neutralize+1","Crippling Poison","Escape Plan","Burst","Calculated Gamble","Deadly Poison+1","Well Laid Plans","Blur","Dodge and Roll","Corpse Explosion","Caltrops","Noxious Fumes+1","Backflip","Malaise","Bouncing Flask+1","Expertise+1","Bullet Time"],"special_seed":0,"relics":["Ring of the Snake","NeowsBlessing","Pear","Oddly Smooth Stone","Whetstone","Dream Catcher","Velvet Choker","TwistedFunnel","Turnip","Blood Vial","The Courier","Empty Cage","Snake Skull","Question Card","Bottled Lightning"],"potions_floor_usage":[50,55],"damage_taken":[{"damage":0.0,"enemies":"Small Slimes","floor":1.0,"turns":1.0},{"damage":0.0,"enemies":"Cultist","floor":2.0,"turns":1.0},{"damage":0.0,"enemies":"Jaw Worm","floor":3.0,"turns":1.0},{"damage":4.0,"enemies":"Blue Slaver","floor":5.0,"turns":6.0},{"damage":37.0,"enemies":"Lagavulin","floor":6.0,"turns":9.0},{"damage":2.0,"enemies":"Red Slaver","floor":8.0,"turns":4.0},{"damage":16.0,"enemies":"Gremlin Nob","floor":10.0,"turns":4.0},{"damage":0.0,"enemies":"Exordium Thugs","floor":11.0,"turns":6.0},{"damage":9.0,"enemies":"3 Sentries","floor":12.0,"turns":10.0},{"damage":8.0,"enemies":"Looter","floor":13.0,"turns":3.0},{"damage":2.0,"enemies":"Blue Slaver","floor":14.0,"turns":4.0},{"damage":15.0,"enemies":"Hexaghost","floor":16.0,"turns":16.0},{"damage":4.0,"enemies":"Shell Parasite","floor":18.0,"turns":5.0},{"damage":1.0,"enemies":"3 Byrds","floor":19.0,"turns":3.0},{"damage":22.0,"enemies":"Snake Plant","floor":21.0,"turns":4.0},{"damage":12.0,"enemies":"Shelled Parasite and Fungi","floor":22.0,"turns":3.0},{"damage":14.0,"enemies":"Slavers","floor":23.0,"turns":5.0},{"damage":23.0,"enemies":"Gremlin Leader","floor":25.0,"turns":8.0},{"damage":6.0,"enemies":"3 Cultists","floor":27.0,"turns":3.0},{"damage":20.0,"enemies":"Centurion and Healer","floor":30.0,"turns":3.0},{"damage":38.0,"enemies":"Champ","floor":33.0,"turns":14.0},{"damage":18.0,"enemies":"3 Darklings","floor":35.0,"turns":4.0},{"damage":9.0,"enemies":"Orb Walker","floor":39.0,"turns":4.0},{"damage":40.0,"enemies":"Giant Head","floor":41.0,"turns":8.0},{"damage":8.0,"enemies":"Transient","floor":45.0,"turns":5.0},{"damage":22.0,"enemies":"Spire Growth","floor":46.0,"turns":6.0},{"damage":7.0,"enemies":"4 Shapes","floor":48.0,"turns":4.0},{"damage":44,"enemies":"Time Eater","floor":50,"turns":13},{"damage":44,"enemies":"Shield and Spear","floor":54,"turns":4},{"damage":44,"enemies":"The Heart","floor":55,"turns":5}],"seed_played":"-5304878808083354001","potions_obtained":[{"floor":1.0,"key":"GhostInAJar"},{"floor":6.0,"key":"Fire Potion"},{"floor":11.0,"key":"Fruit Juice"},{"floor":12.0,"key":"Energy Potion"},{"floor":13.0,"key":"EssenceOfSteel"},{"floor":16.0,"key":"EssenceOfSteel"},{"floor":22.0,"key":"AttackPotion"},{"floor":27.0,"key":"SteroidPotion"},{"floor":31.0,"key":"Regen Potion"},{"floor":31.0,"key":"FairyPotion"},{"floor":31.0,"key":"LiquidBronze"},{"floor":33.0,"key":"Explosive Potion"},{"floor":35.0,"key":"Swift Potion"},{"floor":41.0,"key":"EntropicBrew"},{"floor":54,"key":"EssenceOfSteel"}],"is_trial":false,"path_per_floor":["M","M","M","?","M","E","R","M","T","E","M","E","M","M","R","B",null,"M","M","$","M","M","E","R","E","T","M","$","?","M","?","R","B",null,"M","?","$","?","M","R","E","$","T","?","M","M","R","M","R","B",null,"R","$","E","B"],"character_chosen":"THE_SILENT","items_purchased":["TwistedFunnel","Noxious Fumes","Snake Skull"],"campfire_rested":5,"item_purchase_floors":[20,20,37],"current_hp_per_floor":[70,70,70,70,66,39,63,61,61,45,45,41,33,31,31,16,85,81,80,80,58,46,32,57,34,34,30,30,30,12,12,37,16,85,67,67,67,67,60,60,22,22,22,22,16,8,33,28,53,11,85,85,85,41,0],"gold":65,"neow_bonus":"THREE_ENEMY_KILL","is_prod":false,"is_daily":false,"chose_seed":false,"campfire_upgraded":2,"win_rate":0,"timestamp":1561860739,"path_taken":["M","M","M","?","M","E","R","M","T","E","M","E","?","M","R","BOSS","M","M","$","M","M","E","R","E","T","M","$","?","M","?","R","BOSS","M","?","$","?","M","R","E","$","T","?","M","?","R","M","R","BOSS","R","$","E","BOSS"],"build_version":"2019-01-23","purchased_purges":4,"victory":false,"max_hp_per_floor":[70,70,70,70,70,80,80,80,80,80,80,85,85,85,85,85,85,85,85,85,85,85,85,85,85,85,85,85,85,85,85,85,85,85,85,85,85,85,85,85,85,85,85,85,85,85,85,85,85,85,85,85,85,85,85],"card_choices":[{"not_picked":["Expertise","Flechettes"],"picked":"Cloak And Dagger","floor":1.0},{"not_picked":["Deadly Poison","Dodge and Roll"],"picked":"Crippling Poison","floor":2.0},{"not_picked":["Expertise","Acrobatics"],"picked":"Escape Plan","floor":3.0},{"not_picked":["Prepared","Cloak And Dagger"],"picked":"Calculated Gamble","floor":5.0},{"not_picked":["Sucker Punch","Eviscerate"],"picked":"Deadly Poison","floor":6.0},{"not_picked":["Choke","Dodge and Roll"],"picked":"Well Laid Plans","floor":8.0},{"not_picked":["Reflex","Setup"],"picked":"Blur","floor":10.0},{"not_picked":["Leg Sweep","All Out Attack"],"picked":"Dodge and Roll","floor":11.0},{"not_picked":["Deflect","Calculated Gamble","Quick Slash"],"picked":"SKIP","floor":12.0},{"not_picked":["Eviscerate","Deadly Poison","Slice"],"picked":"SKIP","floor":13.0},{"not_picked":["Dagger Throw","Eviscerate","Outmaneuver"],"picked":"SKIP","floor":14.0},{"not_picked":["Tools of the Trade","Storm of Steel"],"picked":"Corpse Explosion","floor":16.0},{"not_picked":["Underhanded Strike","Masterful Stab","Prepared"],"picked":"SKIP","floor":18.0},{"not_picked":["Deflect","Underhanded Strike"],"picked":"Caltrops","floor":19.0},{"not_picked":["Outmaneuver","Phantasmal Killer","Blur"],"picked":"SKIP","floor":21.0},{"not_picked":["Underhanded Strike","Slice","Sucker Punch"],"picked":"SKIP","floor":22.0},{"not_picked":["Expertise+1","Caltrops"],"picked":"Backflip","floor":23.0},{"not_picked":["Blur","Well Laid Plans+1","Prepared"],"picked":"SKIP","floor":25.0},{"not_picked":["Dodge and Roll","Blade Dance","Infinite Blades+1"],"picked":"SKIP","floor":27.0},{"not_picked":["Endless Agony+1","All Out Attack","Unload"],"picked":"SKIP","floor":30.0},{"not_picked":["Glass Knife","Burst"],"picked":"Malaise","floor":33.0},{"not_picked":["Sucker Punch+1","Flying Knee+1"],"picked":"Bouncing Flask+1","floor":35.0},{"not_picked":["Terror+1","Bane+1","Cloak And Dagger+1"],"picked":"SKIP","floor":39.0},{"not_picked":["Finisher+1","Noxious Fumes","Deflect"],"picked":"SKIP","floor":41.0},{"not_picked":["Blade Dance+1","Flechettes+1","Flying Knee+1","Deadly Poison+1"],"picked":"SKIP","floor":45.0},{"not_picked":["Accuracy+1","Prepared","Backstab+1"],"picked":"Expertise+1","floor":46.0},{"not_picked":["Dagger Throw","Prepared+1","Calculated Gamble+1","Blade Dance"],"picked":"SKIP","floor":48.0},{"not_picked":["Accuracy","Sucker Punch+1","Underhanded Strike+1"],"picked":"Bullet Time","floor":54}],"player_experience":290374,"relics_obtained":[{"floor":6.0,"key":"Pear"},{"floor":9.0,"key":"Oddly Smooth Stone"},{"floor":10.0,"key":"Whetstone"},{"floor":12.0,"key":"Dream Catcher"},{"floor":23.0,"key":"Turnip"},{"floor":25.0,"key":"Blood Vial"},{"floor":26.0,"key":"The Courier"},{"floor":41.0,"key":"Question Card"},{"floor":54,"key":"Bottled Lightning"}],"event_choices":[{"damage_healed":0.0,"max_hp_gain":0.0,"max_hp_loss":0.0,"gold_gain":0.0,"event_name":"Match and Keep!","player_choice":"1 cards matched","floor":4.0,"gold_loss":0.0,"damage_taken":0.0,"cards_obtained":["Burst"]},{"damage_healed":0.0,"max_hp_gain":0.0,"max_hp_loss":0.0,"gold_gain":0.0,"cards_transformed":["Strike_G","Strike_G"],"event_name":"Drug Dealer","player_choice":"Became Test Subject","floor":29.0,"gold_loss":0.0,"damage_taken":0.0,"cards_obtained":["Choke","Predator"]},{"damage_healed":0.0,"max_hp_gain":0.0,"max_hp_loss":0.0,"gold_gain":0.0,"event_name":"Lab","player_choice":"Got Potions","floor":31.0,"gold_loss":0.0,"damage_taken":0.0},{"damage_healed":0.0,"max_hp_gain":0.0,"max_hp_loss":0.0,"gold_gain":0.0,"event_name":"SensoryStone","player_choice":"Memory 1","floor":36.0,"gold_loss":0.0,"damage_taken":0.0},{"cards_removed":["Strike_G"],"damage_healed":0.0,"max_hp_gain":0.0,"max_hp_loss":0.0,"gold_gain":0.0,"event_name":"Falling","player_choice":"Removed Attack","floor":38.0,"gold_loss":0.0,"damage_taken":0.0},{"damage_healed":0.0,"max_hp_gain":0.0,"max_hp_loss":0.0,"gold_gain":0.0,"cards_transformed":["Defend_G"],"event_name":"Transmorgrifier","player_choice":"Transformed","floor":44.0,"gold_loss":0.0,"damage_taken":0.0,"cards_obtained":["All Out Attack"]}],"is_beta":false,"boss_relics":[{"not_picked":["Orrery","Busted Crown"],"picked":"Velvet Choker"},{"not_picked":["WristBlade","Calling Bell"],"picked":"Empty Cage"}],"items_purged_floors":[20,28,37,53],"is_endless":false,"potions_floor_spawned":[1,6,11,12,13,16,22,23,27,33,35,41,45,54],"killed_by":"The Heart","ascension_level":2}