{"gold_per_floor":[117,129,28,28,40,73,73,89,89,89,115,115,128,141,141,237,237,248,259,359,359,359,387,387,387,387,5,5,5,24,42,42,138,138,158,158,178,178,34,34,51,51,77,77],"floor_reached":44,"playtime":1924,"items_purged":["Defend_R","Defend_R"],"score":461,"play_id":"69bdc010-e1c2-4f7f-95fa-1d71536633ef","local_time":"20181022185355","is_ascension_mode":false,"campfire_choices":[{"data":"Spot Weakness","floor":7,"key":"SMITH"},{"data":"Infernal Blade","floor":10,"key":"SMITH"},{"data":"Flame Barrier","floor":12,"key":"SMITH"},{"data":"Iron Wave","floor":15,"key":"SMITH"},{"data":"Barricade","floor":24,"key":"SMITH"},{"data":"Flex","floor":25,"key":"SMITH"},{"data":"Ghostly","floor":29,"key":"SMITH"},{"data":"Ghostly","floor":32,"key":"SMITH"},{"data":"Enlightenment","floor":40,"key":"SMITH"},{"data":"Whirlwind","floor":42,"key":"SMITH"}],"neow_cost":"NONE","seed_source_timestamp":1064804927252712,"circlet_count":0,"master_deck":["Strike_R","Strike_R","Strike_R","Strike_R","Strike_R","Defend_R","Bash","Infernal Blade+1","Spot Weakness+1","Shrug It Off","Iron Wave+1","Flame Barrier+1","Flex+1","Berserk","Cleave","Barricade+1","Body Slam","True Grit+1","Whirlwind+1","Ghostly+1","Ghostly+1","Ghostly","Ghostly","Ghostly","Metallicize","Feed","Metallicize+1","Enlightenment+1","Combust+1","Madness","Madness","Rampage+1"],"relics":["Burning Blood","Mercury Hourglass","Shovel","WingedGreaves","Bottled Lightning","Coffee Dripper","Self Forming Clay","Dream Catcher","Gremlin Horn","Chemical X","Mark of Pain","PreservedInsect","Red Skull"],"potions_floor_usage":[16,16,18,44],"damage_taken":[{"damage":6,"enemies":"Small Slimes","floor":1,"turns":4},{"damage":9,"enemies":"Jaw Worm","floor":2,"turns":4},{"damage":6,"enemies":"Cultist","floor":5,"turns":3},{"damage":34,"enemies":"Lagavulin","floor":6,"turns":6},{"damage":13,"enemies":"2 Fungi Beasts","floor":8,"turns":3},{"damage":23,"enemies":"Gremlin Nob","floor":11,"turns":4},{"damage":0,"enemies":"Gremlin Gang","floor":13,"turns":1},{"damage":2,"enemies":"Looter","floor":14,"turns":2},{"damage":17,"enemies":"The Guardian","floor":16,"turns":7},{"damage":12,"enemies":"Shell Parasite","floor":18,"turns":3},{"damage":23,"enemies":"3 Byrds","floor":19,"turns":3},{"damage":27,"enemies":"Gremlin Leader","floor":23,"turns":6},{"damage":1,"enemies":"Sentry and Sphere","floor":30,"turns":4},{"damage":27,"enemies":"Snake Plant","floor":31,"turns":4},{"damage":2,"enemies":"Automaton","floor":33,"turns":10},{"damage":6,"enemies":"3 Shapes","floor":35,"turns":3},{"damage":4,"enemies":"3 Darklings","floor":37,"turns":4},{"damage":10,"enemies":"4 Shapes","floor":41,"turns":2},{"damage":43,"enemies":"Giant Head","floor":44,"turns":7}],"seed_played":"-4381453286394354883","potions_obtained":[{"floor":6,"key":"SteroidPotion"},{"floor":8,"key":"SkillPotion"},{"floor":13,"key":"GamblersBrew"},{"floor":14,"key":"Dexterity Potion"},{"floor":16,"key":"Poison Potion"},{"floor":18,"key":"GamblersBrew"},{"floor":23,"key":"Energy Potion"},{"floor":30,"key":"Swift Potion"},{"floor":37,"key":"PowerPotion"}],"is_trial":false,"path_per_floor":["M","M","$","?","M","E","R","M","T","R","E","R","M","M","R","B",null,"M","M","?","T","?","E","R","R","T","$","?","R","M","M","R","B",null,"M","?","M","?","$","R","M","R","T"],"character_chosen":"IRONCLAD","items_purchased":["Iron Wave","Chemical X","Whirlwind","PreservedInsect"],"campfire_rested":0,"item_purchase_floors":[3,27,27,39],"current_hp_per_floor":[80,77,77,74,74,46,46,39,39,39,22,22,28,32,32,21,80,74,57,57,57,80,59,59,59,59,59,40,40,40,19,19,23,40,40,40,40,35,35,35,31,31,31,0],"gold":77,"neow_bonus":"TRANSFORM_CARD","is_prod":false,"is_daily":false,"chose_seed":false,"campfire_upgraded":10,"win_rate":0.0,"timestamp":1540248835,"path_taken":["M","M","$","?","?","E","R","M","T","R","E","R","M","M","R","BOSS","M","M","?","?","?","E","R","R","T","?","?","R","M","M","R","BOSS","M","?","M","?","?","R","?","R","T","E"],"build_version":"2018-10-18","purchased_purges":2,"victory":false,"max_hp_per_floor":[80,80,80,80,80,80,80,80,80,80,80,80,80,80,80,80,80,80,80,80,80,80,80,80,80,80,80,40,40,40,40,40,40,40,40,40,40,40,40,40,40,40,40,40],"card_choices":[{"not_picked":["Anger","Flex"],"picked":"Spot Weakness","floor":1},{"not_picked":["Warcry","Anger"],"picked":"Shrug It Off","floor":2},{"not_picked":["Warcry","Combust"],"picked":"Flame Barrier","floor":5},{"not_picked":["Ghostly Armor","Sword Boomerang"],"picked":"Rupture","floor":6},{"not_picked":["Perfected Strike","Warcry"],"picked":"Flex","floor":8},{"not_picked":["Fiend Fire","Power Through"],"picked":"Berserk","floor":11},{"not_picked":["Spot Weakness","Wild Strike","Body Slam"],"picked":"SKIP","floor":13},{"not_picked":["Clothesline","Shrug It Off"],"picked":"Cleave","floor":14},{"not_picked":["Immolate","Brutality"],"picked":"Barricade","floor":16},{"not_picked":["Clash","Sword Boomerang","Perfected Strike"],"picked":"SKIP","floor":18},{"not_picked":["Cleave","Shrug It Off"],"picked":"Body Slam","floor":19},{"not_picked":["Searing Blow","Pommel Strike+1"],"picked":"True Grit+1","floor":23},{"not_picked":["Wild Strike","Clothesline","Cleave"],"picked":"SKIP","floor":30},{"not_picked":["Thunderclap+1","Pommel Strike"],"picked":"Metallicize","floor":31},{"not_picked":["Barricade","Brutality"],"picked":"Feed","floor":33},{"not_picked":["Perfected Strike+1","Clash+1"],"picked":"Metallicize+1","floor":35},{"not_picked":["Impatience","Jack Of All Trades"],"picked":"Enlightenment","floor":36},{"not_picked":["Cleave","Headbutt"],"picked":"Combust+1","floor":37},{"not_picked":["Iron Wave+1","Clothesline"],"picked":"Rampage+1","floor":41}],"player_experience":52675,"relics_obtained":[{"floor":6,"key":"Shovel"},{"floor":9,"key":"WingedGreaves"},{"floor":11,"key":"Bottled Lightning"},{"floor":21,"key":"Self Forming Clay"},{"floor":23,"key":"Dream Catcher"},{"floor":26,"key":"Gremlin Horn"},{"floor":43,"key":"Red Skull"}],"event_choices":[{"damage_healed":0,"gold_gain":0,"player_choice":"Success","damage_taken":3,"relics_obtained":["Mercury Hourglass"],"max_hp_gain":0,"max_hp_loss":0,"event_name":"Scrap Ooze","floor":4,"gold_loss":0},{"damage_healed":0,"gold_gain":100,"player_choice":"Pray","damage_taken":0,"max_hp_gain":0,"max_hp_loss":0,"event_name":"Golden Shrine","floor":20,"gold_loss":0},{"cards_removed":["Rupture"],"damage_healed":23,"gold_gain":0,"player_choice":"Offered Uncommon","damage_taken":0,"max_hp_gain":0,"max_hp_loss":0,"event_name":"Bonfire Elementals","floor":22,"gold_loss":0},{"damage_healed":0,"gold_gain":0,"player_choice":"Became a Ghost","damage_taken":0,"max_hp_gain":0,"max_hp_loss":40,"event_name":"Ghosts","floor":28,"gold_loss":0,"cards_obtained":["Ghostly","Ghostly","Ghostly","Ghostly","Ghostly"]},{"damage_healed":0,"gold_gain":0,"player_choice":"Memory 1","damage_taken":0,"max_hp_gain":0,"max_hp_loss":0,"event_name":"SensoryStone","floor":36,"gold_loss":0},{"damage_healed":0,"gold_gain":0,"player_choice":"Embrace Madness","damage_taken":5,"max_hp_gain":0,"max_hp_loss":0,"event_name":"Winding Halls","floor":38,"gold_loss":0,"cards_obtained":["Madness","Madness"]}],"is_beta":false,"boss_relics":[{"not_picked":["Busted Crown","Philosopher\u0027s Stone"],"picked":"Coffee Dripper"},{"not_picked":["Empty Cage","White Beast Statue"],"picked":"Mark of Pain"}],"items_purged_floors":[3,27],"is_endless":false,"potions_floor_spawned":[6,8,13,14,16,18,23,30,37],"killed_by":"Giant Head","ascension_level":0}