{"gold_per_floor":[114,114,129,129,144,174,189,189,264,264,21,36,36,74,74,199,199,218,237,237,256,181,181,181,200,225,244,282,10,29,29,29,154,154,173,0,0,19,38,38,76,95,120,245,283,6,6,25,25,25],"floor_reached":51,"playtime":2980,"items_purged":[],"score":987,"play_id":"6c349d14-99e6-4254-b97d-0ecda682656c","local_time":"20190430133234","daily_mods":["Cursed Run","ControlledChaos","Lethality"],"is_ascension_mode":false,"campfire_choices":[{"floor":8,"key":"REST"},{"floor":10,"key":"REST"},{"data":"Hello World","floor":15,"key":"SMITH"},{"floor":23,"key":"REST"},{"floor":32,"key":"REST"},{"floor":40,"key":"REST"},{"floor":49,"key":"REST"}],"neow_cost":"","seed_source_timestamp":0,"circlet_count":0,"master_deck":["Strike_B","Strike_B","Strike_B+1","Strike_B","Defend_B+1","Defend_B","Defend_B","Defend_B","Zap","Sweeping Beam","Rip and Tear","Buffer","Hello World+1","FTL","Writhe","Enlightenment","Sweeping Beam","Injury","Aggregate","Shame","All For One","Ball Lightning+1","Beam Cell","FTL+1","Ghostly","Ghostly","Ghostly","Ghostly","Ghostly","Coolheaded","Parasite","Ball Lightning","Coolheaded+1","Gash","Beam Cell","White Noise+1","Electrodynamics+1","Writhe","Fission","Ball Lightning+1","Magnetism+1","Thinking Ahead","Secret Technique","Mind Blast","Beam Cell+1","Rebound+1","Barrage","Ball Lightning+1","Parasite","Stack+1","Normality","Conserve Battery+1","Rebound+1","Self Repair+1","Pain","Gash","Turbo","Glacier+1","Clumsy"],"special_seed":18016,"relics":["Cursed Key","Darkstone Periapt","Du-Vu Doll","Frozen Eye","Frozen Egg 2","PreservedInsect","Golden Idol","Dodecahedron","Empty Cage","MutagenicStrength","Dream Catcher","Bronze Scales","Toy Ornithopter","Nloth\u0027s Gift","Philosopher\u0027s Stone","Bottled Flame","Bag of Marbles","Prayer Wheel","Ancient Tea Set","Sling","WarpedTongs"],"potions_floor_usage":[7,14,16,16,18,18,19,19,27,30,33,41,50,50,50],"damage_taken":[{"damage":0,"enemies":"Cultist","floor":1,"turns":2},{"damage":0,"enemies":"2 Louse","floor":3,"turns":1},{"damage":9,"enemies":"Jaw Worm","floor":5,"turns":2},{"damage":6,"enemies":"Lagavulin","floor":6,"turns":5},{"damage":16,"enemies":"Exordium Thugs","floor":7,"turns":2},{"damage":0,"enemies":"Large Slime","floor":12,"turns":2},{"damage":12,"enemies":"3 Sentries","floor":14,"turns":2},{"damage":49,"enemies":"Hexaghost","floor":16,"turns":7},{"damage":0,"enemies":"Spheric Guardian","floor":18,"turns":3},{"damage":13,"enemies":"2 Thieves","floor":19,"turns":2},{"damage":30,"enemies":"Snake Plant","floor":21,"turns":2},{"damage":2,"enemies":"Shelled Parasite and Fungi","floor":25,"turns":4},{"damage":0,"enemies":"Centurion and Healer","floor":27,"turns":3},{"damage":2,"enemies":"Book of Stabbing","floor":28,"turns":4},{"damage":31,"enemies":"Snake Plant","floor":30,"turns":3},{"damage":19,"enemies":"Champ","floor":33,"turns":7},{"damage":6,"enemies":"Orb Walker","floor":35,"turns":3},{"damage":4,"enemies":"3 Shapes","floor":38,"turns":3},{"damage":20,"enemies":"Jaw Worm Horde","floor":39,"turns":3},{"damage":0,"enemies":"Reptomancer","floor":41,"turns":2},{"damage":19,"enemies":"Writhing Mass","floor":42,"turns":3},{"damage":0,"enemies":"Mind Bloom Boss Battle","floor":44,"turns":1},{"damage":0,"enemies":"Nemesis","floor":45,"turns":1},{"damage":3,"enemies":"4 Shapes","floor":48,"turns":3},{"damage":23,"enemies":"Donu and Deca","floor":50,"turns":6}],"seed_played":"5114170758115261822","potions_obtained":[{"floor":3,"key":"Explosive Potion"},{"floor":6,"key":"GamblersBrew"},{"floor":7,"key":"Swift Potion"},{"floor":14,"key":"Energy Potion"},{"floor":16,"key":"EntropicBrew"},{"floor":25,"key":"PowerPotion"},{"floor":27,"key":"SpeedPotion"},{"floor":30,"key":"Weak Potion"},{"floor":39,"key":"GamblersBrew"},{"floor":41,"key":"SkillPotion"},{"floor":44,"key":"FocusPotion"},{"floor":48,"key":"Block Potion"}],"is_trial":false,"path_per_floor":["M","?","M","?","M","E","M","R","T","R","$","M","?","E","R","B",null,"M","M","?","M","?","R","?","M","T","M","E","$","M","?","R","B",null,"M","$","?","M","M","R","E","M","T","?","E","$","?","M","R","B",null],"character_chosen":"DEFECT","items_purchased":["PreservedInsect","Enlightenment","Toy Ornithopter","Gash","Beam Cell","Magnetism+1","Sling","Self Repair+1"],"campfire_rested":6,"item_purchase_floors":[11,11,29,29,29,36,46,46],"current_hp_per_floor":[75,60,60,60,51,45,29,51,57,81,81,81,87,75,75,32,93,93,80,80,50,50,77,46,44,50,50,48,48,22,22,37,29,58,52,52,42,38,18,35,40,27,33,33,33,33,39,36,58,66],"gold":25,"neow_bonus":"","is_prod":false,"is_daily":true,"chose_seed":false,"campfire_upgraded":1,"win_rate":0,"timestamp":1556627554,"path_taken":["M","?","M","?","M","E","M","R","T","R","$","?","?","E","R","BOSS","M","M","?","M","?","R","?","M","T","M","E","$","M","?","R","BOSS","M","?","?","M","M","R","E","M","T","?","E","$","?","M","R","BOSS"],"build_version":"2019-01-23","purchased_purges":0,"victory":true,"max_hp_per_floor":[75,75,75,75,75,75,75,75,81,81,81,81,87,87,87,93,93,93,93,93,93,93,93,46,46,52,52,52,52,52,52,52,58,58,58,58,58,58,58,58,58,64,70,70,70,70,76,76,76,82],"card_choices":[{"not_picked":["Streamline","Double Energy"],"picked":"Sweeping Beam","floor":1},{"not_picked":["Rebound","Leap"],"picked":"Rip and Tear","floor":3},{"not_picked":["Reinforced Body","Ball Lightning"],"picked":"Hello World","floor":5},{"not_picked":["Sweeping Beam","Stack"],"picked":"Loop","floor":6},{"not_picked":["Go for the Eyes","Sweeping Beam"],"picked":"FTL","floor":7},{"not_picked":["Cold Snap","Skim"],"picked":"Sweeping Beam","floor":12},{"not_picked":["Conserve Battery","Leap"],"picked":"Aggregate","floor":14},{"not_picked":["Thunder Strike","Rainbow"],"picked":"All For One","floor":16},{"not_picked":["Double Energy","Conserve Battery"],"picked":"Ball Lightning+1","floor":18},{"not_picked":["Fusion","Genetic Algorithm"],"picked":"Beam Cell","floor":19},{"not_picked":["Recycle","Static Discharge+1"],"picked":"FTL+1","floor":21},{"not_picked":["Defragment+1","Tempest"],"picked":"Coolheaded","floor":25},{"not_picked":["Stack","Turbo"],"picked":"Ball Lightning","floor":27},{"not_picked":["Leap+1","Conserve Battery"],"picked":"Coolheaded+1","floor":28},{"not_picked":["Force Field","Hello World+1"],"picked":"White Noise+1","floor":30},{"not_picked":["Streamline","Redo"],"picked":"Electrodynamics+1","floor":32},{"not_picked":["Seek","Creative AI+1"],"picked":"Fission","floor":33},{"not_picked":["Coolheaded+1","Compile Driver"],"picked":"Ball Lightning+1","floor":35},{"not_picked":["Panacea","Discovery"],"picked":"Thinking Ahead","floor":37},{"not_picked":["Blind","Purity"],"picked":"Secret Technique","floor":37},{"not_picked":["Trip","Madness"],"picked":"Mind Blast","floor":37},{"not_picked":["Sweeping Beam","Hello World+1"],"picked":"Beam Cell+1","floor":38},{"not_picked":["Ball Lightning","Creative AI+1"],"picked":"Rebound+1","floor":39},{"not_picked":["Fusion","Skim+1"],"picked":"Barrage","floor":40},{"not_picked":["Coolheaded","Turbo+1"],"picked":"Ball Lightning+1","floor":41},{"not_picked":["Amplify","Cold Snap"],"picked":"Stack+1","floor":42},{"not_picked":["Leap","Ball Lightning"],"picked":"Conserve Battery+1","floor":44},{"not_picked":["Chaos","Rainbow"],"picked":"Rebound+1","floor":45},{"not_picked":["Glacier+1","Compile Driver"],"picked":"Gash","floor":48},{"not_picked":["Lockon","Barrage"],"picked":"Turbo","floor":48},{"not_picked":["Steam","Ball Lightning"],"picked":"Glacier+1","floor":49}],"player_experience":632237,"relics_obtained":[{"floor":6,"key":"DataDisk"},{"floor":9,"key":"Frozen Egg 2"},{"floor":14,"key":"Dodecahedron"},{"floor":26,"key":"Dream Catcher"},{"floor":28,"key":"Bronze Scales"},{"floor":41,"key":"Bottled Flame"},{"floor":43,"key":"Bag of Marbles"},{"floor":44,"key":"Prayer Wheel"},{"floor":45,"key":"Ancient Tea Set"}],"event_choices":[{"damage_healed":0,"gold_gain":0,"player_choice":"Entered Light","damage_taken":15,"max_hp_gain":0,"max_hp_loss":0,"event_name":"Shining Light","floor":2,"gold_loss":0,"cards_upgraded":["Defend_B","Strike_B"]},{"damage_healed":0,"gold_gain":0,"player_choice":"2 cards matched","damage_taken":0,"max_hp_gain":0,"max_hp_loss":0,"event_name":"Match and Keep!","floor":4,"gold_loss":0,"cards_obtained":["Redo","Buffer"]},{"damage_healed":0,"gold_gain":0,"player_choice":"Take Wound","damage_taken":0,"relics_obtained":["Golden Idol"],"max_hp_gain":0,"max_hp_loss":0,"event_name":"Golden Idol","floor":13,"gold_loss":0,"cards_obtained":["Injury"]},{"damage_healed":0,"gold_gain":0,"player_choice":"Inject Mutagens","damage_taken":0,"relics_obtained":["MutagenicStrength"],"max_hp_gain":0,"max_hp_loss":0,"event_name":"Drug Dealer","floor":20,"gold_loss":0},{"cards_removed":["Loop"],"damage_healed":0,"gold_gain":0,"player_choice":"Gave Gold","damage_taken":0,"max_hp_gain":0,"max_hp_loss":0,"event_name":"Beggar","floor":22,"gold_loss":75},{"damage_healed":0,"gold_gain":0,"player_choice":"Became a Ghost","damage_taken":0,"max_hp_gain":0,"max_hp_loss":47,"event_name":"Ghosts","floor":24,"gold_loss":0,"cards_obtained":["Ghostly","Ghostly","Ghostly","Ghostly","Ghostly"]},{"damage_healed":0,"gold_gain":0,"player_choice":"Traded Relic","damage_taken":0,"relics_obtained":["Nloth\u0027s Gift"],"max_hp_gain":0,"max_hp_loss":0,"event_name":"N\u0027loth","floor":31,"relics_lost":["DataDisk"],"gold_loss":0},{"damage_healed":0,"gold_gain":0,"player_choice":"Memory 3","damage_taken":10,"max_hp_gain":0,"max_hp_loss":0,"event_name":"SensoryStone","floor":37,"gold_loss":0},{"damage_healed":0,"gold_gain":0,"player_choice":"Fight","damage_taken":0,"max_hp_gain":0,"max_hp_loss":0,"event_name":"MindBloom","floor":44,"gold_loss":0},{"damage_healed":0,"gold_gain":0,"player_choice":"Rummage","damage_taken":0,"relics_obtained":["WarpedTongs"],"max_hp_gain":0,"max_hp_loss":0,"event_name":"Accursed Blacksmith","floor":47,"gold_loss":0,"cards_obtained":["Pain"]}],"is_beta":false,"boss_relics":[{"not_picked":["Coffee Dripper","Snecko Eye"],"picked":"Empty Cage"},{"not_picked":["Velvet Choker","Sozu"],"picked":"Philosopher\u0027s Stone"}],"items_purged_floors":[],"is_endless":false,"potions_floor_spawned":[3,6,7,14,16,25,27,30,39,41,44,48],"ascension_level":0}