{"gold_per_floor":[114,114,114,189,208,246,246,266,266,285,48,48,67,86,86,211,211,230,249,249,268,71,109,109,128,128,128,403,441,460,479,479,604,604,623,623,623,642,661,699,718,718],"floor_reached":42,"playtime":2566,"items_purged":[],"score":620,"play_id":"3cae0333-1b45-487f-a748-ac15e3fce584","local_time":"20190222085719","daily_mods":["Cursed Run","Diverse","Terminal"],"is_ascension_mode":false,"campfire_choices":[{"floor":7,"key":"REST"},{"data":"Cold Snap","floor":12,"key":"SMITH"},{"data":"Coolheaded","floor":15,"key":"SMITH"},{"data":"Caltrops","floor":24,"key":"SMITH"},{"data":"Dagger Spray","floor":27,"key":"SMITH"},{"floor":32,"key":"REST"}],"neow_cost":"","seed_source_timestamp":0,"circlet_count":0,"master_deck":["Strike_B","Strike_B","Strike_B","Strike_B","Defend_B","Defend_B","Defend_B","Zap+1","Dualcast","Perfected Strike","Injury","Pommel Strike","Rebound","Rupture","Regret","PiercingWail","Cold Snap+1","Metallicize","Dagger Spray+1","Coolheaded+1","Clumsy","Offering","Ball Lightning","Compile Driver","Self Repair+1","Backflip","Caltrops+1","Spot Weakness","Pain","Regret","Rainbow","Twin Strike+1","Sweeping Beam+1","Doubt","Dagger Spray","Searing Blow","Bloodletting","Iron Wave+1","Ball Lightning"],"special_seed":17949,"relics":["Cursed Key","Darkstone Periapt","Du-Vu Doll","Golden Idol","Blue Candle","Odd Mushroom","Pen Nib","Lantern","Nuclear Battery","Bronze Scales","Bottled Flame","Matryoshka","Anchor","Black Star","Letter Opener","Centennial Puzzle"],"potions_floor_usage":[6,8,18,19,23,29,35,40],"damage_taken":[{"damage":0,"enemies":"Small Slimes","floor":1,"turns":4},{"damage":0,"enemies":"Jaw Worm","floor":5,"turns":2},{"damage":12,"enemies":"Lagavulin","floor":6,"turns":4},{"damage":8,"enemies":"The Mushroom Lair","floor":8,"turns":3},{"damage":0,"enemies":"2 Louse","floor":10,"turns":2},{"damage":0,"enemies":"Looter","floor":13,"turns":2},{"damage":1,"enemies":"Red Slaver","floor":14,"turns":2},{"damage":25,"enemies":"Slime Boss","floor":16,"turns":6},{"damage":1,"enemies":"3 Byrds","floor":18,"turns":4},{"damage":4,"enemies":"Spheric Guardian","floor":19,"turns":3},{"damage":4,"enemies":"Snecko","floor":21,"turns":5},{"damage":14,"enemies":"Gremlin Leader","floor":23,"turns":6},{"damage":0,"enemies":"Snake Plant","floor":25,"turns":2},{"damage":8,"enemies":"Slavers","floor":29,"turns":2},{"damage":14,"enemies":"Cultist and Chosen","floor":30,"turns":4},{"damage":9,"enemies":"3 Cultists","floor":31,"turns":4},{"damage":24,"enemies":"Collector","floor":33,"turns":6},{"damage":0,"enemies":"Orb Walker","floor":35,"turns":2},{"damage":2,"enemies":"3 Shapes","floor":38,"turns":1},{"damage":40,"enemies":"Writhing Mass","floor":39,"turns":4},{"damage":60,"enemies":"Giant Head","floor":40,"turns":7},{"damage":15,"enemies":"4 Shapes","floor":41,"turns":3},{"damage":3,"enemies":"Transient","floor":42,"turns":1}],"seed_played":"3109262383248247929","potions_obtained":[{"floor":1,"key":"PowerPotion"},{"floor":6,"key":"Energy Potion"},{"floor":8,"key":"FocusPotion"},{"floor":10,"key":"GamblersBrew"},{"floor":16,"key":"FairyPotion"},{"floor":21,"key":"GamblersBrew"},{"floor":23,"key":"Explosive Potion"},{"floor":31,"key":"FearPotion"},{"floor":33,"key":"Swift Potion"},{"floor":38,"key":"SneckoOil"},{"floor":40,"key":"Energy Potion"},{"floor":41,"key":"SmokeBomb"}],"is_trial":false,"path_per_floor":["M","?","?","?","M","E","R","?","T","M","$","R","M","M","R","B",null,"M","M","?","M","$","E","R","M","T","R","?","E","M","M","R","B",null,"M","?","?","M","M","E","M","M"],"character_chosen":"DEFECT","items_purchased":["Lantern","Cold Snap","Metallicize","Bronze Scales","Backflip"],"campfire_rested":2,"item_purchase_floors":[11,11,11,22,22],"current_hp_per_floor":[73,72,77,66,66,54,73,65,71,71,71,71,71,70,70,51,75,74,70,70,66,66,62,62,67,72,71,76,68,64,55,72,54,76,75,74,83,81,41,18,3,0],"gold":718,"neow_bonus":"","is_prod":false,"is_daily":true,"chose_seed":false,"campfire_upgraded":4,"win_rate":0,"timestamp":1550825839,"path_taken":["M","?","?","?","M","E","R","?","T","M","?","R","M","?","R","BOSS","M","M","?","M","$","E","R","M","T","R","?","E","M","?","R","BOSS","M","?","?","M","M","E","?","M"],"build_version":"2019-01-23","purchased_purges":0,"victory":false,"max_hp_per_floor":[73,72,77,76,75,74,73,72,77,76,75,74,73,72,71,76,75,74,73,72,71,70,69,68,67,72,71,76,75,74,73,72,77,76,75,74,83,82,81,80,79,79],"card_choices":[{"not_picked":["Carnage","Gash"],"picked":"Perfected Strike","floor":1},{"not_picked":["Disarm","Dodge and Roll"],"picked":"Pommel Strike","floor":5},{"not_picked":["Buffer","Headbutt"],"picked":"Rebound","floor":6},{"not_picked":["Concentrate","Capacitor"],"picked":"Rupture","floor":8},{"not_picked":["Eviscerate","Shockwave"],"picked":"PiercingWail","floor":10},{"not_picked":["Footwork","Steam Power"],"picked":"Dagger Spray","floor":13},{"not_picked":["Shrug It Off","Loop"],"picked":"Coolheaded","floor":14},{"not_picked":["Barricade","Fiend Fire"],"picked":"Offering","floor":16},{"not_picked":["Backflip","Gash+1"],"picked":"Ball Lightning","floor":18},{"not_picked":["Conserve Battery+1","Power Through+1"],"picked":"Compile Driver","floor":19},{"not_picked":["Shrug It Off","Skim"],"picked":"Self Repair+1","floor":21},{"not_picked":["Hologram","Poisoned Stab"],"picked":"Caltrops","floor":23},{"not_picked":["Intimidate+1","Backflip"],"picked":"Spot Weakness","floor":25},{"not_picked":["Iron Wave+1","Shockwave"],"picked":"Rainbow","floor":29},{"not_picked":["Warcry","Quick Slash"],"picked":"Twin Strike+1","floor":30},{"not_picked":["Clothesline","Acrobatics"],"picked":"Sweeping Beam+1","floor":31},{"not_picked":["Doppelganger","Grand Finale"],"picked":"Amplify","floor":33},{"not_picked":["Beam Cell+1","Slice"],"picked":"Dagger Spray","floor":35},{"not_picked":["Flex","Dodge and Roll"],"picked":"Searing Blow","floor":38},{"not_picked":["Burning Pact+1","Accuracy"],"picked":"Bloodletting","floor":39},{"not_picked":["Power Through","Second Wind+1"],"picked":"Iron Wave+1","floor":40},{"not_picked":["Cloak And Dagger+1","Lockon+1"],"picked":"Ball Lightning","floor":41}],"player_experience":211491,"relics_obtained":[{"floor":6,"key":"Blue Candle"},{"floor":8,"key":"Odd Mushroom"},{"floor":9,"key":"Pen Nib"},{"floor":23,"key":"Bottled Flame"},{"floor":26,"key":"Matryoshka"},{"floor":29,"key":"Anchor"},{"floor":40,"key":"Letter Opener"},{"floor":40,"key":"Centennial Puzzle"}],"event_choices":[{"damage_healed":0,"gold_gain":0,"player_choice":"Grow","damage_taken":0,"max_hp_gain":0,"max_hp_loss":0,"event_name":"Living Wall","floor":2,"gold_loss":0,"cards_upgraded":["Zap"]},{"damage_healed":0,"gold_gain":0,"player_choice":"Take Wound","damage_taken":0,"relics_obtained":["Golden Idol"],"max_hp_gain":0,"max_hp_loss":0,"event_name":"Golden Idol","floor":3,"gold_loss":0,"cards_obtained":["Injury"]},{"damage_healed":0,"gold_gain":75,"player_choice":"Gather Gold","damage_taken":11,"max_hp_gain":0,"max_hp_loss":0,"event_name":"World of Goop","floor":4,"gold_loss":0},{"damage_healed":0,"gold_gain":0,"player_choice":"Fought Mushrooms","damage_taken":0,"max_hp_gain":0,"max_hp_loss":0,"event_name":"Mushrooms","floor":8,"gold_loss":0},{"damage_healed":0,"gold_gain":0,"player_choice":"Ignored","damage_taken":0,"max_hp_gain":0,"max_hp_loss":0,"event_name":"Ghosts","floor":20,"gold_loss":0},{"damage_healed":0,"gold_gain":275,"player_choice":"Desecrate","damage_taken":0,"max_hp_gain":0,"max_hp_loss":0,"event_name":"Golden Shrine","floor":28,"gold_loss":0,"cards_obtained":["Regret"]},{"cards_removed":["Defend_B"],"damage_healed":0,"gold_gain":0,"player_choice":"Removed Skill","damage_taken":0,"max_hp_gain":0,"max_hp_loss":0,"event_name":"Falling","floor":36,"gold_loss":0},{"cards_removed":["Amplify"],"damage_healed":0,"gold_gain":0,"player_choice":"Offered Rare","damage_taken":0,"max_hp_gain":10,"max_hp_loss":0,"event_name":"Bonfire Elementals","floor":37,"gold_loss":0}],"is_beta":false,"boss_relics":[{"not_picked":["Busted Crown","Empty Cage"],"picked":"Nuclear Battery"},{"not_picked":["Velvet Choker","Coffee Dripper"],"picked":"Black Star"}],"items_purged_floors":[],"is_endless":false,"potions_floor_spawned":[1,6,8,10,16,21,23,31,33,38,40,41],"killed_by":"Transient","ascension_level":0}