{"gold_per_floor":[11,11,11,11,24,50,50,60,60,37,37,49,49,69,69,69],"floor_reached":16,"playtime":826,"items_purged":[],"score":100,"play_id":"fecf2944-b4d8-41bf-8b60-60a12f45f52d","local_time":"20181016173521","is_ascension_mode":false,"campfire_choices":[{"data":"Ghostly Armor","floor":7,"key":"SMITH"},{"data":"True Grit","floor":15,"key":"SMITH"}],"neow_cost":"NO_GOLD","seed_source_timestamp":542784806647018,"circlet_count":0,"master_deck":["Strike_R","Strike_R","Defend_R","Defend_R","Defend_R","Defend_R","Bash","Cleave","Headbutt","Ghostly Armor+1","Iron Wave","True Grit+1","Dual Wield","Flex","Body Slam"],"relics":["Burning Blood","Bag of Preparation","Juzu Bracelet","Kunai","Golden Idol"],"potions_floor_usage":[],"damage_taken":[{"damage":7,"enemies":"2 Louse","floor":1,"turns":3},{"damage":5,"enemies":"Jaw Worm","floor":5,"turns":4},{"damage":33,"enemies":"Gremlin Nob","floor":6,"turns":5},{"damage":5,"enemies":"Small Slimes","floor":8,"turns":2},{"damage":13,"enemies":"Exordium Wildlife","floor":12,"turns":8},{"damage":4,"enemies":"2 Fungi Beasts","floor":14,"turns":4},{"damage":56,"enemies":"The Guardian","floor":16,"turns":15}],"seed_played":"6635837397520115572","potions_obtained":[{"floor":1,"key":"PowerPotion"},{"floor":6,"key":"Dexterity Potion"},{"floor":14,"key":"SpeedPotion"}],"is_trial":false,"path_per_floor":["M","?","T","?","M","E","R","M","T","$","?","M","?","M","R"],"character_chosen":"IRONCLAD","items_purchased":["True Grit"],"campfire_rested":0,"item_purchase_floors":[10],"current_hp_per_floor":[79,84,84,84,85,58,58,59,59,59,59,52,52,54,54,0],"gold":69,"neow_bonus":"REMOVE_TWO","is_prod":false,"is_daily":false,"chose_seed":false,"campfire_upgraded":2,"win_rate":0.0,"timestamp":1539725721,"path_taken":["M","?","?","?","M","E","R","M","T","$","?","M","?","M","R","BOSS"],"build_version":"2018-10-11","purchased_purges":0,"victory":false,"max_hp_per_floor":[80,85,85,85,85,85,85,85,85,85,85,85,79,79,79,79],"card_choices":[{"not_picked":["Rampage","Body Slam"],"picked":"Cleave","floor":1},{"not_picked":["Armaments","Battle Trance"],"picked":"Headbutt","floor":5},{"not_picked":["Corruption","Headbutt"],"picked":"Ghostly Armor","floor":6},{"not_picked":["Shockwave","Headbutt"],"picked":"Iron Wave","floor":8},{"not_picked":["Heavy Blade","Limit Break"],"picked":"Flex","floor":12},{"not_picked":["Intimidate","Shrug It Off"],"picked":"Body Slam","floor":14}],"player_experience":34985,"relics_obtained":[{"floor":3,"key":"Bag of Preparation"},{"floor":6,"key":"Juzu Bracelet"},{"floor":9,"key":"Kunai"}],"event_choices":[{"event_name":"Big Fish","player_choice":"Donut","floor":2,"damage_taken":0},{"event_name":"The Cleric","player_choice":"Leave","floor":4,"damage_taken":0},{"event_name":"Living Wall","player_choice":"Change","floor":11,"damage_taken":0},{"event_name":"Golden Idol","player_choice":"Lose Max HP","floor":13,"damage_taken":0}],"is_beta":false,"boss_relics":[],"items_purged_floors":[],"is_endless":false,"potions_floor_spawned":[1,6,14],"killed_by":"The Guardian","ascension_level":0}