{"gold_per_floor":[118,118,138,151,151,178,194,224,250,282,89,89,120,132,132,231,231,242,258,277,277,297,328,344,373,373,373,408,408,423,59,59,161,161,179,179,189,238,257,257,269,20,20,46,59,59,87,105,105,105],"floor_reached":51,"playtime":2408,"items_purged":["Strike_R","Defend_R"],"score":979,"play_id":"6e6de5f9-6101-437b-9c88-feb6b9c3e58c","local_time":"20181202132733","is_ascension_mode":true,"campfire_choices":[{"floor":12.0,"key":"REST"},{"data":"Armaments","floor":15.0,"key":"SMITH"},{"data":"Limit Break","floor":29.0,"key":"SMITH"},{"data":"Impervious","floor":32.0,"key":"SMITH"},{"data":"Reaper","floor":40,"key":"SMITH"},{"data":"Heavy Blade","floor":46,"key":"SMITH"},{"data":"Sword Boomerang","floor":49,"key":"SMITH"}],"neow_cost":"NONE","seed_source_timestamp":0,"circlet_count":0,"master_deck":["Defend_R+1","Defend_R+1","Bash","Anger+1","Pommel Strike","Wild Strike","Thunderclap","Anger","Twin Strike","True Grit","Disarm","Armaments+1","Reaper+1","Offering+1","Spot Weakness+1","Whirlwind+1","Inflame","Battle Trance","Corruption+1","Sword Boomerang+1","Inflame+1","Limit Break+1","Necronomicurse","Heavy Blade+1","Impervious+1","Impervious","Secret Weapon","Secret Technique","Master of Strategy","True Grit+1","Inflame+1","Metallicize+1","Clothesline"],"special_seed":0,"relics":["Burning Blood","NeowsBlessing","War Paint","Bag of Marbles","Art of War","PreservedInsect","Calipers","Astrolabe","Anchor","Bag of Preparation","Meat on the Bone","Necronomicon","Boot","Strange Spoon","Philosopher\u0027s Stone","StoneCalendar","Vajra","Frozen Egg 2","Ancient Tea Set","Smiling Mask"],"potions_floor_usage":[41,41,48,50,50],"damage_taken":[{"damage":0.0,"enemies":"Jaw Worm","floor":1.0,"turns":1.0},{"damage":0.0,"enemies":"Cultist","floor":3.0,"turns":1.0},{"damage":0.0,"enemies":"2 Louse","floor":4.0,"turns":1.0},{"damage":35.0,"enemies":"Lagavulin","floor":6.0,"turns":7.0},{"damage":0.0,"enemies":"Large Slime","floor":7.0,"turns":4.0},{"damage":24.0,"enemies":"3 Sentries","floor":8.0,"turns":6.0},{"damage":23.0,"enemies":"Lagavulin","floor":10.0,"turns":4.0},{"damage":3.0,"enemies":"3 Sentries","floor":13.0,"turns":4.0},{"damage":3.0,"enemies":"Exordium Wildlife","floor":14.0,"turns":4.0},{"damage":29.0,"enemies":"Hexaghost","floor":16.0,"turns":10.0},{"damage":22.0,"enemies":"Spheric Guardian","floor":18.0,"turns":4.0},{"damage":8.0,"enemies":"Shell Parasite","floor":19.0,"turns":3.0},{"damage":32.0,"enemies":"Sentry and Sphere","floor":20.0,"turns":5.0},{"damage":43.0,"enemies":"Centurion and Healer","floor":22.0,"turns":7.0},{"damage":0.0,"enemies":"Slavers","floor":23.0,"turns":1.0},{"damage":16.0,"enemies":"Chosen and Byrds","floor":24.0,"turns":5.0},{"damage":9.0,"enemies":"Book of Stabbing","floor":25.0,"turns":4.0},{"damage":13.0,"enemies":"Gremlin Leader","floor":28.0,"turns":3.0},{"damage":0.0,"enemies":"Snake Plant","floor":30.0,"turns":2.0},{"damage":81.0,"enemies":"Collector","floor":33.0,"turns":9.0},{"damage":0.0,"enemies":"3 Shapes","floor":35.0,"turns":3.0},{"damage":0.0,"enemies":"3 Darklings","floor":37.0,"turns":4.0},{"damage":41.0,"enemies":"2 Orb Walkers","floor":38.0,"turns":4.0},{"damage":0,"enemies":"Transient","floor":39,"turns":5},{"damage":0,"enemies":"Jaw Worm Horde","floor":41,"turns":2},{"damage":8,"enemies":"Nemesis","floor":44,"turns":3},{"damage":32,"enemies":"Maw","floor":45,"turns":5},{"damage":12,"enemies":"Giant Head","floor":47,"turns":3},{"damage":19,"enemies":"Writhing Mass","floor":48,"turns":4},{"damage":38,"enemies":"Awakened One","floor":50,"turns":7}],"seed_played":"-219608237829051912","potions_obtained":[{"floor":3.0,"key":"Ancient Potion"},{"floor":4.0,"key":"SteroidPotion"},{"floor":7.0,"key":"SteroidPotion"},{"floor":8.0,"key":"Block Potion"},{"floor":14.0,"key":"Strength Potion"},{"floor":16.0,"key":"SkillPotion"},{"floor":24.0,"key":"Swift Potion"},{"floor":25.0,"key":"Explosive Potion"},{"floor":28.0,"key":"FairyPotion"},{"floor":33.0,"key":"EssenceOfSteel"},{"floor":37.0,"key":"Fire Potion"},{"floor":38.0,"key":"Fire Potion"},{"floor":41,"key":"EssenceOfSteel"},{"floor":44,"key":"AttackPotion"}],"is_trial":false,"path_per_floor":["M","?","M","M","?","E","M","E","T","E","$","R","E","M","R","B",null,"M","M","M","?","M","E","M","E","T","?","E","R","M","$","R","B",null,"M","?","M","?","M","R","M","$","T","E","M","R","E","M","R","B",null],"character_chosen":"IRONCLAD","items_purchased":["True Grit","Disarm","Impervious","Strange Spoon","Vajra"],"campfire_rested":1,"item_purchase_floors":[11,11,31,31,42],"current_hp_per_floor":[80,80,80,80,80,51,57,39,39,22,22,46,49,52,52,29,80,64,67,41,41,24,30,29,47,47,31,36,36,54,54,54,26,80,80,70,80,57,80,80,80,80,80,78,54,54,80,80,80,54],"gold":105,"neow_bonus":"THREE_ENEMY_KILL","is_prod":false,"is_daily":false,"chose_seed":false,"campfire_upgraded":6,"win_rate":0,"timestamp":1543775253,"path_taken":["M","?","?","M","?","E","M","E","T","E","?","R","E","M","R","BOSS","M","M","?","?","M","E","M","E","T","?","E","R","M","$","R","BOSS","M","?","M","?","M","R","M","$","T","E","M","R","E","M","R","BOSS"],"build_version":"2018-11-15","purchased_purges":2,"victory":true,"max_hp_per_floor":[80,80,80,80,80,80,80,80,80,80,80,80,80,80,80,80,80,80,80,80,80,80,80,80,80,80,80,80,80,80,80,80,80,80,80,80,80,80,80,80,80,80,80,80,80,80,80,80,80,80],"card_choices":[{"not_picked":["Twin Strike","Blood for Blood"],"picked":"Anger","floor":1.0},{"not_picked":["Carnage","Rage","Rupture"],"picked":"SKIP","floor":3.0},{"not_picked":["Combust","Feel No Pain"],"picked":"Pommel Strike","floor":4.0},{"not_picked":["Havoc","Infernal Blade"],"picked":"Wild Strike","floor":6.0},{"not_picked":["Cleave","Second Wind"],"picked":"Thunderclap","floor":7.0},{"not_picked":["Rupture","Clash"],"picked":"Anger","floor":8.0},{"not_picked":["Ghostly Armor","Havoc"],"picked":"Twin Strike","floor":10.0},{"not_picked":["Thunderclap","Cleave"],"picked":"Armaments","floor":13.0},{"not_picked":["Wild Strike","Perfected Strike","Heavy Blade"],"picked":"SKIP","floor":14.0},{"not_picked":["Exhume","Berserk"],"picked":"Reaper","floor":16.0},{"not_picked":["Sword Boomerang","Cleave+1"],"picked":"Inflame","floor":18.0},{"not_picked":["True Grit+1","Wild Strike"],"picked":"Battle Trance","floor":19.0},{"not_picked":["Clothesline","Rage+1"],"picked":"Corruption+1","floor":20.0},{"not_picked":["Sentinel+1","Clothesline+1"],"picked":"Sword Boomerang","floor":22.0},{"not_picked":["Rampage+1","Thunderclap","Whirlwind"],"picked":"SKIP","floor":23.0},{"not_picked":["Rupture","Wild Strike"],"picked":"Inflame+1","floor":24.0},{"not_picked":["Infernal Blade","Heavy Blade"],"picked":"Limit Break","floor":25.0},{"not_picked":["Clothesline","Iron Wave"],"picked":"Heavy Blade","floor":28.0},{"not_picked":["Warcry","Bloodletting","Rage"],"picked":"SKIP","floor":30.0},{"not_picked":["Feed","Berserk"],"picked":"Impervious","floor":33.0},{"not_picked":["Thunderclap+1","Cleave","Clash+1"],"picked":"SKIP","floor":35.0},{"not_picked":["Metamorphosis","Madness"],"picked":"Secret Weapon","floor":36.0},{"not_picked":["Flash of Steel","Mind Blast"],"picked":"Secret Technique","floor":36.0},{"not_picked":["Flash of Steel","Purity"],"picked":"Master of Strategy","floor":36.0},{"not_picked":["Pommel Strike","Perfected Strike+1"],"picked":"True Grit+1","floor":37.0},{"not_picked":["Havoc","Twin Strike+1"],"picked":"Inflame+1","floor":39},{"not_picked":["Armaments","Havoc","Sword Boomerang+1"],"picked":"SKIP","floor":41},{"not_picked":["Iron Wave","Berserk+1","Rampage"],"picked":"SKIP","floor":44},{"not_picked":["Twin Strike","Flex"],"picked":"Metallicize+1","floor":45},{"not_picked":["Thunderclap+1","Perfected Strike","Cleave"],"picked":"SKIP","floor":47},{"not_picked":["Infernal Blade+1","Twin Strike"],"picked":"Clothesline","floor":48}],"player_experience":188394,"relics_obtained":[{"floor":6.0,"key":"War Paint"},{"floor":8.0,"key":"Bag of Marbles"},{"floor":9.0,"key":"Art of War"},{"floor":10.0,"key":"PreservedInsect"},{"floor":13.0,"key":"Calipers"},{"floor":23.0,"key":"Anchor"},{"floor":25.0,"key":"Bag of Preparation"},{"floor":26.0,"key":"Meat on the Bone"},{"floor":27.0,"key":"Necronomicon"},{"floor":28.0,"key":"Boot"},{"floor":38.0,"key":"StoneCalendar"},{"floor":43,"key":"Frozen Egg 2"},{"floor":44,"key":"Ancient Tea Set"},{"floor":47,"key":"Smiling Mask"}],"event_choices":[{"damage_healed":0.0,"max_hp_gain":0.0,"max_hp_loss":0.0,"gold_gain":0.0,"event_name":"Upgrade Shrine","player_choice":"Upgraded","floor":2.0,"gold_loss":0.0,"damage_taken":0.0,"cards_upgraded":["Anger"]},{"cards_removed":["Strike_R"],"damage_healed":0.0,"max_hp_gain":0.0,"max_hp_loss":0.0,"gold_gain":0.0,"event_name":"Bonfire Elementals","player_choice":"Offered Basic","floor":5.0,"gold_loss":0.0,"damage_taken":0.0},{"cards_removed":["Strike_R"],"damage_healed":0.0,"max_hp_gain":0.0,"max_hp_loss":0.0,"gold_gain":0.0,"event_name":"Back to Basics","player_choice":"Elegance","floor":21.0,"gold_loss":0.0,"damage_taken":0.0},{"damage_healed":0.0,"max_hp_gain":0.0,"max_hp_loss":0.0,"gold_gain":0.0,"event_name":"Cursed Tome","player_choice":"Obtained Book","floor":27.0,"gold_loss":0.0,"damage_taken":16.0},{"damage_healed":0.0,"max_hp_gain":0.0,"max_hp_loss":0.0,"gold_gain":0.0,"event_name":"SensoryStone","player_choice":"Memory 3","floor":36.0,"gold_loss":0.0,"damage_taken":10.0},{"damage_healed":0.0,"max_hp_gain":0.0,"max_hp_loss":0.0,"gold_gain":0.0,"event_name":"Mysterious Sphere","player_choice":"Fight","floor":38.0,"gold_loss":0.0,"damage_taken":0.0}],"is_beta":false,"boss_relics":[{"not_picked":["Tiny House","White Beast Statue"],"picked":"Astrolabe"},{"not_picked":["Runic Cube","Runic Dome"],"picked":"Philosopher\u0027s Stone"}],"items_purged_floors":[11,42],"is_endless":false,"potions_floor_spawned":[3,4,7,8,14,16,19,24,25,28,33,37,38,41,44],"ascension_level":4}