{"gold_per_floor":[117,117,117,137,137,175,200,200,226,267,267,291,322,397,397,518,518,533,557,570,570,570,495,536,555,579,39,72,72,97,117,117,248,248,266,291,351,351,776,807,807,848,900,943,966,242,242,256,256,256],"floor_reached":50,"playtime":4196,"items_purged":[],"score":862,"play_id":"28444f69-7fa1-4a84-94b6-b49f2f4245bf","local_time":"20190310100139","is_ascension_mode":true,"campfire_choices":[{"floor":8,"key":"REST"},{"floor":15,"key":"REST"},{"floor":29,"key":"RECALL"},{"floor":32,"key":"REST"},{"floor":41,"key":"REST"},{"floor":49,"key":"REST"}],"neow_cost":"NONE","seed_source_timestamp":750423007341300,"circlet_count":0,"master_deck":["Defend_G","Defend_G","Defend_G","Strike_G","Strike_G","Strike_G","Strike_G","Strike_G+1","Survivor","Neutralize","Poisoned Stab","Poisoned Stab","Deflect","Poisoned Stab","Infinite Blades","Deflect","Crippling Poison","Envenom","PiercingWail+1","Deadly Poison+1","Bane+1","Noxious Fumes","Poisoned Stab","Writhe","Sadistic Nature","Adrenaline","Backflip+1","Poisoned Stab+1","Prepared","Corpse Explosion","Dagger Throw+1","Escape Plan+1","Cloak And Dagger+1","Poisoned Stab+1","Deflect+1","Adrenaline","Writhe","Backstab","Dagger Throw+1","Deep Breath","Well Laid Plans","Deflect","Thinking Ahead","Dagger Throw","All Out Attack","Prepared","Well Laid Plans+1"],"relics":["Ring of the Snake","Golden Idol","Bag of Marbles","Bronze Scales","Oddly Smooth Stone","Dead Branch","Cursed Key","MutagenicStrength","PreservedInsect","Strawberry","Whetstone","TwistedFunnel","Gremlin Horn","White Beast Statue","Bird Faced Urn","Old Coin","Nunchaku","Peace Pipe","Happy Flower","Membership Card","Sundial","Meat on the Bone"],"potions_floor_usage":[1,1,6,6,10,10,25,28,30,33,37,40,42,42,42,44,45,48],"damage_taken":[{"damage":1,"enemies":"Jaw Worm","floor":1,"turns":4},{"damage":0,"enemies":"2 Louse","floor":4,"turns":2},{"damage":9,"enemies":"3 Sentries","floor":6,"turns":8},{"damage":2,"enemies":"Small Slimes","floor":7,"turns":3},{"damage":4,"enemies":"Gremlin Nob","floor":10,"turns":3},{"damage":15,"enemies":"2 Fungi Beasts","floor":12,"turns":3},{"damage":44,"enemies":"3 Sentries","floor":13,"turns":7},{"damage":8,"enemies":"Hexaghost","floor":16,"turns":9},{"damage":12,"enemies":"3 Byrds","floor":18,"turns":3},{"damage":0,"enemies":"Chosen","floor":19,"turns":4},{"damage":12,"enemies":"Snake Plant","floor":20,"turns":3},{"damage":0,"enemies":"Slavers","floor":24,"turns":2},{"damage":10,"enemies":"Snecko","floor":25,"turns":3},{"damage":6,"enemies":"Gremlin Leader","floor":28,"turns":3},{"damage":0,"enemies":"Cultist and Chosen","floor":30,"turns":4},{"damage":14,"enemies":"Shelled Parasite and Fungi","floor":31,"turns":2},{"damage":43,"enemies":"Automaton","floor":33,"turns":7},{"damage":1,"enemies":"3 Shapes","floor":35,"turns":4},{"damage":6,"enemies":"Orb Walker","floor":36,"turns":3},{"damage":13,"enemies":"2 Orb Walkers","floor":37,"turns":5},{"damage":22,"enemies":"Mind Bloom Boss Battle","floor":39,"turns":4},{"damage":12,"enemies":"Giant Head","floor":40,"turns":5},{"damage":18,"enemies":"Reptomancer","floor":42,"turns":3},{"damage":0,"enemies":"Nemesis","floor":44,"turns":3},{"damage":16,"enemies":"Writhing Mass","floor":45,"turns":3},{"damage":3,"enemies":"Spire Growth","floor":48,"turns":2},{"damage":94,"enemies":"Time Eater","floor":50,"turns":9}],"seed_played":"2754797290960007966","potions_obtained":[{"floor":0,"key":"SkillPotion"},{"floor":0,"key":"Fruit Juice"},{"floor":0,"key":"Swift Potion"},{"floor":4,"key":"Fire Potion"},{"floor":6,"key":"PowerPotion"},{"floor":7,"key":"Block Potion"},{"floor":19,"key":"AttackPotion"},{"floor":24,"key":"Weak Potion"},{"floor":25,"key":"Ancient Potion"},{"floor":31,"key":"Energy Potion"},{"floor":35,"key":"Block Potion"},{"floor":36,"key":"SpeedPotion"},{"floor":37,"key":"Ancient Potion"},{"floor":39,"key":"PowerPotion"},{"floor":40,"key":"Strength Potion"},{"floor":42,"key":"Energy Potion"},{"floor":44,"key":"Poison Potion"},{"floor":45,"key":"Poison Potion"},{"floor":48,"key":"Strength Potion"}],"is_trial":false,"path_per_floor":["M","?","?","M","?","E","M","R","T","E","?","M","E","?","R","B",null,"M","M","M","?","?","?","E","M","T","$","E","R","M","M","R","B",null,"M","M","?","?","?","E","R","E","T","E","M","$","?","M","R","B"],"character_chosen":"THE_SILENT","items_purchased":["TwistedFunnel","Sadistic Nature","Adrenaline","Membership Card","Deep Breath","Well Laid Plans","Deflect","Thinking Ahead","Dagger Throw","All Out Attack","Sundial","Meat on the Bone","Prepared"],"campfire_rested":5,"item_purchase_floors":[27,27,27,46,46,46,46,46,46,46,46,46,46],"current_hp_per_floor":[74,67,67,67,67,58,56,75,75,71,71,56,12,1,23,15,75,63,63,51,51,51,51,58,48,48,48,42,42,42,28,52,9,82,81,75,62,62,48,46,70,58,58,62,56,56,48,47,71,0],"gold":256,"neow_bonus":"THREE_SMALL_POTIONS","is_prod":false,"is_daily":false,"chose_seed":false,"campfire_upgraded":0,"win_rate":0,"timestamp":1552212099,"path_taken":["M","?","?","M","?","E","M","R","T","E","?","?","E","?","R","BOSS","M","M","M","?","?","?","E","?","T","$","E","R","M","M","R","BOSS","M","M","?","?","?","E","R","E","T","E","M","$","?","M","R","BOSS"],"build_version":"2019-01-23","purchased_purges":0,"victory":false,"max_hp_per_floor":[75,75,75,75,75,75,75,75,75,75,75,75,75,75,75,75,75,75,75,75,75,75,75,82,82,82,82,82,82,82,82,82,82,82,82,82,82,82,82,82,82,82,82,82,82,82,82,82,82,82],"card_choices":[{"not_picked":["Catalyst","Masterful Stab"],"picked":"Poisoned Stab","floor":1},{"not_picked":["Eviscerate","Well Laid Plans"],"picked":"Poisoned Stab","floor":4},{"not_picked":["Leg Sweep","Blade Dance"],"picked":"Deflect","floor":6},{"not_picked":["Slice","Expertise"],"picked":"Poisoned Stab","floor":7},{"not_picked":["Underhanded Strike","Prepared"],"picked":"Infinite Blades","floor":10},{"not_picked":["Outmaneuver","Leg Sweep"],"picked":"Deflect","floor":12},{"not_picked":["Outmaneuver","Escape Plan"],"picked":"Crippling Poison","floor":13},{"not_picked":["Grand Finale","Adrenaline"],"picked":"Envenom","floor":16},{"not_picked":["Slice","Flying Knee"],"picked":"PiercingWail+1","floor":18},{"not_picked":["Deflect","Backflip"],"picked":"Deadly Poison+1","floor":19},{"not_picked":["Dagger Throw","Cloak And Dagger"],"picked":"Bane","floor":20},{"not_picked":["Wraith Form v2","Cloak And Dagger"],"picked":"Noxious Fumes","floor":24},{"not_picked":["Deadly Poison+1","Riddle With Holes"],"picked":"Poisoned Stab","floor":25},{"not_picked":["Cloak And Dagger","Escape Plan"],"picked":"Backflip+1","floor":28},{"not_picked":["Blade Dance","Leg Sweep+1"],"picked":"Poisoned Stab+1","floor":30},{"not_picked":["Outmaneuver","Flying Knee+1"],"picked":"Prepared","floor":31},{"not_picked":["Doppelganger","Grand Finale"],"picked":"Corpse Explosion","floor":33},{"not_picked":["Poisoned Stab","Accuracy"],"picked":"Dagger Throw+1","floor":35},{"not_picked":["Outmaneuver","Infinite Blades"],"picked":"Escape Plan+1","floor":36},{"not_picked":["Tactician","Predator"],"picked":"Cloak And Dagger+1","floor":37},{"not_picked":["Cloak And Dagger+1","Infinite Blades"],"picked":"Poisoned Stab+1","floor":39},{"not_picked":["Corpse Explosion","Expertise"],"picked":"Deflect+1","floor":40},{"not_picked":["Slice+1","Blade Dance+1"],"picked":"Adrenaline","floor":42},{"not_picked":["Prepared","Deadly Poison+1"],"picked":"Backstab","floor":44},{"not_picked":["Deadly Poison+1","Skewer+1"],"picked":"Dagger Throw+1","floor":45},{"not_picked":["Dagger Throw+1","Accuracy+1"],"picked":"Well Laid Plans+1","floor":48}],"player_experience":293981,"relics_obtained":[{"floor":6,"key":"Bag of Marbles"},{"floor":9,"key":"Bronze Scales"},{"floor":10,"key":"Oddly Smooth Stone"},{"floor":13,"key":"Dead Branch"},{"floor":24,"key":"Strawberry"},{"floor":26,"key":"Whetstone"},{"floor":28,"key":"Gremlin Horn"},{"floor":37,"key":"Bird Faced Urn"},{"floor":39,"key":"Old Coin"},{"floor":40,"key":"Nunchaku"},{"floor":42,"key":"Peace Pipe"},{"floor":44,"key":"Happy Flower"}],"event_choices":[{"cards_removed":["Defend_G"],"damage_healed":0,"gold_gain":0,"player_choice":"Card Removal","damage_taken":7,"max_hp_gain":0,"max_hp_loss":0,"event_name":"Golden Wing","floor":2,"gold_loss":0},{"damage_healed":0,"gold_gain":0,"player_choice":"Take Wound","damage_taken":0,"relics_obtained":["Golden Idol"],"max_hp_gain":0,"max_hp_loss":0,"event_name":"Golden Idol","floor":3,"gold_loss":0,"cards_obtained":["Injury"]},{"cards_removed":["Injury"],"damage_healed":0,"gold_gain":0,"player_choice":"Forget","damage_taken":0,"max_hp_gain":0,"max_hp_loss":0,"event_name":"Living Wall","floor":5,"gold_loss":0},{"cards_removed":["Defend_G"],"damage_healed":0,"gold_gain":0,"player_choice":"Purged","damage_taken":0,"max_hp_gain":0,"max_hp_loss":0,"event_name":"Purifier","floor":11,"gold_loss":0},{"damage_healed":0,"gold_gain":75,"player_choice":"Gather Gold","damage_taken":11,"max_hp_gain":0,"max_hp_loss":0,"event_name":"World of Goop","floor":14,"gold_loss":0},{"damage_healed":0,"gold_gain":0,"player_choice":"Inject Mutagens","damage_taken":0,"relics_obtained":["MutagenicStrength"],"max_hp_gain":0,"max_hp_loss":0,"event_name":"Drug Dealer","floor":21,"gold_loss":0},{"damage_healed":0,"gold_gain":0,"player_choice":"Opened","damage_taken":0,"relics_obtained":["PreservedInsect"],"max_hp_gain":0,"max_hp_loss":0,"event_name":"The Mausoleum","floor":22,"gold_loss":0,"cards_obtained":["Writhe"]},{"cards_removed":["Writhe"],"damage_healed":0,"gold_gain":0,"player_choice":"Gave Gold","damage_taken":0,"max_hp_gain":0,"max_hp_loss":0,"event_name":"Beggar","floor":23,"gold_loss":75},{"damage_healed":0,"gold_gain":0,"player_choice":"Fight","damage_taken":0,"max_hp_gain":0,"max_hp_loss":0,"event_name":"Mysterious Sphere","floor":37,"gold_loss":0},{"damage_healed":0,"gold_gain":0,"player_choice":"Ignored","damage_taken":0,"max_hp_gain":0,"max_hp_loss":0,"event_name":"The Moai Head","floor":38,"gold_loss":0},{"damage_healed":0,"gold_gain":0,"player_choice":"Fight","damage_taken":0,"max_hp_gain":0,"max_hp_loss":0,"event_name":"MindBloom","floor":39,"gold_loss":0},{"damage_healed":0,"gold_gain":0,"player_choice":"Damaged","damage_taken":8,"max_hp_gain":0,"max_hp_loss":0,"event_name":"Wheel of Change","floor":47,"gold_loss":0}],"is_beta":false,"boss_relics":[{"not_picked":["Eternal Feather","Snecko Eye"],"picked":"Cursed Key"},{"not_picked":["Pandora\u0027s Box","Runic Dome"],"picked":"White Beast Statue"}],"items_purged_floors":[],"is_endless":false,"potions_floor_spawned":[4,6,7,19,24,25,31,35,36,37,39,40,42,44,45,48],"killed_by":"Time Eater","ascension_level":3}