{"gold_per_floor":[119,119,132,108,124,124,156,156,156,171,184,196,196,257,257,357,357,377,388,52,52,72,72,106,118,171,171,191,210,226,226,226,331,331,347,95,114,130,90,103,103,115,115,149,149],"floor_reached":45,"playtime":5886,"items_purged":["Regret"],"score":520,"play_id":"9f335489-9768-4891-92bf-0c700db5d0de","local_time":"20190215224148","is_ascension_mode":true,"campfire_choices":[{"data":"Bash","floor":6,"key":"SMITH"},{"floor":8,"key":"REST"},{"floor":13,"key":"REST"},{"data":"Armaments","floor":15,"key":"SMITH"},{"floor":23,"key":"REST"},{"data":"Metallicize","floor":32,"key":"SMITH"},{"floor":41,"key":"REST"}],"neow_cost":"NONE","seed_source_timestamp":643781559381100,"circlet_count":0,"master_deck":["Strike_R","Strike_R","Strike_R","Strike_R","Strike_R","Defend_R","Defend_R","Defend_R+1","Defend_R","Bash+1","Thunderclap","Thunderclap","Clothesline","Armaments+1","Flame Barrier","Clothesline","Shrug It Off","Clash+1","Bloodletting","Pommel Strike","Thunderclap+1","Searing Blow+1","Metallicize+1","Envenom","Ball Lightning+1","Anger","Doom and Gloom+1","Finesse+1","Leap","Die Die Die","Dagger Spray","Quick Slash+1","Quick Slash+1","Streamline+1","Steam+1","Double Energy+1"],"relics":["Burning Blood","Gambling Chip","Pen Nib","Self Forming Clay","Happy Flower","Runic Cube","PrismaticShard","Enchiridion","Potion Belt","Tiny Chest","Darkstone Periapt","Sozu","Mercury Hourglass","Whetstone","Pocketwatch"],"potions_floor_usage":[24,24,24,30,33,33,45],"damage_taken":[{"damage":5,"enemies":"2 Louse","floor":1,"turns":2},{"damage":14,"enemies":"Jaw Worm","floor":3,"turns":4},{"damage":8,"enemies":"Cultist","floor":5,"turns":3},{"damage":31,"enemies":"Gremlin Nob","floor":7,"turns":5},{"damage":6,"enemies":"Blue Slaver","floor":10,"turns":4},{"damage":15,"enemies":"2 Fungi Beasts","floor":11,"turns":4},{"damage":15,"enemies":"Exordium Thugs","floor":12,"turns":6},{"damage":14,"enemies":"Gremlin Nob","floor":14,"turns":4},{"damage":51,"enemies":"Hexaghost","floor":16,"turns":11},{"damage":13,"enemies":"2 Thieves","floor":18,"turns":3},{"damage":16,"enemies":"Shell Parasite","floor":19,"turns":4},{"damage":45,"enemies":"Cultist and Chosen","floor":22,"turns":6},{"damage":24,"enemies":"Gremlin Leader","floor":24,"turns":5},{"damage":12,"enemies":"3 Cultists","floor":25,"turns":4},{"damage":20,"enemies":"Snecko","floor":28,"turns":5},{"damage":11,"enemies":"Centurion and Healer","floor":29,"turns":5},{"damage":9,"enemies":"Snake Plant","floor":30,"turns":3},{"damage":62,"enemies":"Automaton","floor":33,"turns":9},{"damage":3,"enemies":"3 Darklings","floor":35,"turns":4},{"damage":11,"enemies":"3 Shapes","floor":37,"turns":1},{"damage":6,"enemies":"Transient","floor":38,"turns":5},{"damage":34,"enemies":"4 Shapes","floor":40,"turns":3},{"damage":22,"enemies":"Writhing Mass","floor":42,"turns":5},{"damage":49,"enemies":"Giant Head","floor":44,"turns":7},{"damage":36,"enemies":"Spire Growth","floor":45,"turns":2}],"seed_played":"873959525664698191","potions_obtained":[{"floor":5,"key":"Dexterity Potion"},{"floor":7,"key":"BloodPotion"},{"floor":10,"key":"Energy Potion"},{"floor":16,"key":"AttackPotion"},{"floor":22,"key":"PowerPotion"},{"floor":24,"key":"Poison Potion"},{"floor":25,"key":"Block Potion"},{"floor":28,"key":"GamblersBrew"},{"floor":30,"key":"BloodPotion"}],"is_trial":false,"path_per_floor":["M","?","M","$","M","R","E","R","T","M","M","M","R","?","R","B",null,"M","M","$","?","M","R","E","M","T","?","M","M","M","T","R","B",null,"M","$","M","M","?","M","R","M","T","E","M"],"character_chosen":"IRONCLAD","items_purchased":["Armaments","PrismaticShard","Metallicize","Mercury Hourglass"],"campfire_rested":4,"item_purchase_floors":[4,20,20,36],"current_hp_per_floor":[80,80,72,72,70,70,45,69,69,69,60,51,75,67,67,22,80,73,63,63,47,8,32,14,8,8,90,76,71,68,68,68,21,90,90,90,85,85,85,57,84,68,68,25,0],"gold":149,"neow_bonus":"THREE_CARDS","is_prod":false,"is_daily":false,"chose_seed":false,"campfire_upgraded":3,"win_rate":0,"timestamp":1550270508,"path_taken":["M","?","M","$","M","R","E","R","T","M","M","M","R","?","R","BOSS","M","M","$","?","M","R","E","M","T","?","?","M","M","?","R","BOSS","M","$","M","M","?","M","R","M","T","E","M"],"build_version":"2019-01-23","purchased_purges":1,"victory":false,"max_hp_per_floor":[80,80,80,80,80,80,80,80,80,80,80,80,80,80,80,80,80,80,80,80,80,80,80,80,80,80,90,90,90,90,90,90,90,90,90,90,90,90,90,90,90,90,90,90,90],"card_choices":[{"not_picked":["Disarm","Body Slam"],"picked":"Thunderclap","floor":0},{"not_picked":["Dual Wield","Disarm"],"picked":"Thunderclap","floor":1},{"not_picked":["Body Slam","Rupture"],"picked":"Clothesline","floor":3},{"not_picked":["Thunderclap","Corruption"],"picked":"Flame Barrier","floor":5},{"not_picked":["Thunderclap","Wild Strike"],"picked":"Clothesline","floor":7},{"not_picked":["Reckless Charge","Seeing Red"],"picked":"Shrug It Off","floor":10},{"not_picked":["Flex","Havoc"],"picked":"Clash","floor":11},{"not_picked":["Cleave","Entrench"],"picked":"Bloodletting","floor":12},{"not_picked":["Perfected Strike","Fire Breathing"],"picked":"Pommel Strike","floor":14},{"not_picked":["Offering","Exhume"],"picked":"Limit Break","floor":16},{"not_picked":["Wild Strike","Clash+1"],"picked":"Thunderclap+1","floor":18},{"not_picked":["Thunderclap","Havoc"],"picked":"Searing Blow","floor":19},{"not_picked":["Rebound","Jack Of All Trades"],"picked":"Envenom","floor":22},{"not_picked":["Bane","Flex"],"picked":"Ball Lightning+1","floor":24},{"not_picked":["Calculated Gamble","Shrug It Off"],"picked":"Anger","floor":25},{"not_picked":["Pommel Strike","Blood for Blood"],"picked":"Doom and Gloom","floor":28},{"not_picked":["Heavy Blade","Dagger Throw"],"picked":"Finesse+1","floor":29},{"not_picked":["True Grit","Capacitor"],"picked":"Leap","floor":30},{"not_picked":["Doppelganger","Reboot"],"picked":"Die Die Die","floor":33},{"not_picked":["Bane","Glacier"],"picked":"Dagger Spray","floor":35},{"not_picked":["Blade Dance+1","Crippling Poison"],"picked":"Quick Slash+1","floor":37},{"not_picked":["Go for the Eyes","Flex+1"],"picked":"Quick Slash+1","floor":38},{"not_picked":["Panacea+1","Wild Strike"],"picked":"Streamline+1","floor":40},{"not_picked":["Body Slam+1","True Grit+1"],"picked":"Steam+1","floor":42},{"not_picked":["Flying Knee","Sweeping Beam"],"picked":"Double Energy+1","floor":44}],"player_experience":91708,"relics_obtained":[{"floor":7,"key":"Pen Nib"},{"floor":9,"key":"Self Forming Clay"},{"floor":14,"key":"Happy Flower"},{"floor":21,"key":"Enchiridion"},{"floor":24,"key":"Potion Belt"},{"floor":26,"key":"Tiny Chest"},{"floor":31,"key":"Darkstone Periapt"},{"floor":43,"key":"Whetstone"},{"floor":44,"key":"Pocketwatch"}],"event_choices":[{"damage_healed":0,"gold_gain":0,"player_choice":"Box","damage_taken":0,"relics_obtained":["Gambling Chip"],"max_hp_gain":0,"max_hp_loss":0,"event_name":"Big Fish","floor":2,"gold_loss":0,"cards_obtained":["Regret"]},{"damage_healed":0,"gold_gain":0,"player_choice":"Searched \u00271\u0027 times","damage_taken":0,"max_hp_gain":0,"max_hp_loss":0,"event_name":"Dead Adventurer","floor":14,"gold_loss":0},{"damage_healed":0,"gold_gain":0,"player_choice":"Obtained Book","damage_taken":16,"max_hp_gain":0,"max_hp_loss":0,"event_name":"Cursed Tome","floor":21,"gold_loss":0},{"cards_removed":["Limit Break"],"damage_healed":72,"gold_gain":0,"player_choice":"Offered Rare","damage_taken":0,"max_hp_gain":10,"max_hp_loss":0,"event_name":"Bonfire Elementals","floor":27,"gold_loss":0},{"damage_healed":0,"gold_gain":0,"player_choice":"Upgraded Two","damage_taken":0,"max_hp_gain":0,"max_hp_loss":0,"event_name":"Designer","floor":39,"gold_loss":40,"cards_upgraded":["Searing Blow","Defend_R"]}],"is_beta":false,"boss_relics":[{"not_picked":["Pandora\u0027s Box","Ectoplasm"],"picked":"Runic Cube"},{"not_picked":["Lizard Tail","Black Star"],"picked":"Sozu"}],"items_purged_floors":[20],"is_endless":false,"potions_floor_spawned":[5,7,10,16,22,24,25,28,30,37,40,42],"killed_by":"Spire Growth","ascension_level":1}