{"gold_per_floor":[114,114,14,30,46,73,73,108,184,201,221,221,248,263,263,368,368,381,393,409,51,150,150,178,178,178,209,67,67,80,105,105,208,208,224,236,286,5,15,340,340,366,366,366,9,39,39,39,39,39],"floor_reached":50,"playtime":2613,"items_purged":["Strike_B"],"score":903,"play_id":"ccc7efcb-30ad-48ef-ab22-c6468f033b0d","local_time":"20190629135759","is_ascension_mode":true,"campfire_choices":[{"data":"Defragment","floor":7,"key":"SMITH"},{"floor":12,"key":"REST"},{"floor":15,"key":"REST"},{"data":"Fission","floor":23,"key":"SMITH"},{"floor":25,"key":"REST"},{"floor":32,"key":"REST"},{"data":"Defragment","floor":41,"key":"SMITH"},{"data":"Defragment","floor":44,"key":"SMITH"},{"data":"Panacea","floor":49,"key":"SMITH"}],"neow_cost":"NONE","seed_source_timestamp":1302523772232000,"circlet_count":0,"master_deck":["Defend_B","Defend_B","Defend_B","Zap","Dualcast","Ball Lightning","Coolheaded","Sweeping Beam+1","Cold Snap","Defragment+1","Genetic Algorithm","Hologram","Seek","Glacier","Meteor Strike+1","Steam+1","Mayhem","Fission+1","Seek","Defragment+1","Blizzard","Hologram","Creative AI","Tempest","Storm","Defragment+1","Fission+1","Panacea+1","Consume"],"relics":["Cracked Core","Turnip","Omamori","Mercury Hourglass","Sundial","Busted Crown","Bottled Flame","Happy Flower","Whetstone","Mango","Cursed Key","Gambling Chip","Lee\u0027s Waffle","Old Coin","The Courier","DollysMirror","Art of War","Mummified Hand"],"potions_floor_usage":[30,31,50],"damage_taken":[{"damage":2,"enemies":"2 Louse","floor":1,"turns":2},{"damage":0,"enemies":"Cultist","floor":4,"turns":3},{"damage":5,"enemies":"Small Slimes","floor":5,"turns":3},{"damage":23,"enemies":"3 Sentries","floor":6,"turns":7},{"damage":5,"enemies":"Lagavulin","floor":8,"turns":7},{"damage":6,"enemies":"Exordium Thugs","floor":10,"turns":3},{"damage":5,"enemies":"2 Fungi Beasts","floor":11,"turns":2},{"damage":6,"enemies":"3 Sentries","floor":13,"turns":4},{"damage":14,"enemies":"Lots of Slimes","floor":14,"turns":2},{"damage":3,"enemies":"Slime Boss","floor":16,"turns":10},{"damage":0,"enemies":"Chosen","floor":18,"turns":5},{"damage":0,"enemies":"Shell Parasite","floor":19,"turns":5},{"damage":2,"enemies":"Centurion and Healer","floor":20,"turns":9},{"damage":40,"enemies":"Slavers","floor":24,"turns":7},{"damage":21,"enemies":"Gremlin Leader","floor":27,"turns":9},{"damage":15,"enemies":"Snake Plant","floor":30,"turns":4},{"damage":0,"enemies":"Book of Stabbing","floor":31,"turns":6},{"damage":48,"enemies":"Champ","floor":33,"turns":12},{"damage":7,"enemies":"3 Darklings","floor":35,"turns":5},{"damage":0,"enemies":"3 Shapes","floor":36,"turns":4},{"damage":40,"enemies":"2 Orb Walkers","floor":37,"turns":5},{"damage":31,"enemies":"Transient","floor":39,"turns":5},{"damage":4,"enemies":"Giant Head","floor":40,"turns":8},{"damage":16,"enemies":"Nemesis","floor":42,"turns":5},{"damage":0,"enemies":"Reptomancer","floor":46,"turns":6},{"damage":61,"enemies":"Time Eater","floor":50,"turns":7}],"seed_played":"1857085873350786251","potions_obtained":[{"floor":1,"key":"SkillPotion"},{"floor":10,"key":"Block Potion"},{"floor":14,"key":"PowerPotion"},{"floor":18,"key":"Fruit Juice"},{"floor":24,"key":"Strength Potion"},{"floor":31,"key":"SteroidPotion"},{"floor":35,"key":"Swift Potion"},{"floor":37,"key":"SpeedPotion"},{"floor":42,"key":"PowerPotion"}],"is_trial":false,"path_per_floor":["M","?","$","M","M","E","R","E","T","M","M","R","E","M","R","B",null,"M","M","M","$","?","R","E","R","T","E","$","?","M","E","R","B",null,"M","M","?","$","M","E","R","E","T","R","$","E","?","$","R","B"],"character_chosen":"DEFECT","items_purchased":["Coolheaded","Mayhem","Fission","Defragment","Blizzard","Lee\u0027s Waffle","Storm","DollysMirror","Panacea","Art of War"],"campfire_rested":4,"item_purchase_floors":[3,21,21,28,28,38,38,45,45,45],"current_hp_per_floor":[66,66,66,66,61,38,38,33,33,27,22,44,38,24,46,43,67,67,67,65,65,65,65,25,47,47,26,26,26,16,30,58,10,73,66,66,26,101,70,66,66,50,50,50,50,50,50,50,50,0],"gold":39,"neow_bonus":"REMOVE_CARD","is_prod":false,"is_daily":false,"chose_seed":false,"campfire_upgraded":5,"win_rate":0,"timestamp":1561831079,"path_taken":["M","?","$","?","M","E","R","E","T","M","M","R","E","M","R","BOSS","M","M","M","$","?","R","E","R","T","E","$","?","M","E","R","BOSS","M","M","?","$","M","E","R","E","T","R","$","E","?","$","R","BOSS"],"build_version":"2019-01-23","purchased_purges":1,"victory":false,"max_hp_per_floor":[75,75,75,75,75,75,75,75,75,75,75,75,75,75,75,75,75,75,75,75,75,75,75,75,75,75,75,75,75,80,94,94,94,94,94,94,94,101,101,101,101,101,101,101,101,101,101,101,101,101],"card_choices":[{"not_picked":["BootSequence","Coolheaded"],"picked":"Ball Lightning","floor":1},{"not_picked":["Ball Lightning","Double Energy"],"picked":"Sweeping Beam","floor":4},{"not_picked":["Turbo","Rebound"],"picked":"Cold Snap","floor":5},{"not_picked":["Double Energy","Stack"],"picked":"Defragment","floor":6},{"not_picked":["Hello World","Doom and Gloom"],"picked":"Genetic Algorithm","floor":8},{"not_picked":["Hologram","Gash","Rebound"],"picked":"SKIP","floor":10},{"not_picked":["Gash","Rebound"],"picked":"Hologram","floor":10},{"not_picked":["Steam Power","Leap"],"picked":"Seek","floor":11},{"not_picked":["Leap","Static Discharge"],"picked":"Glacier","floor":13},{"not_picked":["Streamline","Glacier","Beam Cell"],"picked":"SKIP","floor":14},{"not_picked":["Thunder Strike","Machine Learning"],"picked":"Meteor Strike","floor":16},{"not_picked":[],"picked":"Steam+1","floor":18},{"not_picked":["Beam Cell"],"picked":"SKIP","floor":19},{"not_picked":["Streamline"],"picked":"SKIP","floor":20},{"not_picked":["Hyperbeam"],"picked":"SKIP","floor":24},{"not_picked":[],"picked":"Seek","floor":27},{"not_picked":["BootSequence"],"picked":"SKIP","floor":30},{"not_picked":["Cold Snap"],"picked":"SKIP","floor":31},{"not_picked":[],"picked":"Creative AI","floor":33},{"not_picked":["Recycle"],"picked":"SKIP","floor":35},{"not_picked":["Leap"],"picked":"SKIP","floor":36},{"not_picked":[],"picked":"Tempest","floor":37},{"not_picked":[],"picked":"Defragment","floor":39},{"not_picked":["Go for the Eyes+1"],"picked":"SKIP","floor":40},{"not_picked":["Ball Lightning+1"],"picked":"SKIP","floor":42},{"not_picked":["Cold Snap"],"picked":"SKIP","floor":46}],"player_experience":304889,"relics_obtained":[{"floor":6,"key":"Turnip"},{"floor":8,"key":"Omamori"},{"floor":9,"key":"Mercury Hourglass"},{"floor":13,"key":"Sundial"},{"floor":24,"key":"Bottled Flame"},{"floor":26,"key":"Happy Flower"},{"floor":27,"key":"Whetstone"},{"floor":31,"key":"Mango"},{"floor":37,"key":"Gambling Chip"},{"floor":40,"key":"Old Coin"},{"floor":42,"key":"The Courier"},{"floor":46,"key":"Mummified Hand"}],"event_choices":[{"cards_removed":["Strike_B"],"damage_healed":0,"gold_gain":0,"player_choice":"Offered Basic","damage_taken":0,"max_hp_gain":0,"max_hp_loss":0,"event_name":"Bonfire Elementals","floor":2,"gold_loss":0},{"damage_healed":0,"gold_gain":99,"player_choice":"Stole From Cult","damage_taken":0,"max_hp_gain":0,"max_hp_loss":0,"event_name":"Nest","floor":22,"gold_loss":0},{"damage_healed":0,"gold_gain":0,"cards_transformed":["Strike_B"],"player_choice":"Transformed","damage_taken":0,"max_hp_gain":0,"max_hp_loss":0,"event_name":"Transmorgrifier","floor":29,"gold_loss":0,"cards_obtained":["Hologram"]},{"damage_healed":0,"gold_gain":0,"player_choice":"Fight","damage_taken":0,"max_hp_gain":0,"max_hp_loss":0,"event_name":"Mysterious Sphere","floor":37,"gold_loss":0},{"damage_healed":0,"gold_gain":0,"cards_transformed":["Defend_B"],"player_choice":"Transformed","damage_taken":0,"max_hp_gain":0,"max_hp_loss":0,"event_name":"Transmorgrifier","floor":47,"gold_loss":0,"cards_obtained":["Consume"]}],"is_beta":false,"boss_relics":[{"not_picked":["Orrery","Calling Bell"],"picked":"Busted Crown"},{"not_picked":["Philosopher\u0027s Stone","Astrolabe"],"picked":"Cursed Key"}],"items_purged_floors":[3],"is_endless":false,"potions_floor_spawned":[1,10,14,16,18,24,31,35,37,42],"killed_by":"Time Eater","ascension_level":6}