{"gold_per_floor":[114,127,107,123,0,27,41,41,67,67,94,110,35,49,49,128,128,145,157,37,37,0,0,10,10,34,51,63,63,63,74,74,74],"floor_reached":33,"playtime":1765,"items_purged":["Strike_G"],"score":518,"play_id":"37da884c-d273-490e-a968-e3c7d4e41bf0","local_time":"20190629054652","is_ascension_mode":true,"campfire_choices":[{"data":"Deadly Poison","floor":8,"key":"SMITH"},{"floor":10,"key":"REST"},{"floor":15,"key":"REST"},{"data":"Caltrops","floor":23,"key":"SMITH"},{"data":"Caltrops","floor":25,"key":"SMITH"},{"data":"Well Laid Plans","floor":32,"key":"SMITH"}],"neow_cost":"PERCENT_DAMAGE","seed_source_timestamp":807511264863400,"circlet_count":0,"master_deck":["AscendersBane","Defend_G+1","Defend_G+1","Defend_G+1","Defend_G+1","Defend_G+1","Strike_G+1","Strike_G+1","Strike_G+1","Survivor","Neutralize","Corpse Explosion","Caltrops","Deadly Poison+1","Crippling Poison","Leg Sweep","Noxious Fumes","Caltrops+1","Crippling Poison","PiercingWail","Caltrops+1","Escape Plan","Leg Sweep+1","Leg Sweep","Well Laid Plans+1"],"special_seed":0,"relics":["Ring of the Snake","Strawberry","Bag of Preparation","Whetstone","Coffee Dripper","Oddly Smooth Stone"],"potions_floor_usage":[6,14,16,27,33,33],"damage_taken":[{"damage":2.0,"enemies":"Jaw Worm","floor":1.0,"turns":5.0},{"damage":4.0,"enemies":"Cultist","floor":2.0,"turns":5.0},{"damage":2,"enemies":"2 Louse","floor":4,"turns":3},{"damage":34,"enemies":"Lagavulin","floor":6,"turns":8},{"damage":3,"enemies":"Blue Slaver","floor":7,"turns":6},{"damage":15,"enemies":"3 Sentries","floor":11,"turns":4},{"damage":5,"enemies":"Red Slaver","floor":12,"turns":5},{"damage":0,"enemies":"Large Slime","floor":14,"turns":5},{"damage":26,"enemies":"The Guardian","floor":16,"turns":9},{"damage":0,"enemies":"3 Byrds","floor":18,"turns":2},{"damage":23,"enemies":"2 Thieves","floor":19,"turns":4},{"damage":14,"enemies":"Snake Plant","floor":24,"turns":4},{"damage":3,"enemies":"Centurion and Healer","floor":27,"turns":6},{"damage":0,"enemies":"Snecko","floor":28,"turns":5},{"damage":3,"enemies":"Snake Plant","floor":31,"turns":3},{"damage":29,"enemies":"Champ","floor":33,"turns":14}],"seed_played":"6455639353203086335","potions_obtained":[{"floor":1.0,"key":"Weak Potion"},{"floor":3.0,"key":"SteroidPotion"},{"floor":4,"key":"SpeedPotion"},{"floor":12,"key":"GhostInAJar"},{"floor":14,"key":"Energy Potion"},{"floor":27,"key":"SpeedPotion"}],"is_trial":false,"path_per_floor":["M","M","?","M","$","E","M","R","T","R","E","M","$","M","R","B",null,"M","M","$","?","$","R","M","R","T","M","M","?","?","M","R","B"],"character_chosen":"THE_SILENT","items_purchased":["Leg Sweep","Noxious Fumes","Caltrops","EssenceOfSteel","Escape Plan"],"campfire_rested":2,"item_purchase_floors":[5,5,20,20,22],"current_hp_per_floor":[42,38,38,36,36,9,6,6,6,27,12,7,7,7,28,2,55,55,32,32,32,32,32,18,18,18,15,15,15,15,12,12,0],"gold":74,"neow_bonus":"THREE_RARE_CARDS","is_prod":false,"is_daily":false,"chose_seed":false,"campfire_upgraded":4,"win_rate":0,"timestamp":1561754812,"path_taken":["M","M","?","M","$","E","?","R","T","R","E","M","?","M","R","BOSS","M","M","$","?","$","R","M","R","T","M","M","?","?","?","R","BOSS"],"build_version":"2019-01-23","purchased_purges":1,"victory":false,"max_hp_per_floor":[66,66,66,66,66,73,73,73,73,73,73,73,73,73,73,73,73,73,73,73,73,73,73,73,73,73,73,73,73,73,73,73,73],"card_choices":[{"not_picked":["Glass Knife","After Image"],"picked":"Corpse Explosion","floor":0.0},{"not_picked":["Finisher","Sucker Punch"],"picked":"Caltrops","floor":1.0},{"not_picked":["Escape Plan","PiercingWail"],"picked":"Deadly Poison","floor":2.0},{"not_picked":["Underhanded Strike","Outmaneuver"],"picked":"Crippling Poison","floor":4},{"not_picked":["Sucker Punch","Underhanded Strike"],"picked":"Caltrops","floor":6},{"not_picked":["Setup","Underhanded Strike"],"picked":"Crippling Poison","floor":7},{"not_picked":["Deadly Poison","Finisher","Outmaneuver"],"picked":"SKIP","floor":11},{"not_picked":["Endless Agony","All Out Attack","Flying Knee"],"picked":"SKIP","floor":12},{"not_picked":["Eviscerate","Masterful Stab","Dagger Spray"],"picked":"SKIP","floor":14},{"not_picked":["Dagger Throw+1","Predator"],"picked":"PiercingWail","floor":18},{"not_picked":["Predator","Backflip","Setup+1"],"picked":"SKIP","floor":19},{"not_picked":["Dagger Throw","Sucker Punch","Bane"],"picked":"SKIP","floor":24},{"not_picked":["Unload","Reflex"],"picked":"Leg Sweep+1","floor":27},{"not_picked":["Quick Slash","Outmaneuver"],"picked":"Leg Sweep","floor":28},{"not_picked":["Underhanded Strike","Escape Plan"],"picked":"Well Laid Plans","floor":31}],"player_experience":1027777,"relics_obtained":[{"floor":6,"key":"Strawberry"},{"floor":9,"key":"Bag of Preparation"},{"floor":11,"key":"Whetstone"},{"floor":26,"key":"Oddly Smooth Stone"}],"event_choices":[{"damage_healed":0.0,"max_hp_gain":0.0,"max_hp_loss":0.0,"gold_gain":0.0,"event_name":"The Woman in Blue","player_choice":"Bought 1 Potion","floor":3.0,"gold_loss":0.0,"damage_taken":0.0},{"damage_healed":0,"gold_gain":0,"player_choice":"Simplicity","damage_taken":0,"max_hp_gain":0,"max_hp_loss":0,"event_name":"Back to Basics","floor":21,"gold_loss":0,"cards_upgraded":["Defend_G","Defend_G","Defend_G","Defend_G","Defend_G","Strike_G","Strike_G"]},{"cards_removed":["Strike_G"],"damage_healed":0,"gold_gain":0,"player_choice":"Purged","damage_taken":0,"max_hp_gain":0,"max_hp_loss":0,"event_name":"Purifier","floor":30,"gold_loss":0}],"is_beta":false,"boss_relics":[{"not_picked":["Eternal Feather","Busted Crown"],"picked":"Coffee Dripper"}],"items_purged_floors":[13],"is_endless":false,"potions_floor_spawned":[1,4,12,14,27,28],"killed_by":"Champ","ascension_level":20}