{"gold_per_floor":[114,114,114,129,144,144,174,174,174,174,189,189,219,294,294,394,394,409,484,177,192,207,207,222,222,222,222,237,337,352,352,352,452,452,467,467,791,791,806,806,806,806,856,886,73,73,88,103,103,103],"floor_reached":50,"playtime":12861,"items_purged":[],"score":783,"play_id":"149fdcda-9390-4aee-8925-a0f5c5be758d","local_time":"20190305133158","daily_mods":["Chimera","Hoarder","Terminal"],"is_ascension_mode":false,"campfire_choices":[{"data":"Zap","floor":6,"key":"SMITH"},{"data":"Anger","floor":8,"key":"SMITH"},{"data":"Pummel","floor":12,"key":"SMITH"},{"floor":15,"key":"REST"},{"data":"Exhume","floor":23,"key":"SMITH"},{"data":"Exhume","floor":25,"key":"SMITH"},{"data":"Transmutation","floor":32,"key":"SMITH"},{"data":"Seeing Red","floor":41,"key":"SMITH"},{"data":"Mind Blast","floor":46,"key":"SMITH"},{"data":"Mind Blast","floor":49,"key":"SMITH"}],"neow_cost":"","seed_source_timestamp":0,"circlet_count":0,"master_deck":["Bash","Survivor","Zap+1","Strike_R+1","Strike_G+1","Strike_B+1","Defend_R+1","Defend_G+1","Defend_B+1","Pummel+1","Pummel","Pummel","Ghostly Armor","Ghostly Armor","Ghostly Armor","Anger+1","Anger","Anger+1","Second Wind","Second Wind","Second Wind","Pummel","Pummel","Pummel+1","Shrug It Off","Shrug It Off","Shrug It Off","Exhume+1","Exhume","Exhume+1","Sword Boomerang","Sword Boomerang","Sword Boomerang","Discovery","Discovery","Discovery","Rampage","Rampage","Rampage","Transmutation","Transmutation+1","Rage","Rage","Rage","Metallicize","Metallicize","Metallicize","Feel No Pain+1","Feel No Pain+1","Feel No Pain+1","Fire Breathing+1","Fire Breathing+1","Fire Breathing+1","Anger+1","Anger+1","Anger+1","Demon Form","Demon Form","Demon Form","Seeing Red+1","Seeing Red","Seeing Red","Sword Boomerang+1","Sword Boomerang+1","Sword Boomerang+1","Heavy Blade+1","Heavy Blade+1","Heavy Blade+1","Magnetism","Magnetism","Magnetism","Cleave+1","Cleave+1","Cleave+1","Rage+1","Rage+1","Rage+1","Mind Blast","Mind Blast+1","Mind Blast+1","Secret Technique+1","Secret Technique+1","Secret Technique+1","Intimidate+1","Intimidate+1","Intimidate+1","Havoc+1","Havoc+1","Havoc+1"],"special_seed":17960,"relics":["Burning Blood","Omamori","Whetstone","Magic Flower","Orichalcum","Coffee Dripper","Question Card","Runic Pyramid","Old Coin","Bronze Scales","Vajra","Toxic Egg 2","Sling"],"potions_floor_usage":[7,11,13,33,37,40,50,50],"damage_taken":[{"damage":0,"enemies":"Small Slimes","floor":1,"turns":3},{"damage":2,"enemies":"2 Louse","floor":4,"turns":2},{"damage":0,"enemies":"Cultist","floor":5,"turns":5},{"damage":1,"enemies":"Gremlin Nob","floor":7,"turns":4},{"damage":11,"enemies":"Large Slime","floor":11,"turns":3},{"damage":22,"enemies":"Lagavulin","floor":13,"turns":4},{"damage":52,"enemies":"Slime Boss","floor":16,"turns":16},{"damage":0,"enemies":"3 Byrds","floor":18,"turns":6},{"damage":0,"enemies":"2 Thieves","floor":21,"turns":4},{"damage":10,"enemies":"Chosen and Byrds","floor":22,"turns":5},{"damage":9,"enemies":"Centurion and Healer","floor":24,"turns":9},{"damage":13,"enemies":"Shelled Parasite and Fungi","floor":28,"turns":7},{"damage":0,"enemies":"Chosen and Byrds","floor":30,"turns":5},{"damage":0,"enemies":"Automaton","floor":33,"turns":8},{"damage":4,"enemies":"Orb Walker","floor":35,"turns":3},{"damage":34,"enemies":"2 Orb Walkers","floor":37,"turns":5},{"damage":27,"enemies":"3 Shapes","floor":39,"turns":6},{"damage":4,"enemies":"Nemesis","floor":40,"turns":3},{"damage":2,"enemies":"Giant Head","floor":44,"turns":7},{"damage":20,"enemies":"Sphere and 2 Shapes","floor":47,"turns":2},{"damage":0,"enemies":"Writhing Mass","floor":48,"turns":1},{"damage":31,"enemies":"Time Eater","floor":50,"turns":5}],"seed_played":"-7796585460280550823","potions_obtained":[{"floor":1,"key":"Block Potion"},{"floor":7,"key":"LiquidBronze"},{"floor":11,"key":"Strength Potion"},{"floor":16,"key":"Regen Potion"},{"floor":30,"key":"PowerPotion"},{"floor":33,"key":"SmokeBomb"},{"floor":44,"key":"SkillPotion"},{"floor":47,"key":"FearPotion"}],"is_trial":false,"path_per_floor":["M","?","?","M","M","R","E","R","T","?","M","R","E","?","R","B",null,"M","?","$","M","M","R","M","R","T","?","M","?","M","?","R","B",null,"M","?","?","?","M","E","R","?","T","E","$","R","M","M","R","B"],"character_chosen":"IRONCLAD","items_purchased":["Discovery","Rampage","Transmutation","Toxic Egg 2","Sling","Rage+1","Mind Blast","Secret Technique+1"],"campfire_rested":1,"item_purchase_floors":[20,20,20,45,45,45,45,45],"current_hp_per_floor":[78,77,76,75,74,73,72,71,70,63,61,61,48,37,56,13,62,61,55,55,58,57,56,55,54,53,52,48,48,49,48,47,46,45,44,43,35,35,17,22,22,22,22,29,29,29,18,27,27,0],"gold":103,"neow_bonus":"","is_prod":false,"is_daily":true,"chose_seed":false,"campfire_upgraded":9,"win_rate":0,"timestamp":1551792718,"path_taken":["M","?","?","M","M","R","E","R","T","?","M","R","E","?","R","BOSS","M","?","$","M","M","R","?","R","T","?","M","?","?","?","R","BOSS","M","?","?","?","?","E","R","?","T","E","?","R","M","?","R","BOSS"],"build_version":"2019-01-23","purchased_purges":0,"victory":false,"max_hp_per_floor":[78,77,76,75,74,73,72,71,70,69,68,67,66,65,64,63,62,61,60,59,58,57,56,55,54,53,52,51,50,49,48,47,46,45,44,43,42,41,40,39,38,37,36,35,34,33,32,31,30,30],"card_choices":[{"not_picked":["Heavy Blade","Clothesline"],"picked":"Pummel","floor":1},{"not_picked":["Rupture","Twin Strike"],"picked":"Ghostly Armor","floor":4},{"not_picked":["Armaments","Pommel Strike"],"picked":"Anger","floor":5},{"not_picked":["Headbutt","Entrench"],"picked":"Second Wind","floor":7},{"not_picked":["True Grit","Ghostly Armor"],"picked":"Pummel","floor":11},{"not_picked":["Blood for Blood","True Grit"],"picked":"Shrug It Off","floor":13},{"not_picked":["Impervious","Fiend Fire"],"picked":"Exhume","floor":16},{"not_picked":["Clothesline","Blood for Blood"],"picked":"Sword Boomerang","floor":18},{"not_picked":["Pommel Strike","Wild Strike"],"picked":"Rage","floor":21},{"not_picked":["Thunderclap","Corruption"],"picked":"Metallicize","floor":22},{"not_picked":["Thunderclap","Fire Breathing"],"picked":"Feel No Pain+1","floor":24},{"not_picked":["Sever Soul","Armaments","Warcry"],"picked":"Fire Breathing+1","floor":28},{"not_picked":["Spot Weakness","Power Through","Pommel Strike"],"picked":"Anger+1","floor":30},{"not_picked":["Barricade","Fiend Fire","Brutality"],"picked":"Demon Form","floor":33},{"not_picked":["Sword Boomerang","Perfected Strike+1","Pommel Strike"],"picked":"Seeing Red","floor":35},{"not_picked":["Perfected Strike","Corruption+1","Rage+1"],"picked":"Sword Boomerang+1","floor":37},{"not_picked":["Flex+1","True Grit","Body Slam"],"picked":"Heavy Blade+1","floor":39},{"not_picked":["Impervious","Headbutt","Dual Wield+1"],"picked":"Cleave+1","floor":44},{"not_picked":["Armaments+1","Cleave+1","Wild Strike"],"picked":"Intimidate+1","floor":47},{"not_picked":["Demon Form","Metallicize","Cleave+1"],"picked":"Havoc+1","floor":48}],"player_experience":245284,"relics_obtained":[{"floor":7,"key":"Omamori"},{"floor":9,"key":"Whetstone"},{"floor":13,"key":"Orichalcum"},{"floor":26,"key":"Question Card"},{"floor":37,"key":"Old Coin"},{"floor":43,"key":"Bronze Scales"},{"floor":44,"key":"Vajra"}],"event_choices":[{"damage_healed":0,"gold_gain":0,"player_choice":"Ignored","damage_taken":0,"max_hp_gain":0,"max_hp_loss":0,"event_name":"Liars Game","floor":2,"gold_loss":0},{"damage_healed":0,"gold_gain":0,"player_choice":"Leave","damage_taken":0,"max_hp_gain":0,"max_hp_loss":0,"event_name":"The Cleric","floor":3,"gold_loss":0},{"damage_healed":0,"gold_gain":0,"player_choice":"Success","damage_taken":7,"relics_obtained":["Magic Flower"],"max_hp_gain":0,"max_hp_loss":0,"event_name":"Scrap Ooze","floor":10,"gold_loss":0},{"damage_healed":0,"gold_gain":75,"player_choice":"Gather Gold","damage_taken":11,"max_hp_gain":0,"max_hp_loss":0,"event_name":"World of Goop","floor":14,"gold_loss":0},{"damage_healed":0,"gold_gain":75,"player_choice":"Touch","damage_taken":6,"max_hp_gain":0,"max_hp_loss":0,"event_name":"FaceTrader","floor":19,"gold_loss":0},{"damage_healed":0,"gold_gain":0,"player_choice":"Ignored","damage_taken":0,"max_hp_gain":0,"max_hp_loss":0,"event_name":"Beggar","floor":27,"gold_loss":0},{"damage_healed":0,"gold_gain":100,"player_choice":"Pray","damage_taken":0,"max_hp_gain":0,"max_hp_loss":0,"event_name":"Golden Shrine","floor":29,"gold_loss":0},{"damage_healed":0,"gold_gain":0,"player_choice":"Simplicity","damage_taken":0,"max_hp_gain":0,"max_hp_loss":0,"event_name":"Back to Basics","floor":31,"gold_loss":0,"cards_upgraded":["Strike_R","Strike_G","Strike_B","Defend_R","Defend_G","Defend_B"]},{"damage_healed":0,"gold_gain":0,"player_choice":"Ignored","damage_taken":0,"max_hp_gain":0,"max_hp_loss":0,"event_name":"Tomb of Lord Red Mask","floor":36,"gold_loss":0},{"damage_healed":0,"gold_gain":0,"player_choice":"Fight","damage_taken":0,"max_hp_gain":0,"max_hp_loss":0,"event_name":"Mysterious Sphere","floor":37,"gold_loss":0},{"damage_healed":0,"gold_gain":0,"player_choice":"Ignored","damage_taken":0,"max_hp_gain":0,"max_hp_loss":0,"event_name":"SecretPortal","floor":38,"gold_loss":0},{"damage_healed":0,"gold_gain":0,"cards_transformed":["Transmutation"],"player_choice":"Transformed","damage_taken":0,"max_hp_gain":0,"max_hp_loss":0,"event_name":"Transmorgrifier","floor":42,"gold_loss":0,"cards_obtained":["Magnetism"]}],"is_beta":false,"boss_relics":[{"not_picked":["Mark of Pain","Empty Cage"],"picked":"Coffee Dripper"},{"not_picked":["Snecko Eye","Calling Bell"],"picked":"Runic Pyramid"}],"items_purged_floors":[],"is_endless":false,"potions_floor_spawned":[1,7,11,16,30,33,40,44,47],"killed_by":"Time Eater","ascension_level":0}