{"gold_per_floor":[118,68,83,100,113,146,146,44,44,44,44,77,77,108,108,204,204,216,216,232,258,258],"floor_reached":22,"playtime":1200,"items_purged":["Strike_G"],"score":302,"play_id":"5ccd37f2-5abf-4bfc-9afc-c2b4fb184019","local_time":"20181127181354","is_ascension_mode":true,"campfire_choices":[{"data":"Wraith Form v2","floor":7,"key":"SMITH"},{"data":"Neutralize","floor":10,"key":"SMITH"},{"data":"Deflect","floor":13,"key":"SMITH"},{"data":"Glass Knife","floor":15,"key":"SMITH"}],"neow_cost":"NONE","seed_source_timestamp":106020739368847,"circlet_count":0,"master_deck":["Defend_G","Defend_G+1","Defend_G","Defend_G","Defend_G","Strike_G","Survivor","Neutralize+1","Wraith Form v2+1","Terror+1","Cloak And Dagger","Slice","Prepared","Glass Knife+1","Deflect+1","Backflip","Infinite Blades","Night Terror","Reflex+1","Concentrate","Calculated Gamble"],"relics":["Ring of the Snake","Paper Crane","Dodecahedron","Matryoshka","Bag of Marbles","Empty Cage","Nilry\u0027s Codex","Red Mask"],"potions_floor_usage":[6,20],"damage_taken":[{"damage":0,"enemies":"Small Slimes","floor":1,"turns":3},{"damage":1,"enemies":"Jaw Worm","floor":3,"turns":5},{"damage":0,"enemies":"Cultist","floor":4,"turns":4},{"damage":6,"enemies":"Large Slime","floor":5,"turns":10},{"damage":3,"enemies":"Gremlin Nob","floor":6,"turns":5},{"damage":10,"enemies":"3 Sentries","floor":12,"turns":12},{"damage":1,"enemies":"Lagavulin","floor":14,"turns":7},{"damage":0,"enemies":"Hexaghost","floor":16,"turns":9},{"damage":0,"enemies":"Chosen","floor":18,"turns":6},{"damage":19,"enemies":"3 Byrds","floor":20,"turns":6},{"damage":18,"enemies":"Masked Bandits","floor":21,"turns":5},{"damage":19,"enemies":"Snecko","floor":22,"turns":3}],"seed_played":"-6894209247859647940","potions_obtained":[{"floor":1,"key":"Block Potion"},{"floor":3,"key":"PowerPotion"},{"floor":5,"key":"SpeedPotion"},{"floor":14,"key":"LiquidBronze"},{"floor":21,"key":"Swift Potion"}],"is_trial":false,"path_per_floor":["M","?","M","M","M","E","R","$","T","R","?","E","R","E","R","B",null,"M","?","M","?","M"],"character_chosen":"THE_SILENT","items_purchased":["Deflect"],"campfire_rested":0,"item_purchase_floors":[8],"current_hp_per_floor":[70,70,69,69,63,60,60,60,60,60,46,36,36,35,35,35,70,70,54,35,17,0],"gold":258,"neow_bonus":"ONE_RANDOM_RARE_CARD","is_prod":false,"is_daily":false,"chose_seed":false,"campfire_upgraded":4,"win_rate":0,"timestamp":1543360434,"path_taken":["M","?","M","M","M","E","R","$","T","R","?","E","R","E","R","BOSS","M","?","M","?","M"],"build_version":"2018-11-15","purchased_purges":1,"victory":false,"max_hp_per_floor":[70,70,70,70,70,70,70,70,70,70,70,70,70,70,70,70,70,70,70,70,70,70],"card_choices":[{"not_picked":["Masterful Stab","Concentrate"],"picked":"Terror","floor":1},{"not_picked":["Accuracy","Blade Dance"],"picked":"Cloak And Dagger","floor":3},{"not_picked":["Terror","Escape Plan"],"picked":"Slice","floor":4},{"not_picked":["Choke","Underhanded Strike"],"picked":"Prepared","floor":5},{"not_picked":["Flying Knee","Setup"],"picked":"Glass Knife","floor":6},{"not_picked":["Infinite Blades","Setup"],"picked":"Backflip","floor":12},{"not_picked":["After Image","Leg Sweep"],"picked":"Infinite Blades","floor":14},{"not_picked":["Wraith Form v2","Doppelganger"],"picked":"Night Terror","floor":16},{"not_picked":["Skewer","Tactician"],"picked":"Reflex+1","floor":18},{"not_picked":["Acrobatics","Masterful Stab"],"picked":"Concentrate","floor":20},{"not_picked":["Quick Slash","Flying Knee"],"picked":"Calculated Gamble","floor":21}],"player_experience":179305,"relics_obtained":[{"floor":6,"key":"Paper Crane"},{"floor":9,"key":"Dodecahedron"},{"floor":12,"key":"Matryoshka"},{"floor":14,"key":"Bag of Marbles"},{"floor":19,"key":"Nilry\u0027s Codex"},{"floor":21,"key":"Red Mask"}],"event_choices":[{"cards_removed":["Strike_G"],"damage_healed":0,"gold_gain":0,"player_choice":"Card Removal","damage_taken":0,"max_hp_gain":0,"max_hp_loss":0,"event_name":"The Cleric","floor":2,"gold_loss":50},{"damage_healed":0,"gold_gain":0,"player_choice":"Entered Light","damage_taken":14,"max_hp_gain":0,"max_hp_loss":0,"event_name":"Shining Light","floor":11,"gold_loss":0,"cards_upgraded":["Defend_G","Terror"]},{"damage_healed":0,"gold_gain":0,"player_choice":"Obtained Book","damage_taken":16,"max_hp_gain":0,"max_hp_loss":0,"event_name":"Cursed Tome","floor":19,"gold_loss":0},{"damage_healed":0,"gold_gain":0,"player_choice":"Fought Bandits","damage_taken":0,"max_hp_gain":0,"max_hp_loss":0,"event_name":"Masked Bandits","floor":21,"gold_loss":0}],"is_beta":false,"boss_relics":[{"not_picked":["Runic Dome","Velvet Choker"],"picked":"Empty Cage"}],"items_purged_floors":[8],"is_endless":false,"potions_floor_spawned":[1,3,5,14,18,21],"killed_by":"Snecko","ascension_level":4}