{"gold_per_floor":[114,129,174,18,33,63,78,93,143,8,23,38,38,53,53,153,153,168,183,198,473,488,488,53,83,133,133,148,178,193,11,11,111,111,126,141,156,171,186,216,231,261,261,18,33,48,63,0,0,0],"floor_reached":51,"playtime":3726,"items_purged":[],"score":938,"play_id":"5ebcf673-f490-469f-8c9d-ecc29a1d21bc","local_time":"20190413115529","daily_mods":["Allstar","Vintage","Lethality"],"is_ascension_mode":false,"campfire_choices":[{"floor":13,"key":"REST"},{"data":"Dagger Spray","floor":15,"key":"SMITH"},{"floor":23,"key":"REST"},{"floor":27,"key":"REST"},{"floor":32,"key":"REST"},{"floor":49,"key":"REST"}],"neow_cost":"","seed_source_timestamp":0,"circlet_count":0,"master_deck":["Defend_G","Defend_G+1","Defend_G+1","Defend_G","Defend_G","Strike_G","Strike_G","Strike_G","Strike_G","Strike_G","Survivor","Neutralize","Thinking Ahead","Blind","Purity","Bandage Up","Dark Shackles","Infinite Blades","Finisher","Dagger Spray+1","Quick Slash+1","Good Instincts","Envenom","Regret","Flying Knee+1","All Out Attack+1","Cloak And Dagger","Infinite Blades","Backstab+1","Backflip+1","Accuracy","Accuracy","Blade Dance","Escape Plan","Bane+1","Adrenaline","Bane+1","Parasite","Dodge and Roll+1","Choke+1","Underhanded Strike+1","Accuracy","Blade Dance+1","Dagger Spray+1"],"special_seed":17999,"relics":["Ring of the Snake","Pen Nib","Happy Flower","Tiny Chest","Singing Bowl","Paper Crane","Orichalcum","Molten Egg 2","Strawberry","Bottled Tornado","Pear","Snake Skull","Fusion Hammer","Anchor","Centennial Puzzle","Letter Opener","Bottled Flame","TheAbacus","Potion Belt","Dream Catcher","Gremlin Horn","Bronze Scales","Bottled Lightning","WristBlade","Oddly Smooth Stone","War Paint","Mercury Hourglass","Darkstone Periapt","Smiling Mask","Ninja Scroll","Omamori","Toxic Egg 2","Kunai","Pantograph","Bag of Marbles","FossilizedHelix","Red Mask"],"potions_floor_usage":[5,11,16,19,30,30,33,33,40,50,50,50],"damage_taken":[{"damage":0,"enemies":"Small Slimes","floor":1,"turns":3},{"damage":9,"enemies":"Cultist","floor":2,"turns":4},{"damage":0,"enemies":"2 Louse","floor":3,"turns":2},{"damage":17,"enemies":"Large Slime","floor":5,"turns":4},{"damage":21,"enemies":"Gremlin Nob","floor":6,"turns":4},{"damage":0,"enemies":"Looter","floor":7,"turns":1},{"damage":12,"enemies":"3 Louse","floor":8,"turns":2},{"damage":0,"enemies":"Exordium Wildlife","floor":11,"turns":3},{"damage":0,"enemies":"Blue Slaver","floor":12,"turns":2},{"damage":2,"enemies":"2 Fungi Beasts","floor":14,"turns":3},{"damage":0,"enemies":"Slime Boss","floor":16,"turns":7},{"damage":15,"enemies":"3 Byrds","floor":18,"turns":4},{"damage":14,"enemies":"2 Thieves","floor":19,"turns":3},{"damage":12,"enemies":"Snake Plant","floor":20,"turns":3},{"damage":15,"enemies":"Shelled Parasite and Fungi","floor":22,"turns":3},{"damage":19,"enemies":"Slavers","floor":25,"turns":4},{"damage":2,"enemies":"Centurion and Healer","floor":28,"turns":3},{"damage":0,"enemies":"Gremlin Leader","floor":29,"turns":4},{"damage":0,"enemies":"Snake Plant","floor":30,"turns":2},{"damage":25,"enemies":"Automaton","floor":33,"turns":5},{"damage":0,"enemies":"Orb Walker","floor":35,"turns":1},{"damage":6,"enemies":"3 Darklings","floor":36,"turns":2},{"damage":12,"enemies":"Maw","floor":37,"turns":5},{"damage":0,"enemies":"Jaw Worm Horde","floor":38,"turns":1},{"damage":0,"enemies":"4 Shapes","floor":39,"turns":2},{"damage":13,"enemies":"Giant Head","floor":40,"turns":6},{"damage":8,"enemies":"Writhing Mass","floor":41,"turns":3},{"damage":1,"enemies":"Reptomancer","floor":42,"turns":3},{"damage":8,"enemies":"Sphere and 2 Shapes","floor":45,"turns":1},{"damage":0,"enemies":"4 Shapes","floor":46,"turns":1},{"damage":2,"enemies":"Transient","floor":47,"turns":5},{"damage":42,"enemies":"Donu and Deca","floor":50,"turns":4}],"seed_played":"-5670151409989047964","potions_obtained":[{"floor":2,"key":"Explosive Potion"},{"floor":6,"key":"Dexterity Potion"},{"floor":8,"key":"SkillPotion"},{"floor":14,"key":"SpeedPotion"},{"floor":25,"key":"PowerPotion"},{"floor":28,"key":"Strength Potion"},{"floor":29,"key":"Weak Potion"},{"floor":30,"key":"Explosive Potion"},{"floor":37,"key":"Explosive Potion"},{"floor":39,"key":"Ancient Potion"},{"floor":41,"key":"Dexterity Potion"},{"floor":45,"key":"Strength Potion"}],"is_trial":false,"path_per_floor":["M","M","M","$","M","E","M","M","T","$","M","M","R","M","R","B",null,"M","M","M","?","M","R","$","E","T","R","M","E","M","$","R","B",null,"M","M","M","M","M","E","M","E","T","$","M","M","M","?","R","B",null],"character_chosen":"THE_SILENT","items_purchased":["Infinite Blades","Finisher","Quick Slash+1","Good Instincts","TheAbacus","Flying Knee+1","All Out Attack+1","Cloak And Dagger","Infinite Blades","Accuracy","Blade Dance","Escape Plan","Choke+1","Underhanded Strike+1","Accuracy","Blade Dance+1"],"campfire_rested":5,"item_purchase_floors":[4,4,10,10,24,24,24,24,24,31,31,31,44,44,44,44],"current_hp_per_floor":[70,65,65,65,52,35,35,23,30,30,30,40,66,68,68,72,87,76,66,54,54,43,69,69,54,54,80,82,86,86,86,87,66,87,87,81,73,73,73,64,66,69,69,69,61,61,63,63,90,51],"gold":0,"neow_bonus":"","is_prod":false,"is_daily":true,"chose_seed":false,"campfire_upgraded":1,"win_rate":0,"timestamp":1555152929,"path_taken":["M","M","M","$","M","E","M","M","T","$","M","M","R","M","R","BOSS","M","M","M","?","M","R","$","E","T","R","M","E","M","?","R","BOSS","M","M","M","M","M","E","M","E","T","$","M","M","M","?","R","BOSS"],"build_version":"2019-01-23","purchased_purges":0,"victory":true,"max_hp_per_floor":[70,70,70,70,70,70,70,70,77,77,77,87,87,87,87,87,87,87,87,87,87,87,87,87,87,87,87,87,87,87,87,87,87,87,87,87,87,87,87,87,93,93,93,93,93,93,93,93,93,93],"card_choices":[{"not_picked":["Reflex","Prepared"],"picked":"Dagger Spray","floor":6},{"not_picked":["Grand Finale+1","Phantasmal Killer"],"picked":"Envenom","floor":16},{"not_picked":["Dagger Throw+1","Quick Slash+1"],"picked":"Backstab+1","floor":25},{"not_picked":["Poisoned Stab+1","Footwork"],"picked":"Backflip+1","floor":27},{"not_picked":["Wraith Form v2","Acrobatics+1"],"picked":"Accuracy","floor":29},{"not_picked":["Sucker Punch+1","Dagger Throw+1"],"picked":"Bane+1","floor":32},{"not_picked":["Phantasmal Killer","Envenom"],"picked":"Adrenaline","floor":33},{"not_picked":["Sucker Punch+1","Reflex"],"picked":"Bane+1","floor":40},{"not_picked":["Deadly Poison+1","PiercingWail"],"picked":"Dodge and Roll","floor":42},{"not_picked":["Deadly Poison+1","Bane+1"],"picked":"Dagger Spray+1","floor":49}],"player_experience":483183,"relics_obtained":[{"floor":1,"key":"Pen Nib"},{"floor":2,"key":"Happy Flower"},{"floor":3,"key":"Tiny Chest"},{"floor":5,"key":"Singing Bowl"},{"floor":6,"key":"Paper Crane"},{"floor":7,"key":"Orichalcum"},{"floor":8,"key":"Molten Egg 2"},{"floor":9,"key":"Strawberry"},{"floor":11,"key":"Bottled Tornado"},{"floor":12,"key":"Pear"},{"floor":14,"key":"Snake Skull"},{"floor":18,"key":"Anchor"},{"floor":19,"key":"Centennial Puzzle"},{"floor":20,"key":"Letter Opener"},{"floor":22,"key":"Bottled Flame"},{"floor":25,"key":"Potion Belt"},{"floor":26,"key":"Dream Catcher"},{"floor":28,"key":"Gremlin Horn"},{"floor":29,"key":"Bronze Scales"},{"floor":30,"key":"Bottled Lightning"},{"floor":35,"key":"Oddly Smooth Stone"},{"floor":36,"key":"War Paint"},{"floor":37,"key":"Mercury Hourglass"},{"floor":38,"key":"Darkstone Periapt"},{"floor":39,"key":"Smiling Mask"},{"floor":40,"key":"Ninja Scroll"},{"floor":41,"key":"Omamori"},{"floor":42,"key":"Toxic Egg 2"},{"floor":43,"key":"Kunai"},{"floor":45,"key":"Pantograph"},{"floor":46,"key":"Bag of Marbles"},{"floor":47,"key":"FossilizedHelix"}],"event_choices":[{"damage_healed":0,"gold_gain":275,"player_choice":"Desecrate","damage_taken":0,"max_hp_gain":0,"max_hp_loss":0,"event_name":"Golden Shrine","floor":21,"gold_loss":0,"cards_obtained":["Regret"]},{"damage_healed":0,"gold_gain":0,"player_choice":"Paid","damage_taken":0,"relics_obtained":["Red Mask"],"max_hp_gain":0,"max_hp_loss":0,"event_name":"Tomb of Lord Red Mask","floor":48,"gold_loss":63}],"is_beta":false,"boss_relics":[{"not_picked":["White Beast Statue","Busted Crown"],"picked":"Fusion Hammer"},{"not_picked":["Lizard Tail","Pandora\u0027s Box"],"picked":"WristBlade"}],"items_purged_floors":[],"is_endless":false,"potions_floor_spawned":[2,6,8,14,25,28,29,30,37,39,41,45],"ascension_level":0}