{"gold_per_floor":[114,39,189,189,26,26,60,60,60,86,161,171,171,188,188,262,262,237,237,53,53,72,100,100,32,32,32],"floor_reached":27,"playtime":955,"items_purged":[],"score":570,"play_id":"0a5e7e15-6fb3-4820-a937-25ec69240fee","local_time":"20190622220648","is_ascension_mode":true,"campfire_choices":[{"data":"Neutralize","floor":6.0,"key":"SMITH"},{"data":"Predator","floor":8.0,"key":"SMITH"},{"data":"Survivor","floor":15.0,"key":"SMITH"},{"data":"Doppelganger","floor":24.0,"key":"SMITH"}],"neow_cost":"NONE","seed_source_timestamp":261527808206800,"circlet_count":0,"master_deck":["AscendersBane","Defend_G","Defend_G","Defend_G","Defend_G","Defend_G","Strike_G","Strike_G","Survivor+1","Neutralize+1","Predator+1","Dagger Spray","PiercingWail","Slice","After Image","Blade Dance","Unload","Bouncing Flask","Ghostly","Ghostly","Ghostly","Doppelganger+1","Well Laid Plans"],"special_seed":0,"relics":["Ring of the Snake","NeowsBlessing","Ancient Tea Set","Dead Branch","The Courier","Sozu","Medical Kit","Meat on the Bone","Kunai"],"potions_floor_usage":[],"damage_taken":[{"damage":0.0,"enemies":"Jaw Worm","floor":1.0,"turns":1.0},{"damage":0.0,"enemies":"Lagavulin","floor":7.0,"turns":1.0},{"damage":0.0,"enemies":"3 Sentries","floor":10.0,"turns":2.0},{"damage":0.0,"enemies":"Small Slimes","floor":12.0,"turns":3.0},{"damage":0.0,"enemies":"2 Louse","floor":14.0,"turns":2.0},{"damage":32.0,"enemies":"The Guardian","floor":16.0,"turns":13.0},{"damage":12.0,"enemies":"2 Thieves","floor":18.0,"turns":4.0},{"damage":0.0,"enemies":"Chosen","floor":22.0,"turns":4.0},{"damage":27.0,"enemies":"Gremlin Leader","floor":23.0,"turns":9.0},{"damage":6,"enemies":"Snake Plant","floor":27,"turns":1}],"seed_played":"-5353573233537398714","potions_obtained":[{"floor":1.0,"key":"LiquidBronze"},{"floor":12.0,"key":"Strength Potion"}],"is_trial":false,"path_per_floor":["M","?","?","?","$","R","E","R","T","E","?","M","?","M","R","B",null,"M","?","$","?","M","E","R","$","T","M"],"character_chosen":"THE_SILENT","items_purchased":["Ancient Tea Set","Medical Kit","Well Laid Plans"],"campfire_rested":0,"item_purchase_floors":[5,20,25],"current_hp_per_floor":[59,59,59,59,59,59,59,59,59,59,48,48,48,48,48,16,54,42,42,42,33,33,6,6,6,6,0],"gold":32,"neow_bonus":"THREE_ENEMY_KILL","is_prod":false,"is_daily":false,"chose_seed":false,"campfire_upgraded":4,"win_rate":0,"timestamp":1561208808,"path_taken":["M","?","?","?","$","R","E","R","T","E","?","M","?","M","R","BOSS","M","?","$","?","M","E","R","$","T","M"],"build_version":"2019-01-23","purchased_purges":0,"victory":false,"max_hp_per_floor":[66,66,66,66,66,66,66,66,66,66,66,66,66,66,66,66,66,66,66,66,33,33,33,33,33,33,33],"card_choices":[{"not_picked":["Endless Agony","Sucker Punch"],"picked":"Predator","floor":1.0},{"not_picked":["Concentrate","Dagger Spray","Setup"],"picked":"SKIP","floor":7.0},{"not_picked":["Concentrate","Escape Plan"],"picked":"Dagger Spray","floor":10.0},{"not_picked":["Heel Hook","All Out Attack"],"picked":"PiercingWail","floor":12.0},{"not_picked":["Deadly Poison","Outmaneuver"],"picked":"Slice","floor":14.0},{"not_picked":["Malaise","Unload"],"picked":"After Image","floor":16.0},{"not_picked":["Acrobatics+1","PiercingWail"],"picked":"Blade Dance","floor":18.0},{"not_picked":["Underhanded Strike","Outmaneuver","Flying Knee"],"picked":"SKIP","floor":22.0},{"not_picked":["Underhanded Strike","Outmaneuver","Flying Knee"],"picked":"SKIP","floor":22.0},{"not_picked":["Tools of the Trade","Predator"],"picked":"Doppelganger","floor":23.0}],"player_experience":1003604,"relics_obtained":[{"floor":7.0,"key":"Dead Branch"},{"floor":10.0,"key":"The Courier"},{"floor":23.0,"key":"Meat on the Bone"},{"floor":26.0,"key":"Kunai"}],"event_choices":[{"cards_removed":["Strike_G"],"damage_healed":0.0,"max_hp_gain":0.0,"max_hp_loss":0.0,"gold_gain":0.0,"event_name":"The Cleric","player_choice":"Card Removal","floor":2.0,"gold_loss":75.0,"damage_taken":0.0},{"damage_healed":0.0,"max_hp_gain":0.0,"max_hp_loss":0.0,"gold_gain":150.0,"event_name":"Liars Game","player_choice":"AGREE","floor":3.0,"gold_loss":0.0,"damage_taken":0.0,"cards_obtained":["Doubt"]},{"cards_removed":["Doubt"],"damage_healed":0.0,"max_hp_gain":0.0,"max_hp_loss":0.0,"gold_gain":0.0,"event_name":"Living Wall","player_choice":"Forget","floor":4.0,"gold_loss":0.0,"damage_taken":0.0},{"damage_healed":0.0,"max_hp_gain":0.0,"max_hp_loss":0.0,"gold_gain":75.0,"event_name":"World of Goop","player_choice":"Gather Gold","floor":11.0,"gold_loss":0.0,"damage_taken":11.0},{"damage_healed":0.0,"max_hp_gain":0.0,"max_hp_loss":0.0,"gold_gain":0.0,"event_name":"Scrap Ooze","player_choice":"Fled","floor":13.0,"gold_loss":0.0,"damage_taken":0.0},{"damage_healed":0.0,"max_hp_gain":0.0,"max_hp_loss":0.0,"gold_gain":0.0,"cards_transformed":["Strike_G","Strike_G"],"event_name":"Drug Dealer","player_choice":"Became Test Subject","floor":19.0,"gold_loss":0.0,"damage_taken":0.0,"cards_obtained":["Unload","Bouncing Flask"]},{"damage_healed":0.0,"max_hp_gain":0.0,"max_hp_loss":33.0,"gold_gain":0.0,"event_name":"Ghosts","player_choice":"Became a Ghost","floor":21.0,"gold_loss":0.0,"damage_taken":0.0,"cards_obtained":["Ghostly","Ghostly","Ghostly"]}],"is_beta":false,"boss_relics":[{"not_picked":["Cursed Key","Ectoplasm"],"picked":"Sozu"}],"items_purged_floors":[],"is_endless":false,"potions_floor_spawned":[1,12,18,22],"killed_by":"Snake Plant","ascension_level":20}