{"gold_per_floor":[164,174,17,17,17,49,49,74,74,49,11,86,86],"floor_reached":13,"playtime":579,"items_purged":[],"score":93,"play_id":"cf0adc0f-7400-4f4d-ae6c-836547da981b","local_time":"20190218194332","is_ascension_mode":true,"campfire_choices":[{"floor":7,"key":"REST"}],"neow_cost":"NONE","seed_source_timestamp":138009526306199,"circlet_count":0,"master_deck":["Strike_B","Strike_B","Strike_B","Strike_B+1","Defend_B","Defend_B","Defend_B","Zap+1","Dualcast+1","Ball Lightning","Rebound","Beam Cell","Beam Cell","Ball Lightning","Ball Lightning","Rip and Tear"],"relics":["Tiny House","Happy Flower","Sundial","Oddly Smooth Stone","Ornamental Fan"],"potions_floor_usage":[13],"damage_taken":[{"damage":11,"enemies":"Jaw Worm","floor":1,"turns":3},{"damage":7,"enemies":"2 Louse","floor":2,"turns":3},{"damage":15,"enemies":"Gremlin Nob","floor":6,"turns":3},{"damage":29,"enemies":"3 Sentries","floor":8,"turns":7},{"damage":8,"enemies":"Lagavulin","floor":13,"turns":2}],"seed_played":"-3957241081990022156","potions_obtained":[{"floor":0,"key":"FearPotion"},{"floor":2,"key":"LiquidBronze"}],"is_trial":false,"path_per_floor":["M","M","$","?","?","E","R","E","T","$","$","?","E"],"character_chosen":"DEFECT","items_purchased":["Happy Flower","Ball Lightning","Rip and Tear"],"campfire_rested":1,"item_purchase_floors":[3,10,11],"current_hp_per_floor":[69,62,62,46,39,24,48,19,19,19,19,8,0],"gold":86,"neow_bonus":"BOSS_RELIC","is_prod":false,"is_daily":false,"chose_seed":false,"campfire_upgraded":0,"win_rate":0,"timestamp":1550519012,"path_taken":["M","M","$","?","?","E","R","E","T","?","$","?","E"],"build_version":"2019-01-23","purchased_purges":0,"victory":false,"max_hp_per_floor":[80,80,80,80,80,80,80,80,80,80,80,80,80],"card_choices":[{"not_picked":["Cold Snap","Compile Driver"],"picked":"Ball Lightning","floor":0},{"not_picked":["Recycle","Turbo"],"picked":"Rebound","floor":1},{"not_picked":["Streamline","Hologram"],"picked":"Beam Cell","floor":2},{"not_picked":["Leap","Sweeping Beam"],"picked":"Beam Cell","floor":6},{"not_picked":["Skim","Heatsinks"],"picked":"Ball Lightning","floor":8}],"player_experience":148580,"relics_obtained":[{"floor":6,"key":"Sundial"},{"floor":8,"key":"Oddly Smooth Stone"},{"floor":9,"key":"Ornamental Fan"}],"event_choices":[{"damage_healed":0,"gold_gain":0,"player_choice":"Entered Light","damage_taken":16,"max_hp_gain":0,"max_hp_loss":0,"event_name":"Shining Light","floor":4,"gold_loss":0,"cards_upgraded":["Strike_B","Dualcast"]},{"cards_removed":["Defend_B"],"damage_healed":0,"gold_gain":0,"player_choice":"Card Removal","damage_taken":7,"max_hp_gain":0,"max_hp_loss":0,"event_name":"Golden Wing","floor":5,"gold_loss":0},{"damage_healed":0,"gold_gain":75,"player_choice":"Gather Gold","damage_taken":11,"max_hp_gain":0,"max_hp_loss":0,"event_name":"World of Goop","floor":12,"gold_loss":0}],"is_beta":false,"boss_relics":[],"items_purged_floors":[],"is_endless":false,"potions_floor_spawned":[2],"killed_by":"Lagavulin","ascension_level":1}