{"gold_per_floor":[363,381,82,92,112,112,132,54,80,80,91,91,91,91,91,169,169,179,179,194,10,26,26,43,56,83,30,30,100,100,119,119,119],"floor_reached":33,"playtime":1772,"items_purged":["Strike_G","Defend_G"],"score":478,"play_id":"2303a311-524c-49b5-8070-d33b504cb591","local_time":"20190629022716","is_ascension_mode":true,"campfire_choices":[{"data":"Neutralize","floor":6.0,"key":"SMITH"},{"data":"Footwork","floor":13.0,"key":"SMITH"},{"data":"Predator","floor":15.0,"key":"SMITH"},{"data":"Hyperbeam","floor":23.0,"key":"SMITH"},{"data":"Footwork","floor":32.0,"key":"SMITH"}],"neow_cost":"PERCENT_DAMAGE","seed_source_timestamp":795064986120200,"circlet_count":0,"master_deck":["AscendersBane","Defend_G","Defend_G","Defend_G","Strike_G+1","Survivor","Neutralize+1","Predator+1","Footwork+1","Genetic Algorithm","Footwork+1","Steam","Hyperbeam+1","Flying Knee","Headbutt","Blur","Immolate","Deadly Poison+1","Blade Dance","Grand Finale"],"special_seed":0,"relics":["Ring of the Snake","PrismaticShard","Whetstone","Empty Cage","Juzu Bracelet","Ninja Scroll"],"potions_floor_usage":[33,33],"damage_taken":[{"damage":0.0,"enemies":"Small Slimes","floor":1.0,"turns":4.0},{"damage":11.0,"enemies":"Jaw Worm","floor":2.0,"turns":4.0},{"damage":1.0,"enemies":"2 Louse","floor":4.0,"turns":4.0},{"damage":15.0,"enemies":"Red Slaver","floor":5.0,"turns":5.0},{"damage":12.0,"enemies":"Exordium Thugs","floor":7.0,"turns":7.0},{"damage":0.0,"enemies":"2 Fungi Beasts","floor":11.0,"turns":4.0},{"damage":26.0,"enemies":"The Guardian","floor":16.0,"turns":21.0},{"damage":0.0,"enemies":"Chosen","floor":18.0,"turns":6.0},{"damage":21.0,"enemies":"Spheric Guardian","floor":20.0,"turns":6.0},{"damage":13.0,"enemies":"Snake Plant","floor":22.0,"turns":7.0},{"damage":6.0,"enemies":"Centurion and Healer","floor":24.0,"turns":9.0},{"damage":17.0,"enemies":"Shelled Parasite and Fungi","floor":25.0,"turns":9.0},{"damage":4.0,"enemies":"Chosen and Byrds","floor":31.0,"turns":3.0},{"damage":47,"enemies":"Champ","floor":33,"turns":18}],"seed_played":"-5699729187038594794","potions_obtained":[{"floor":2.0,"key":"Weak Potion"},{"floor":5.0,"key":"PowerPotion"},{"floor":11.0,"key":"Weak Potion"},{"floor":20.0,"key":"GhostInAJar"},{"floor":22.0,"key":"GhostInAJar"},{"floor":24.0,"key":"Regen Potion"}],"is_trial":false,"path_per_floor":["M","M","$","M","M","R","M","$","T","?","M","?","R","?","R","B",null,"M","?","M","$","M","R","M","M","T","$","?","T","?","M","R","B"],"character_chosen":"THE_SILENT","items_purchased":["PrismaticShard","Footwork","Blur","AttackPotion"],"campfire_rested":0,"item_purchase_floors":[3,8,21,27],"current_hp_per_floor":[44,33,33,32,17,17,5,5,5,27,27,27,27,27,27,1,50,50,76,55,55,42,42,36,34,34,34,34,34,34,30,30,0],"gold":119,"neow_bonus":"TWO_FIFTY_GOLD","is_prod":false,"is_daily":false,"chose_seed":false,"campfire_upgraded":5,"win_rate":0,"timestamp":1561742836,"path_taken":["M","M","$","M","M","R","M","$","T","?","M","?","R","?","R","BOSS","M","?","M","$","M","R","M","M","T","$","?","?","?","M","R","BOSS"],"build_version":"2019-01-23","purchased_purges":2,"victory":false,"max_hp_per_floor":[66,66,66,66,66,66,66,66,66,66,66,66,66,66,66,66,66,66,76,76,76,76,76,76,76,76,76,76,76,76,76,76,76],"card_choices":[{"not_picked":["Dagger Throw","Dagger Spray"],"picked":"Predator","floor":1.0},{"not_picked":["Sucker Punch","Backflip"],"picked":"Footwork","floor":2.0},{"not_picked":["Blind","Dodge and Roll"],"picked":"Genetic Algorithm","floor":4.0},{"not_picked":["Acrobatics","Outmaneuver","Sever Soul"],"picked":"SKIP","floor":5.0},{"not_picked":["Enlightenment","Clash"],"picked":"Reboot","floor":7.0},{"not_picked":["Poisoned Stab","Turbo"],"picked":"Steam","floor":11.0},{"not_picked":["Biased Cognition","Electrodynamics"],"picked":"Hyperbeam","floor":16.0},{"not_picked":["Havoc","Stack"],"picked":"Flying Knee","floor":18.0},{"not_picked":["Poisoned Stab","Dramatic Entrance"],"picked":"Headbutt","floor":20.0},{"not_picked":["Heavy Blade","Dual Wield"],"picked":"Immolate","floor":22.0},{"not_picked":["Skewer","Acrobatics"],"picked":"Deadly Poison","floor":24.0},{"not_picked":["Cold Snap","Skim","Ball Lightning"],"picked":"SKIP","floor":25.0},{"not_picked":["Cold Snap","Sucker Punch","Riddle With Holes"],"picked":"SKIP","floor":31.0}],"player_experience":1018360,"relics_obtained":[{"floor":9.0,"key":"Whetstone"},{"floor":26.0,"key":"Juzu Bracelet"},{"floor":29.0,"key":"Ninja Scroll"}],"event_choices":[{"damage_healed":22.0,"max_hp_gain":0.0,"max_hp_loss":0.0,"gold_gain":0.0,"event_name":"Big Fish","player_choice":"Banana","floor":10.0,"gold_loss":0.0,"damage_taken":0.0},{"damage_healed":0.0,"max_hp_gain":0.0,"max_hp_loss":0.0,"gold_gain":0.0,"event_name":"Golden Idol","player_choice":"Ignored","floor":12.0,"gold_loss":0.0,"damage_taken":0.0},{"damage_healed":0.0,"max_hp_gain":0.0,"max_hp_loss":0.0,"gold_gain":0.0,"event_name":"Scrap Ooze","player_choice":"Fled","floor":14.0,"gold_loss":0.0,"damage_taken":0.0},{"cards_removed":["Reboot"],"damage_healed":16.0,"max_hp_gain":10.0,"max_hp_loss":0.0,"gold_gain":0.0,"event_name":"Bonfire Elementals","player_choice":"Offered Rare","floor":19.0,"gold_loss":0.0,"damage_taken":0.0},{"damage_healed":0.0,"max_hp_gain":0.0,"max_hp_loss":0.0,"gold_gain":0.0,"event_name":"Upgrade Shrine","player_choice":"Upgraded","floor":28.0,"gold_loss":0.0,"damage_taken":0.0,"cards_upgraded":["Deadly Poison"]},{"damage_healed":0.0,"max_hp_gain":0.0,"max_hp_loss":0.0,"gold_gain":0.0,"cards_transformed":["Defend_G","Strike_G"],"event_name":"Drug Dealer","player_choice":"Became Test Subject","floor":30.0,"gold_loss":0.0,"damage_taken":0.0,"cards_obtained":["Blade Dance","Grand Finale"]}],"is_beta":false,"boss_relics":[{"not_picked":["Astrolabe","Pandora\u0027s Box"],"picked":"Empty Cage"}],"items_purged_floors":[3,21],"is_endless":false,"potions_floor_spawned":[2,5,11,20,22,24,31],"killed_by":"Champ","ascension_level":20}