{"gold_per_floor":[114,114,9,24,39,69,69,84,159,109,139,154,184,184,184,309,309,328,427,446,446,465,465,50,88,113,113,151,2,2,21,21,146,146,165,165,184,459,459],"floor_reached":39,"playtime":4191,"items_purged":[],"score":537,"play_id":"97345785-31ef-46c7-8355-4fbb85eb5c04","local_time":"20190221194645","daily_mods":["Heirloom","Time Dilation","Elite Swarm"],"is_ascension_mode":false,"campfire_choices":[{"data":"Deadly Poison","floor":7,"key":"SMITH"},{"data":"Catalyst","floor":15,"key":"SMITH"},{"data":"Night Terror","floor":23,"key":"SMITH"},{"floor":30,"key":"REST"},{"floor":32,"key":"REST"}],"neow_cost":"","seed_source_timestamp":390631169834000,"circlet_count":0,"master_deck":["Defend_G","Defend_G","Strike_G","Strike_G","Strike_G","Strike_G","Strike_G","Survivor","Neutralize","Deadly Poison+1","Adrenaline","Catalyst+1","Dagger Throw","Burst","Dodge and Roll","Prepared","Night Terror+1","Injury","A Thousand Cuts+1","Bane","Blur","Concentrate+1","Envenom+1","Mayhem+1","Escape Plan","Corpse Explosion","Necronomicurse","Adrenaline","Well Laid Plans+1","Flying Knee","Corpse Explosion","Deflect+1","Finisher","Quick Slash+1","Regret"],"special_seed":17948,"relics":["Ring of the Serpent","The Specimen","FossilizedHelix","Centennial Puzzle","Frozen Egg 2","Ancient Tea Set","Sundial","Golden Idol","The Courier","Art of War","Necronomicon","Nunchaku","Vajra","Black Star"],"potions_floor_usage":[6,13,16,16,25,28,33],"damage_taken":[{"damage":0,"enemies":"2 Louse","floor":1,"turns":3},{"damage":0,"enemies":"Cultist","floor":4,"turns":3},{"damage":0,"enemies":"Small Slimes","floor":5,"turns":3},{"damage":5,"enemies":"Lagavulin","floor":6,"turns":5},{"damage":0,"enemies":"2 Fungi Beasts","floor":8,"turns":2},{"damage":0,"enemies":"Gremlin Nob","floor":11,"turns":4},{"damage":0,"enemies":"Blue Slaver","floor":12,"turns":3},{"damage":6,"enemies":"3 Sentries","floor":13,"turns":7},{"damage":44,"enemies":"Slime Boss","floor":16,"turns":15},{"damage":0,"enemies":"Spheric Guardian","floor":18,"turns":3},{"damage":20,"enemies":"2 Thieves","floor":20,"turns":3},{"damage":20,"enemies":"Shelled Parasite and Fungi","floor":22,"turns":4},{"damage":27,"enemies":"Slavers","floor":25,"turns":3},{"damage":13,"enemies":"Gremlin Leader","floor":28,"turns":6},{"damage":0,"enemies":"Snake Plant","floor":31,"turns":3},{"damage":44,"enemies":"Collector","floor":33,"turns":5},{"damage":5,"enemies":"Orb Walker","floor":35,"turns":3},{"damage":47,"enemies":"3 Darklings","floor":37,"turns":3},{"damage":36,"enemies":"Sphere and 2 Shapes","floor":39,"turns":3}],"seed_played":"-5984108549789572650","potions_obtained":[{"floor":4,"key":"SteroidPotion"},{"floor":6,"key":"Weak Potion"},{"floor":12,"key":"Ancient Potion"},{"floor":13,"key":"Regen Potion"},{"floor":22,"key":"Regen Potion"},{"floor":25,"key":"SkillPotion"},{"floor":31,"key":"Poison Potion"},{"floor":33,"key":"SteroidPotion"},{"floor":35,"key":"SpeedPotion"},{"floor":37,"key":"SteroidPotion"}],"is_trial":false,"path_per_floor":["M","?","?","M","M","E","R","M","T","?","E","M","E","?","R","B",null,"M","?","M","?","M","R","$","E","T","?","E","$","R","M","R","B",null,"M","?","M","?","M"],"character_chosen":"THE_SILENT","items_purchased":["Envenom+1","Mayhem+1","Escape Plan","Vajra","Well Laid Plans+1"],"campfire_rested":2,"item_purchase_floors":[24,24,24,29,29],"current_hp_per_floor":[70,70,70,70,70,65,65,65,65,65,65,65,59,59,59,26,70,70,70,50,80,60,60,60,42,42,26,13,13,37,37,61,17,80,75,75,28,28,0],"gold":459,"neow_bonus":"","is_prod":false,"is_daily":true,"chose_seed":false,"campfire_upgraded":3,"win_rate":0,"timestamp":1550778405,"path_taken":["M","?","?","?","M","E","R","M","T","?","E","M","E","?","R","BOSS","M","?","M","?","?","R","$","E","T","?","E","$","R","M","R","BOSS","M","?","?","?","?"],"build_version":"2019-01-23","purchased_purges":0,"victory":false,"max_hp_per_floor":[70,70,70,70,70,70,70,70,70,70,70,70,70,70,70,70,70,70,70,70,80,80,80,80,80,80,80,80,80,80,80,80,80,80,80,80,80,80,80],"card_choices":[{"not_picked":["Concentrate","Escape Plan"],"picked":"Deadly Poison","floor":1},{"not_picked":["Sucker Punch","Distraction"],"picked":"Catalyst","floor":4},{"not_picked":["Outmaneuver","Underhanded Strike"],"picked":"Dagger Throw","floor":5},{"not_picked":["Glass Knife","Adrenaline"],"picked":"Burst","floor":6},{"not_picked":["Leg Sweep","Slice"],"picked":"Dodge and Roll","floor":8},{"not_picked":["Storm of Steel","Grand Finale"],"picked":"Malaise","floor":11},{"not_picked":["PiercingWail","Dagger Spray"],"picked":"Prepared","floor":12},{"not_picked":["Bullet Time","Burst"],"picked":"Night Terror","floor":13},{"not_picked":["Adrenaline","Malaise"],"picked":"A Thousand Cuts+1","floor":16},{"not_picked":["Slice","Expertise"],"picked":"Bane","floor":18},{"not_picked":["Slice","Infinite Blades+1"],"picked":"Blur","floor":20},{"not_picked":["Prepared+1","Calculated Gamble"],"picked":"Concentrate+1","floor":22},{"not_picked":["Doppelganger","Storm of Steel"],"picked":"Corpse Explosion","floor":25},{"not_picked":["Phantasmal Killer","Malaise"],"picked":"Adrenaline","floor":28},{"not_picked":["PiercingWail","Blur"],"picked":"Flying Knee","floor":31},{"not_picked":["Bullet Time","Doppelganger"],"picked":"Corpse Explosion","floor":33},{"not_picked":["Prepared","Dagger Throw"],"picked":"Deflect+1","floor":35},{"not_picked":["Slice","Acrobatics+1"],"picked":"Quick Slash+1","floor":37}],"player_experience":204014,"relics_obtained":[{"floor":6,"key":"Centennial Puzzle"},{"floor":9,"key":"Frozen Egg 2"},{"floor":11,"key":"Ancient Tea Set"},{"floor":13,"key":"Sundial"},{"floor":25,"key":"The Courier"},{"floor":26,"key":"Art of War"},{"floor":27,"key":"Necronomicon"},{"floor":28,"key":"Nunchaku"}],"event_choices":[{"damage_healed":0,"gold_gain":0,"cards_transformed":["Defend_G"],"player_choice":"Change","damage_taken":0,"max_hp_gain":0,"max_hp_loss":0,"event_name":"Living Wall","floor":2,"gold_loss":0,"cards_obtained":["Adrenaline"]},{"damage_healed":0,"gold_gain":0,"player_choice":"Paid Gold","damage_taken":0,"relics_obtained":["FossilizedHelix"],"max_hp_gain":0,"max_hp_loss":0,"event_name":"WeMeetAgain","floor":3,"gold_loss":105},{"cards_removed":["Defend_G"],"damage_healed":0,"gold_gain":0,"player_choice":"Card Removal","damage_taken":0,"max_hp_gain":0,"max_hp_loss":0,"event_name":"The Cleric","floor":10,"gold_loss":50},{"damage_healed":0,"gold_gain":0,"player_choice":"Take Wound","damage_taken":0,"relics_obtained":["Golden Idol"],"max_hp_gain":0,"max_hp_loss":0,"event_name":"Golden Idol","floor":14,"gold_loss":0,"cards_obtained":["Injury"]},{"damage_healed":0,"gold_gain":99,"player_choice":"Stole From Cult","damage_taken":0,"max_hp_gain":0,"max_hp_loss":0,"event_name":"Nest","floor":19,"gold_loss":0},{"cards_removed":["Malaise"],"damage_healed":20,"gold_gain":0,"player_choice":"Offered Rare","damage_taken":0,"max_hp_gain":10,"max_hp_loss":0,"event_name":"Bonfire Elementals","floor":21,"gold_loss":0},{"damage_healed":0,"gold_gain":0,"player_choice":"Obtained Book","damage_taken":16,"max_hp_gain":0,"max_hp_loss":0,"event_name":"Cursed Tome","floor":27,"gold_loss":0},{"damage_healed":0,"gold_gain":0,"cards_transformed":["Defend_G"],"player_choice":"Transformed","damage_taken":0,"max_hp_gain":0,"max_hp_loss":0,"event_name":"Transmorgrifier","floor":36,"gold_loss":0,"cards_obtained":["Finisher"]},{"damage_healed":0,"gold_gain":275,"player_choice":"Desecrate","damage_taken":0,"max_hp_gain":0,"max_hp_loss":0,"event_name":"Golden Shrine","floor":38,"gold_loss":0,"cards_obtained":["Regret"]}],"is_beta":false,"boss_relics":[{"not_picked":["Snecko Eye","Cursed Key"],"picked":"Ring of the Serpent"},{"not_picked":["Orrery","Velvet Choker"],"picked":"Black Star"}],"items_purged_floors":[],"is_endless":false,"potions_floor_spawned":[4,6,12,13,22,25,31,33,35,37],"killed_by":"Sphere and 2 Shapes","ascension_level":0}