{"gold_per_floor":[118,137,150,150,150,150,185,201,201,215,225,150,150,177,177,278,278,297,323,423,423,423,423,457,457,481,497,48,60,60,79,79,180,180,190,28,43,63,63,88,88,88,88,88,108,138,152,163,163,163],"floor_reached":51,"playtime":9512,"items_purged":["Strike_B","Strike_B","Defend_B"],"score":752,"play_id":"37f27580-4506-4265-910c-2634bd5d60ce","local_time":"20190625231112","is_ascension_mode":false,"campfire_choices":[{"data":"Dualcast","floor":6,"key":"SMITH"},{"data":"White Noise","floor":13,"key":"SMITH"},{"floor":15,"key":"REST"},{"floor":23,"key":"REST"},{"data":"Defragment","floor":25,"key":"SMITH"},{"floor":30,"key":"REST"},{"data":"Double Energy","floor":32,"key":"SMITH"},{"data":"Madness","floor":41,"key":"SMITH"},{"data":"Madness","floor":44,"key":"SMITH"},{"floor":49,"key":"REST"}],"neow_cost":"NONE","seed_source_timestamp":32032640066100,"circlet_count":0,"master_deck":["Defend_B","Defend_B","Defend_B","Zap","Dualcast+1","Loop+1","Creative AI","Hologram","Hologram","White Noise+1","Glacier","All For One","Gash","Defragment+1","BootSequence+1","Compile Driver","Reinforced Body","Capacitor","Gash+1","Skim","Heatsinks","Thinking Ahead","Double Energy+1","Scrape","Skim","Machine Learning","Force Field+1","Go for the Eyes+1","Glacier","Glacier","Coolheaded","Hologram+1","Madness+1","Madness+1","Force Field","Storm","Capacitor+1","Loop+1","Force Field","Double Energy+1"],"relics":["FrozenCore","Question Card","Pantograph","Odd Mushroom","Sozu","Red Mask","Prayer Wheel","Shuriken","Pen Nib","Lantern","Matryoshka","Gremlin Horn","Sundial","Ice Cream"],"potions_floor_usage":[7,14,14,16,19],"damage_taken":[{"damage":0,"enemies":"Small Slimes","floor":1,"turns":2},{"damage":1,"enemies":"Cultist","floor":2,"turns":3},{"damage":11,"enemies":"Jaw Worm","floor":3,"turns":3},{"damage":29,"enemies":"3 Sentries","floor":7,"turns":7},{"damage":7,"enemies":"Blue Slaver","floor":8,"turns":3},{"damage":5,"enemies":"Looter","floor":10,"turns":4},{"damage":15,"enemies":"2 Fungi Beasts","floor":11,"turns":5},{"damage":13,"enemies":"The Mushroom Lair","floor":14,"turns":3},{"damage":14,"enemies":"Slime Boss","floor":16,"turns":7},{"damage":6,"enemies":"Shell Parasite","floor":18,"turns":12},{"damage":39,"enemies":"Masked Bandits","floor":19,"turns":6},{"damage":5,"enemies":"Colosseum Slavers","floor":20,"turns":5},{"damage":28,"enemies":"Colosseum Nobs","floor":20,"turns":5},{"damage":18,"enemies":"Book of Stabbing","floor":24,"turns":11},{"damage":5,"enemies":"Spheric Guardian","floor":27,"turns":6},{"damage":1,"enemies":"Snake Plant","floor":29,"turns":5},{"damage":3,"enemies":"Centurion and Healer","floor":31,"turns":5},{"damage":15,"enemies":"Collector","floor":33,"turns":8},{"damage":1,"enemies":"3 Darklings","floor":35,"turns":5},{"damage":2,"enemies":"Orb Walker","floor":37,"turns":4},{"damage":0,"enemies":"Transient","floor":38,"turns":5},{"damage":3,"enemies":"Giant Head","floor":40,"turns":7},{"damage":5,"enemies":"3 Darklings","floor":45,"turns":7},{"damage":0,"enemies":"Nemesis","floor":46,"turns":7},{"damage":0,"enemies":"Sphere and 2 Shapes","floor":47,"turns":6},{"damage":20,"enemies":"Transient","floor":48,"turns":5},{"damage":19,"enemies":"Time Eater","floor":50,"turns":13}],"seed_played":"7215119787083601925","potions_obtained":[{"floor":1,"key":"Strength Potion"},{"floor":7,"key":"Fire Potion"},{"floor":8,"key":"Fire Potion"},{"floor":11,"key":"FocusPotion"},{"floor":16,"key":"SkillPotion"}],"is_trial":false,"path_per_floor":["M","M","M","?","?","R","E","M","T","M","M","$","R","?","R","B",null,"M","?","?","?","?","R","E","R","T","M","$","M","R","M","R","B",null,"M","$","M","M","?","E","R","?","T","R","M","E","M","M","R","B",null],"character_chosen":"DEFECT","items_purchased":["Flash of Steel","Heatsinks","Thinking Ahead","Glacier"],"campfire_rested":4,"item_purchase_floors":[28,28,28,36],"current_hp_per_floor":[82,81,70,70,70,70,41,34,34,29,14,14,14,1,25,36,82,76,37,4,4,4,28,10,10,10,5,5,4,28,25,25,35,82,81,81,79,79,69,66,66,66,66,66,61,61,61,41,65,63],"gold":163,"neow_bonus":"TEN_PERCENT_HP_BONUS","is_prod":false,"is_daily":false,"chose_seed":false,"campfire_upgraded":6,"win_rate":0.0,"timestamp":1561518672,"path_taken":["M","M","M","?","?","R","E","?","T","M","?","$","R","?","R","BOSS","M","?","?","?","?","R","E","R","T","M","$","M","R","M","R","BOSS","M","$","M","M","?","E","R","?","T","R","M","E","M","M","R","BOSS"],"build_version":"2019-01-23","purchased_purges":3,"victory":true,"max_hp_per_floor":[82,82,82,82,82,82,82,82,82,82,82,82,82,82,82,82,82,82,82,82,82,82,82,82,82,82,82,82,82,82,82,82,82,82,82,82,82,82,82,82,82,82,82,82,82,82,82,82,82,82],"card_choices":[{"not_picked":["Redo","Streamline"],"picked":"Loop","floor":1},{"not_picked":["Beam Cell","Doom and Gloom","Streamline"],"picked":"SKIP","floor":2},{"not_picked":["Compile Driver","Leap","Go for the Eyes"],"picked":"SKIP","floor":3},{"not_picked":["Steam","Redo"],"picked":"Creative AI","floor":7},{"not_picked":["Leap","Gash","Aggregate"],"picked":"Hologram","floor":8},{"not_picked":["Ball Lightning","Loop","Chaos"],"picked":"Hologram","floor":10},{"not_picked":["Gash","Steam","Compile Driver"],"picked":"White Noise","floor":11},{"not_picked":["Ball Lightning","Multi-Cast","Steam"],"picked":"Glacier","floor":14},{"not_picked":["Machine Learning","Fission","Creative AI"],"picked":"All For One","floor":16},{"not_picked":["Steam Power","Leap+1","Redo"],"picked":"Gash","floor":18},{"not_picked":["Sweeping Beam","Steam+1","Leap+1"],"picked":"Defragment","floor":19},{"not_picked":["FTL+1","Compile Driver","Hologram"],"picked":"BootSequence+1","floor":20},{"not_picked":["Biased Cognition","Genetic Algorithm","Electrodynamics"],"picked":"Capacitor","floor":24},{"not_picked":["Sweeping Beam+1","Genetic Algorithm","Barrage"],"picked":"Gash+1","floor":27},{"not_picked":["Streamline","Steam","Ball Lightning"],"picked":"Skim","floor":27},{"not_picked":["Beam Cell","Chaos","Streamline+1"],"picked":"Double Energy","floor":29},{"not_picked":["Aggregate","Beam Cell","Thunder Strike"],"picked":"Scrape","floor":29},{"not_picked":["Reprogram","FTL+1","Barrage"],"picked":"Skim","floor":31},{"not_picked":["Leap","Gash","Rip and Tear+1","Stack+1"],"picked":"SKIP","floor":31},{"not_picked":["Thunder Strike","Rainbow","Creative AI"],"picked":"Machine Learning","floor":33},{"not_picked":["Stack+1","Conserve Battery","Streamline"],"picked":"Force Field+1","floor":35},{"not_picked":["Sweeping Beam+1","Conserve Battery+1","Reprogram"],"picked":"Go for the Eyes+1","floor":35},{"not_picked":["Scrape","Redo","Leap"],"picked":"Glacier","floor":37},{"not_picked":["Auto Shields+1","Beam Cell","Consume","Reboot"],"picked":"SKIP","floor":37},{"not_picked":["Darkness","Steam","Go for the Eyes"],"picked":"Coolheaded","floor":38},{"not_picked":["Go for the Eyes+1","Stack","Cold Snap"],"picked":"Hologram+1","floor":38},{"not_picked":["Creative AI","Auto Shields+1","Go for the Eyes"],"picked":"Force Field","floor":40},{"not_picked":["Compile Driver+1","Steam","Leap+1"],"picked":"Storm","floor":45},{"not_picked":["Creative AI","Doom and Gloom+1","Auto Shields","Cold Snap"],"picked":"SKIP","floor":45},{"not_picked":["BootSequence+1","Steam Power+1","Aggregate"],"picked":"Capacitor+1","floor":46},{"not_picked":["Ball Lightning+1","Melter","Hello World+1"],"picked":"Loop+1","floor":47},{"not_picked":["Steam+1","Conserve Battery+1","Hologram+1"],"picked":"Force Field","floor":47},{"not_picked":["Streamline","Go for the Eyes+1","Conserve Battery+1"],"picked":"Double Energy+1","floor":48},{"not_picked":["Coolheaded","Redo","Chaos","Static Discharge+1"],"picked":"SKIP","floor":48}],"player_experience":16899,"relics_obtained":[{"floor":7,"key":"Question Card"},{"floor":9,"key":"Pantograph"},{"floor":14,"key":"Odd Mushroom"},{"floor":19,"key":"Red Mask"},{"floor":20,"key":"Prayer Wheel"},{"floor":20,"key":"Shuriken"},{"floor":24,"key":"Pen Nib"},{"floor":26,"key":"Lantern"},{"floor":40,"key":"Matryoshka"},{"floor":43,"key":"Gremlin Horn"},{"floor":43,"key":"Sundial"},{"floor":46,"key":"Ice Cream"}],"event_choices":[{"damage_healed":0,"gold_gain":0,"player_choice":"Ignored","damage_taken":0,"max_hp_gain":0,"max_hp_loss":0,"event_name":"Liars Game","floor":4,"gold_loss":0},{"damage_healed":0,"gold_gain":0,"player_choice":"Forge","damage_taken":0,"max_hp_gain":0,"max_hp_loss":0,"event_name":"Accursed Blacksmith","floor":5,"gold_loss":0,"cards_upgraded":["Loop"]},{"damage_healed":0,"gold_gain":0,"player_choice":"Fought Mushrooms","damage_taken":0,"max_hp_gain":0,"max_hp_loss":0,"event_name":"Mushrooms","floor":14,"gold_loss":0},{"damage_healed":0,"gold_gain":0,"player_choice":"Fought Bandits","damage_taken":0,"max_hp_gain":0,"max_hp_loss":0,"event_name":"Masked Bandits","floor":19,"gold_loss":0},{"damage_healed":0,"gold_gain":0,"player_choice":"Fight","damage_taken":0,"max_hp_gain":0,"max_hp_loss":0,"event_name":"Colosseum","floor":20,"gold_loss":0},{"damage_healed":0,"gold_gain":0,"player_choice":"Fought Nobs","damage_taken":0,"max_hp_gain":0,"max_hp_loss":0,"event_name":"Colosseum","floor":20,"gold_loss":0},{"damage_healed":0,"gold_gain":0,"player_choice":"Ignored","damage_taken":0,"max_hp_gain":0,"max_hp_loss":0,"event_name":"The Mausoleum","floor":21,"gold_loss":0},{"damage_healed":0,"gold_gain":0,"cards_transformed":["Strike_B","Strike_B"],"player_choice":"Became Test Subject","damage_taken":0,"max_hp_gain":0,"max_hp_loss":0,"event_name":"Drug Dealer","floor":22,"gold_loss":0,"cards_obtained":["Compile Driver","Reinforced Body"]},{"damage_healed":0,"gold_gain":0,"player_choice":"Embrace Madness","damage_taken":10,"max_hp_gain":0,"max_hp_loss":0,"event_name":"Winding Halls","floor":39,"gold_loss":0,"cards_obtained":["Madness","Madness"]},{"cards_removed":["Flash of Steel"],"damage_healed":0,"gold_gain":0,"player_choice":"Removed Attack","damage_taken":0,"max_hp_gain":0,"max_hp_loss":0,"event_name":"Falling","floor":42,"gold_loss":0}],"is_beta":false,"boss_relics":[{"not_picked":["Velvet Choker","Orrery"],"picked":"Sozu"},{"not_picked":["Empty Cage","Busted Crown"],"picked":"FrozenCore"}],"items_purged_floors":[12,28,36],"is_endless":false,"potions_floor_spawned":[1,7,8,11,16,18,20,24,33,38,45,46,47],"ascension_level":0}