{"gold_per_floor":[114,129,129,20,30,60,60,95,119,49,26,26,43,43,43,43],"floor_reached":16,"playtime":1302,"items_purged":["Strike_R"],"score":108,"play_id":"5a8c3114-045b-4e2f-9832-7125ecbce1a3","local_time":"20181016165141","is_ascension_mode":false,"campfire_choices":[{"data":"Double Tap","floor":7,"key":"SMITH"},{"data":"Cleave","floor":12,"key":"SMITH"},{"data":"Iron Wave","floor":15,"key":"SMITH"}],"neow_cost":"","seed_source_timestamp":539687415387150,"circlet_count":0,"master_deck":["Strike_R","Strike_R","Strike_R","Strike_R","Defend_R","Defend_R","Defend_R","Defend_R","Bash","Headbutt","Sever Soul","Metallicize","Flame Barrier","Double Tap+1","Iron Wave+1","Pummel","Cleave+1","Iron Wave"],"relics":["Burning Blood","Boot","Oddly Smooth Stone","Bottled Flame","Ancient Tea Set"],"potions_floor_usage":[],"damage_taken":[{"damage":2,"enemies":"Small Slimes","floor":1,"turns":4},{"damage":7,"enemies":"2 Louse","floor":2,"turns":4},{"damage":1,"enemies":"Cultist","floor":5,"turns":4},{"damage":38,"enemies":"Gremlin Nob","floor":6,"turns":6},{"damage":15,"enemies":"3 Sentries","floor":8,"turns":8},{"damage":1,"enemies":"Red Slaver","floor":13,"turns":3},{"damage":43,"enemies":"The Guardian","floor":16,"turns":7}],"seed_played":"-4683159421323866144","potions_obtained":[{"floor":6,"key":"LiquidBronze"},{"floor":8,"key":"Dexterity Potion"},{"floor":13,"key":"SteroidPotion"}],"is_trial":false,"path_per_floor":["M","M","?","$","M","E","R","E","T","$","$","R","M","$","R"],"character_chosen":"IRONCLAD","items_purchased":["Metallicize","Pummel","Cleave"],"campfire_rested":0,"item_purchase_floors":[4,10,11],"current_hp_per_floor":[80,79,61,61,66,34,34,25,25,25,25,25,30,30,30,0],"gold":43,"neow_bonus":"","is_prod":false,"is_daily":false,"chose_seed":false,"campfire_upgraded":3,"win_rate":0.0,"timestamp":1539723101,"path_taken":["M","M","?","$","M","E","R","E","T","?","$","R","M","$","R","BOSS"],"build_version":"2018-10-11","purchased_purges":1,"victory":false,"max_hp_per_floor":[80,80,80,80,80,80,80,80,80,80,80,80,80,80,80,80],"card_choices":[{"not_picked":["Clash","Flex"],"picked":"Headbutt","floor":1},{"not_picked":["Spot Weakness","Clothesline"],"picked":"Sever Soul","floor":2},{"not_picked":["Perfected Strike","Cleave"],"picked":"Flame Barrier","floor":5},{"not_picked":["Sword Boomerang","Carnage"],"picked":"Double Tap","floor":6},{"not_picked":["Thunderclap","Metallicize"],"picked":"Iron Wave","floor":8},{"not_picked":["Heavy Blade","Cleave"],"picked":"Iron Wave","floor":13}],"player_experience":31972,"relics_obtained":[{"floor":6,"key":"Oddly Smooth Stone"},{"floor":8,"key":"Bottled Flame"},{"floor":9,"key":"Ancient Tea Set"}],"event_choices":[{"event_name":"Scrap Ooze","player_choice":"success","floor":3,"damage_taken":18}],"is_beta":false,"boss_relics":[],"items_purged_floors":[4],"is_endless":false,"potions_floor_spawned":[6,8,13],"killed_by":"The Guardian","ascension_level":0}