{"gold_per_floor":[111,286,298,298,198,198,213,213,213,224,224,250,250,268,268,365,365,375,386,386,386],"floor_reached":21,"playtime":1279,"items_purged":["Doubt"],"score":179,"play_id":"1353c725-2fe2-4be5-b154-53df6e91952a","local_time":"20181022192436","is_ascension_mode":false,"campfire_choices":[{"data":"Barricade","floor":6,"key":"SMITH"},{"data":"True Grit","floor":8,"key":"SMITH"},{"data":"Strike_R","floor":11,"key":"PURGE"},{"data":"Metallicize","floor":13,"key":"SMITH"},{"data":"Iron Wave","floor":15,"key":"SMITH"}],"neow_cost":"NONE","seed_source_timestamp":1067292312374040,"circlet_count":0,"master_deck":["Strike_R","Strike_R","Strike_R","Strike_R","Defend_R","Defend_R","Bash","Barricade+1","Cleave","Iron Wave+1","True Grit+1","Metallicize+1","Flex","Seeing Red","Heavy Blade","Berserk","Warcry","Body Slam"],"relics":["Burning Blood","Oddly Smooth Stone","Sozu","Nloth\u0027s Gift"],"potions_floor_usage":[12,12,12,16,16,16],"damage_taken":[{"damage":7,"enemies":"Small Slimes","floor":1,"turns":6},{"damage":14,"enemies":"Jaw Worm","floor":3,"turns":8},{"damage":0,"enemies":"Cultist","floor":7,"turns":3},{"damage":12,"enemies":"Looter","floor":10,"turns":5},{"damage":22,"enemies":"Gremlin Nob","floor":12,"turns":5},{"damage":12,"enemies":"Large Slime","floor":14,"turns":7},{"damage":15,"enemies":"Slime Boss","floor":16,"turns":18},{"damage":25,"enemies":"Spheric Guardian","floor":18,"turns":6},{"damage":31,"enemies":"Shell Parasite","floor":19,"turns":6},{"damage":41,"enemies":"Sentry and Sphere","floor":21,"turns":5}],"seed_played":"5952867884644170410","potions_obtained":[{"floor":1,"key":"Poison Potion"},{"floor":10,"key":"EntropicBrew"},{"floor":12,"key":"Energy Potion"},{"floor":14,"key":"EssenceOfSteel"}],"is_trial":false,"path_per_floor":["M","?","M","?","$","R","M","R","T","M","R","E","R","M","R","B",null,"M","M","?"],"character_chosen":"IRONCLAD","items_purchased":["True Grit"],"campfire_rested":0,"item_purchase_floors":[5],"current_hp_per_floor":[79,79,71,71,71,71,77,77,77,71,71,55,55,49,49,40,80,61,36,36,0],"gold":386,"neow_bonus":"TRANSFORM_CARD","is_prod":false,"is_daily":false,"chose_seed":false,"campfire_upgraded":4,"win_rate":0.0,"timestamp":1540250676,"path_taken":["M","?","M","?","$","R","M","R","T","?","R","E","R","M","R","BOSS","M","M","?","M"],"build_version":"2018-10-18","purchased_purges":1,"victory":false,"max_hp_per_floor":[80,80,80,80,80,80,80,80,80,80,80,80,80,80,80,80,80,80,80,80,80],"card_choices":[{"not_picked":["Disarm","Ghostly Armor"],"picked":"Cleave","floor":1},{"not_picked":["Body Slam","Cleave"],"picked":"Iron Wave","floor":3},{"not_picked":["Thunderclap","Iron Wave"],"picked":"Metallicize","floor":7},{"not_picked":["Thunderclap","Pummel"],"picked":"Flex","floor":10},{"not_picked":["Clash","Blood for Blood"],"picked":"Seeing Red","floor":12},{"not_picked":["Armaments","True Grit"],"picked":"Heavy Blade","floor":14},{"not_picked":["Dark Embrace","Bludgeon"],"picked":"Berserk","floor":16},{"not_picked":["Sword Boomerang","Clothesline"],"picked":"Warcry","floor":18},{"not_picked":["Warcry","Pommel Strike+1"],"picked":"Body Slam","floor":19}],"player_experience":54599,"relics_obtained":[{"floor":9,"key":"Peace Pipe"},{"floor":12,"key":"Oddly Smooth Stone"}],"event_choices":[{"damage_healed":0,"gold_gain":175,"player_choice":"AGREE","damage_taken":0,"max_hp_gain":0,"max_hp_loss":0,"event_name":"Liars Game","floor":2,"gold_loss":0,"cards_obtained":["Doubt"]},{"cards_removed":["Defend_R"],"damage_healed":0,"gold_gain":0,"player_choice":"Forget","damage_taken":0,"max_hp_gain":0,"max_hp_loss":0,"event_name":"Living Wall","floor":4,"gold_loss":0},{"damage_healed":0,"gold_gain":0,"player_choice":"Traded Relic","damage_taken":0,"relics_obtained":["Nloth\u0027s Gift"],"max_hp_gain":0,"max_hp_loss":0,"event_name":"N\u0027loth","floor":20,"relics_lost":["Peace Pipe"],"gold_loss":0}],"is_beta":false,"boss_relics":[{"not_picked":["Philosopher\u0027s Stone","Astrolabe"],"picked":"Sozu"}],"items_purged_floors":[5],"is_endless":false,"potions_floor_spawned":[1,10,12,14,19],"killed_by":"Sentry and Sphere","ascension_level":0}