{"gold_per_floor":[110,53,53,71,86,86,116,266,266,280,295,3,3,16,16,88,88,102,118,138,138,156,156,156,156],"floor_reached":25,"playtime":1777,"items_purged":[],"score":410,"play_id":"22a41383-cac1-42a4-a71f-636f999a4eeb","local_time":"20190623214511","is_ascension_mode":true,"campfire_choices":[{"data":"Neutralize","floor":6,"key":"SMITH"},{"floor":15,"key":"REST"},{"floor":23,"key":"REST"}],"neow_cost":"NONE","seed_source_timestamp":346614303780200,"circlet_count":0,"master_deck":["AscendersBane","Defend_G","Defend_G","Defend_G","Defend_G","Defend_G","Strike_G","Strike_G","Strike_G","Survivor","Neutralize+1","PiercingWail","Dagger Throw","Underhanded Strike","Dodge and Roll","A Thousand Cuts","Doubt","Deflect","Noxious Fumes","Footwork","Flying Knee","Concentrate","Grand Finale","Acrobatics","Expertise","Blur+1","A Thousand Cuts","Cloak And Dagger","Eviscerate+1","Ghostly","Ghostly","Ghostly"],"relics":["Runic Pyramid","Letter Opener","Paper Crane","Vajra","HoveringKite"],"potions_floor_usage":[7,7,11,22,25],"damage_taken":[{"damage":5,"enemies":"2 Louse","floor":1,"turns":3},{"damage":2,"enemies":"Small Slimes","floor":4,"turns":5},{"damage":3,"enemies":"Jaw Worm","floor":5,"turns":4},{"damage":30,"enemies":"Gremlin Nob","floor":7,"turns":5},{"damage":0,"enemies":"2 Fungi Beasts","floor":10,"turns":4},{"damage":17,"enemies":"Exordium Thugs","floor":11,"turns":6},{"damage":20,"enemies":"Gremlin Gang","floor":14,"turns":7},{"damage":5,"enemies":"Slime Boss","floor":16,"turns":10},{"damage":21,"enemies":"Chosen","floor":18,"turns":6},{"damage":25,"enemies":"Shell Parasite","floor":19,"turns":10},{"damage":0,"enemies":"Snecko","floor":20,"turns":6},{"damage":7,"enemies":"Centurion and Healer","floor":22,"turns":9},{"damage":47,"enemies":"Cultist and Chosen","floor":25,"turns":12}],"seed_played":"5709687624526001975","potions_obtained":[{"floor":4,"key":"Ancient Potion"},{"floor":5,"key":"Strength Potion"},{"floor":7,"key":"EssenceOfSteel"},{"floor":10,"key":"Regen Potion"},{"floor":19,"key":"GhostInAJar"},{"floor":22,"key":"FairyPotion"}],"is_trial":false,"path_per_floor":["M","$","?","M","M","R","E","?","T","M","M","$","?","M","R","B",null,"M","M","M","?","M","R","?","M"],"character_chosen":"THE_SILENT","items_purchased":["Dagger Throw","Footwork","Vajra","Flying Knee"],"campfire_rested":2,"item_purchase_floors":[2,12,12,12],"current_hp_per_floor":[54,54,59,57,54,54,24,24,24,24,21,21,21,1,22,17,58,37,12,12,12,5,26,26,0],"gold":156,"neow_bonus":"BOSS_RELIC","is_prod":false,"is_daily":false,"chose_seed":false,"campfire_upgraded":1,"win_rate":0,"timestamp":1561293911,"path_taken":["M","$","?","M","M","R","E","?","T","M","M","$","?","M","R","BOSS","M","M","M","?","M","R","?","M"],"build_version":"2019-01-23","purchased_purges":0,"victory":false,"max_hp_per_floor":[66,66,71,71,71,71,71,71,71,71,71,71,71,71,71,71,71,71,71,71,71,71,71,35,35],"card_choices":[{"not_picked":["Dagger Throw","Bane"],"picked":"PiercingWail","floor":1},{"not_picked":["Bane","Infinite Blades"],"picked":"Underhanded Strike","floor":4},{"not_picked":["Blade Dance","Backflip"],"picked":"Dodge and Roll","floor":5},{"not_picked":["Underhanded Strike","Catalyst"],"picked":"A Thousand Cuts","floor":7},{"not_picked":["Dodge and Roll","Underhanded Strike"],"picked":"Deflect","floor":10},{"not_picked":["Deflect","Catalyst"],"picked":"Noxious Fumes","floor":11},{"not_picked":["Heel Hook","Poisoned Stab"],"picked":"Concentrate","floor":14},{"not_picked":["Die Die Die","Corpse Explosion"],"picked":"Grand Finale","floor":16},{"not_picked":["Leg Sweep","Choke"],"picked":"Acrobatics","floor":18},{"not_picked":["Terror+1","Setup"],"picked":"Expertise","floor":19},{"not_picked":["PiercingWail","Bouncing Flask+1"],"picked":"Blur+1","floor":20},{"not_picked":["Dodge and Roll","Bouncing Flask","Eviscerate+1"],"picked":"SKIP","floor":22},{"not_picked":["Dodge and Roll","Bouncing Flask"],"picked":"Eviscerate+1","floor":22}],"player_experience":1011691,"relics_obtained":[{"floor":7,"key":"Letter Opener"},{"floor":9,"key":"Paper Crane"}],"event_choices":[{"damage_healed":0,"gold_gain":0,"player_choice":"Donut","damage_taken":0,"max_hp_gain":5,"max_hp_loss":0,"event_name":"Big Fish","floor":3,"gold_loss":0},{"damage_healed":0,"gold_gain":150,"player_choice":"AGREE","damage_taken":0,"max_hp_gain":0,"max_hp_loss":0,"event_name":"Liars Game","floor":8,"gold_loss":0,"cards_obtained":["Doubt"]},{"damage_healed":0,"gold_gain":0,"player_choice":"Ignored","damage_taken":0,"max_hp_gain":0,"max_hp_loss":0,"event_name":"Golden Idol","floor":13,"gold_loss":0},{"damage_healed":0,"gold_gain":0,"cards_transformed":["Strike_G","Strike_G"],"player_choice":"Became Test Subject","damage_taken":0,"max_hp_gain":0,"max_hp_loss":0,"event_name":"Drug Dealer","floor":21,"gold_loss":0,"cards_obtained":["A Thousand Cuts","Cloak And Dagger"]},{"damage_healed":0,"gold_gain":0,"player_choice":"Became a Ghost","damage_taken":0,"max_hp_gain":0,"max_hp_loss":36,"event_name":"Ghosts","floor":24,"gold_loss":0,"cards_obtained":["Ghostly","Ghostly","Ghostly"]}],"is_beta":false,"boss_relics":[{"not_picked":["Velvet Choker","Busted Crown"],"picked":"HoveringKite"}],"items_purged_floors":[],"is_endless":false,"potions_floor_spawned":[4,5,7,10,19,22],"killed_by":"Cultist and Chosen","ascension_level":20}