{"gold_per_floor":[13,26,41,58,6,41,41,74,97,154,154,119,135,148,148,148],"floor_reached":16,"playtime":726,"items_purged":[],"score":140,"play_id":"68ba6eca-6233-46a3-bdf5-93db2a96fcd7","local_time":"20181124145716","is_ascension_mode":true,"campfire_choices":[{"data":"Armaments","floor":7,"key":"SMITH"},{"data":"Havoc","floor":15,"key":"SMITH"}],"neow_cost":"NO_GOLD","seed_source_timestamp":760257528833092,"circlet_count":0,"master_deck":["Strike_R","Strike_R","Strike_R","Strike_R","Strike_R","Defend_R","Defend_R","Defend_R","Defend_R","Bash+1","Flame Barrier","Twin Strike","Anger+1","Impervious","Armaments+1","Thunderclap","Reaper","Anger","Havoc+1"],"relics":["Burning Blood","Dead Branch","Sundial","Strawberry","Ancient Tea Set","Tiny Chest"],"potions_floor_usage":[10,10,16],"damage_taken":[{"damage":1,"enemies":"Cultist","floor":1,"turns":3},{"damage":2,"enemies":"2 Louse","floor":2,"turns":3},{"damage":0,"enemies":"Small Slimes","floor":3,"turns":3},{"damage":1,"enemies":"Exordium Wildlife","floor":4,"turns":4},{"damage":39,"enemies":"Lagavulin","floor":6,"turns":11},{"damage":34,"enemies":"3 Sentries","floor":8,"turns":9},{"damage":14,"enemies":"Lagavulin","floor":10,"turns":6},{"damage":10,"enemies":"Lots of Slimes","floor":13,"turns":3},{"damage":23,"enemies":"Gremlin Gang","floor":14,"turns":7},{"damage":44,"enemies":"Slime Boss","floor":16,"turns":5}],"seed_played":"2972196386849611927","potions_obtained":[{"floor":1,"key":"Ancient Potion"},{"floor":4,"key":"Weak Potion"},{"floor":8,"key":"Dexterity Potion"},{"floor":10,"key":"BloodPotion"}],"is_trial":false,"path_per_floor":["M","M","M","M","$","E","R","E","T","E","?","?","M","M","R","B"],"character_chosen":"IRONCLAD","items_purchased":["Armaments"],"campfire_rested":0,"item_purchase_floors":[5],"current_hp_per_floor":[80,80,80,80,80,47,47,26,26,18,1,22,46,29,29,0],"gold":148,"neow_bonus":"ONE_RARE_RELIC","is_prod":false,"is_daily":false,"chose_seed":false,"campfire_upgraded":2,"win_rate":0,"timestamp":1543089436,"path_taken":["M","?","M","M","?","E","R","E","T","E","?","?","M","M","R","BOSS"],"build_version":"2018-11-15","purchased_purges":0,"victory":false,"max_hp_per_floor":[80,80,80,80,80,80,80,87,87,87,87,87,87,87,87,87],"card_choices":[{"not_picked":["Rampage","Armaments"],"picked":"Flame Barrier","floor":1},{"not_picked":["Iron Wave","Heavy Blade"],"picked":"Twin Strike","floor":2},{"not_picked":["Sword Boomerang","Wild Strike"],"picked":"Anger","floor":3},{"not_picked":["Clash","Clothesline"],"picked":"Impervious","floor":4},{"not_picked":["Burning Pact","Perfected Strike"],"picked":"Thunderclap","floor":6},{"not_picked":["Flame Barrier","Headbutt","Blood for Blood"],"picked":"SKIP","floor":8},{"not_picked":["Pommel Strike","Rage"],"picked":"Reaper","floor":10},{"not_picked":["Pommel Strike","Combust"],"picked":"Anger","floor":13},{"not_picked":["Anger","Burning Pact"],"picked":"Havoc","floor":14}],"player_experience":161927,"relics_obtained":[{"floor":6,"key":"Sundial"},{"floor":8,"key":"Strawberry"},{"floor":9,"key":"Ancient Tea Set"},{"floor":10,"key":"Tiny Chest"}],"event_choices":[{"damage_healed":0,"gold_gain":0,"player_choice":"Entered Light","damage_taken":17,"max_hp_gain":0,"max_hp_loss":0,"event_name":"Shining Light","floor":11,"gold_loss":0,"cards_upgraded":["Bash","Anger"]},{"damage_healed":21,"gold_gain":0,"player_choice":"Healed","damage_taken":0,"max_hp_gain":0,"max_hp_loss":0,"event_name":"The Cleric","floor":12,"gold_loss":35}],"is_beta":false,"boss_relics":[],"items_purged_floors":[],"is_endless":false,"potions_floor_spawned":[1,4,8,10],"killed_by":"Slime Boss","ascension_level":3}