{"gold_per_floor":[109,125,144,144,94,94,122,132,132,132,132,132,143,68,68,68],"floor_reached":16,"playtime":911,"items_purged":["Strike_R"],"score":100,"play_id":"2df144c3-9fa1-4af2-9e88-1dc024b90eaf","local_time":"20181016172107","is_ascension_mode":false,"campfire_choices":[{"data":"True Grit","floor":6,"key":"SMITH"},{"data":"Whirlwind","floor":11,"key":"SMITH"},{"floor":15,"key":"REST"}],"neow_cost":"","seed_source_timestamp":541844843870899,"circlet_count":0,"master_deck":["Strike_R+1","Strike_R+1","Defend_R","Defend_R","Defend_R","Defend_R","Bash","Thunderclap","True Grit+1","Uppercut","Whirlwind+1","Entrench","Shrug It Off"],"relics":["Burning Blood","Ancient Tea Set","Centennial Puzzle"],"potions_floor_usage":[],"damage_taken":[{"damage":9,"enemies":"Jaw Worm","floor":1,"turns":5},{"damage":1,"enemies":"2 Louse","floor":2,"turns":3},{"damage":12,"enemies":"Small Slimes","floor":3,"turns":6},{"damage":51,"enemies":"Lagavulin","floor":7,"turns":13},{"damage":12,"enemies":"Red Slaver","floor":8,"turns":5},{"damage":0,"enemies":"3 Louse","floor":13,"turns":2},{"damage":38,"enemies":"Hexaghost","floor":16,"turns":14}],"seed_played":"-2735459284808867583","potions_obtained":[{"floor":2,"key":"Regen Potion"},{"floor":7,"key":"EssenceOfSteel"},{"floor":13,"key":"Weak Potion"}],"is_trial":false,"path_per_floor":["M","M","M","?","?","R","E","M","T","?","R","?","M","$","R"],"character_chosen":"IRONCLAD","items_purchased":[],"campfire_rested":1,"item_purchase_floors":[],"current_hp_per_floor":[77,80,74,58,58,58,13,7,7,7,7,4,10,10,34,0],"gold":68,"neow_bonus":"","is_prod":false,"is_daily":false,"chose_seed":false,"campfire_upgraded":2,"win_rate":0.0,"timestamp":1539724867,"path_taken":["M","M","M","?","?","R","E","?","T","?","R","?","M","$","R","BOSS"],"build_version":"2018-10-11","purchased_purges":1,"victory":false,"max_hp_per_floor":[80,80,80,80,80,80,80,80,80,80,80,80,80,80,80,80],"card_choices":[{"not_picked":["Clothesline","Headbutt"],"picked":"Thunderclap","floor":1},{"not_picked":["Anger","Searing Blow"],"picked":"True Grit","floor":2},{"not_picked":["Spot Weakness","Warcry"],"picked":"Uppercut","floor":3},{"not_picked":["Blood for Blood","Twin Strike"],"picked":"Whirlwind","floor":7},{"not_picked":["Clothesline","Cleave"],"picked":"Entrench","floor":8},{"not_picked":["Clash","Thunderclap"],"picked":"Shrug It Off","floor":13}],"player_experience":34074,"relics_obtained":[{"floor":7,"key":"Ancient Tea Set"},{"floor":9,"key":"Centennial Puzzle"}],"event_choices":[{"event_name":"Shining Light","player_choice":"Entered Light","floor":4,"damage_taken":0},{"event_name":"The Cleric","player_choice":"Card Removal","floor":5,"damage_taken":0},{"event_name":"Bonfire Elementals","player_choice":"BASIC","floor":10,"damage_taken":0},{"event_name":"Scrap Ooze","player_choice":"unsuccessful","floor":12,"damage_taken":3}],"is_beta":false,"boss_relics":[],"items_purged_floors":[14],"is_endless":false,"potions_floor_spawned":[2,7,13],"killed_by":"Hexaghost","ascension_level":0}