{"gold_per_floor":[112,112,129,141,154,182,197,197],"floor_reached":8,"playtime":457,"items_purged":[],"score":69,"play_id":"a2316ba3-e530-452c-82db-c543f2e92917","local_time":"20190328232013","is_ascension_mode":true,"campfire_choices":[],"neow_cost":"NONE","seed_source_timestamp":2357257682097200,"circlet_count":0,"master_deck":["Defend_G","Defend_G","Defend_G","Defend_G","Defend_G","Strike_G","Strike_G","Strike_G","Strike_G","Strike_G","Survivor","Neutralize","Finisher","Poisoned Stab","Poisoned Stab","Bouncing Flask","Infinite Blades","Choke"],"relics":["Ring of the Snake","NeowsBlessing","Incense Burner"],"potions_floor_usage":[6,6],"damage_taken":[{"damage":0,"enemies":"2 Louse","floor":1,"turns":1},{"damage":0,"enemies":"Cultist","floor":3,"turns":1},{"damage":0,"enemies":"Jaw Worm","floor":4,"turns":1},{"damage":10,"enemies":"Red Slaver","floor":5,"turns":2},{"damage":20,"enemies":"Lagavulin","floor":6,"turns":4},{"damage":17,"enemies":"Exordium Wildlife","floor":7,"turns":5},{"damage":23,"enemies":"3 Sentries","floor":8,"turns":4}],"seed_played":"-6010273032277931921","potions_obtained":[{"floor":1,"key":"PowerPotion"},{"floor":3,"key":"Energy Potion"}],"is_trial":false,"path_per_floor":["M","?","M","M","M","E","M","E"],"character_chosen":"THE_SILENT","items_purchased":[],"campfire_rested":0,"item_purchase_floors":[],"current_hp_per_floor":[70,70,70,70,60,40,23,0],"gold":197,"neow_bonus":"THREE_ENEMY_KILL","is_prod":false,"is_daily":false,"chose_seed":false,"campfire_upgraded":0,"win_rate":0,"timestamp":1553815213,"path_taken":["M","?","M","M","?","E","M","E"],"build_version":"2019-01-23","purchased_purges":0,"victory":false,"max_hp_per_floor":[70,70,70,70,70,70,70,70],"card_choices":[{"not_picked":["Underhanded Strike","Choke"],"picked":"Finisher","floor":1},{"not_picked":["Acrobatics","Bane"],"picked":"Poisoned Stab","floor":3},{"not_picked":["Sucker Punch","Acrobatics"],"picked":"Poisoned Stab","floor":4},{"not_picked":["Bane","Heel Hook"],"picked":"Bouncing Flask","floor":5},{"not_picked":["Slice","Blade Dance"],"picked":"Infinite Blades","floor":6},{"not_picked":["Eviscerate","Dodge and Roll"],"picked":"Choke","floor":7}],"player_experience":403642,"relics_obtained":[{"floor":6,"key":"Incense Burner"}],"event_choices":[{"damage_healed":0,"gold_gain":0,"player_choice":"Ignored","damage_taken":0,"max_hp_gain":0,"max_hp_loss":0,"event_name":"Purifier","floor":2,"gold_loss":0}],"is_beta":false,"boss_relics":[],"items_purged_floors":[],"is_endless":false,"potions_floor_spawned":[1,3],"killed_by":"3 Sentries","ascension_level":3}