{"gold_per_floor":[117,132,132,13,23,49,49,73,73,107,207,219,244,257,257,357,357,371,381,381,401,415,445,464,464,464,77,77,112,130,165,165,270,270,290,310,326,28,42,69,89,89,112,146,146,146,50,0,0,0,0,0,0,31,31],"floor_reached":56,"playtime":3492,"items_purged":[],"score":1509,"play_id":"1454d400-a025-4b12-b2a7-dd2712e9a790","local_time":"20190404155015","is_ascension_mode":true,"campfire_choices":[{"floor":15,"key":"REST"},{"floor":25,"key":"REST"},{"floor":32,"key":"RECALL"},{"floor":42,"key":"REST"},{"data":"Chill","floor":45,"key":"SMITH"},{"data":"Amplify","floor":49,"key":"SMITH"},{"data":"Biased Cognition","floor":52,"key":"SMITH"}],"neow_cost":"NONE","seed_source_timestamp":167042417171200,"circlet_count":0,"master_deck":["Strike_B","Strike_B","Strike_B","Strike_B","Defend_B","Defend_B","Defend_B+1","Zap+1","Dualcast","Biased Cognition+1","Loop+1","Self Repair","Storm+1","Ball Lightning","Heatsinks","Turbo","Melter","Turbo","Coolheaded","Doom and Gloom","Biased Cognition+1","Static Discharge+1","Conserve Battery","Compile Driver+1","Cold Snap+1","Steam Power+1","Electrodynamics+1","Defragment+1","Amplify+1","Leap+1","Doom and Gloom+1","Ball Lightning","Reboot+1","Rip and Tear","Undo+1","Go for the Eyes+1","Defragment+1","Good Instincts","Hello World+1","Chill+1","Redo+1","Storm+1","Defragment+1","Steam","Chaos"],"relics":["FrozenCore","Regal Pillow","Mummified Hand","Frozen Egg 2","Smiling Mask","FaceOfCleric","Mercury Hourglass","Omamori","Bag of Preparation","Bottled Lightning","Ice Cream","Inserter","Strawberry","Ancient Tea Set","War Paint","Darkstone Periapt","Red Mask","Ornamental Fan"],"potions_floor_usage":[10,14,21,21,33,35,35,39,44,44,50,50],"damage_taken":[{"damage":0,"enemies":"Small Slimes","floor":1,"turns":2},{"damage":9,"enemies":"Jaw Worm","floor":2,"turns":3},{"damage":1,"enemies":"Cultist","floor":5,"turns":3},{"damage":18,"enemies":"Gremlin Nob","floor":6,"turns":3},{"damage":1,"enemies":"3 Sentries","floor":10,"turns":4},{"damage":6,"enemies":"Looter","floor":12,"turns":3},{"damage":32,"enemies":"Lagavulin","floor":13,"turns":4},{"damage":17,"enemies":"Exordium Thugs","floor":14,"turns":2},{"damage":18,"enemies":"Slime Boss","floor":16,"turns":5},{"damage":20,"enemies":"Spheric Guardian","floor":18,"turns":4},{"damage":8,"enemies":"Shell Parasite","floor":19,"turns":3},{"damage":10,"enemies":"Centurion and Healer","floor":21,"turns":4},{"damage":0,"enemies":"Cultist and Chosen","floor":22,"turns":4},{"damage":25,"enemies":"Book of Stabbing","floor":23,"turns":4},{"damage":13,"enemies":"Shelled Parasite and Fungi","floor":24,"turns":2},{"damage":27,"enemies":"Slavers","floor":29,"turns":3},{"damage":0,"enemies":"3 Cultists","floor":30,"turns":2},{"damage":16,"enemies":"Book of Stabbing","floor":31,"turns":2},{"damage":4,"enemies":"Automaton","floor":33,"turns":4},{"damage":5,"enemies":"3 Shapes","floor":35,"turns":1},{"damage":0,"enemies":"Orb Walker","floor":36,"turns":2},{"damage":35,"enemies":"4 Shapes","floor":37,"turns":3},{"damage":0,"enemies":"Transient","floor":39,"turns":5},{"damage":27,"enemies":"Reptomancer","floor":40,"turns":3},{"damage":0,"enemies":"Spire Growth","floor":41,"turns":2},{"damage":0,"enemies":"Giant Head","floor":44,"turns":6},{"damage":26,"enemies":"Time Eater","floor":50,"turns":4},{"damage":2,"enemies":"Shield and Spear","floor":54,"turns":2},{"damage":94,"enemies":"The Heart","floor":55,"turns":5}],"seed_played":"-2633501213335067875","potions_obtained":[{"floor":6,"key":"EssenceOfSteel"},{"floor":13,"key":"PowerPotion"},{"floor":16,"key":"GamblersBrew"},{"floor":19,"key":"LiquidBronze"},{"floor":29,"key":"SteroidPotion"},{"floor":30,"key":"Energy Potion"},{"floor":31,"key":"Strength Potion"},{"floor":37,"key":"PowerPotion"},{"floor":39,"key":"GamblersBrew"},{"floor":40,"key":"Explosive Potion"},{"floor":41,"key":"Regen Potion"},{"floor":44,"key":"AttackPotion"}],"is_trial":false,"path_per_floor":["M","M","?","$","M","E","?","T","T","E","?","M","E","M","R","B",null,"M","M","?","M","M","E","M","R","T","$","?","E","M","E","R","B",null,"M","M","M","$","M","E","M","R","T","E","R","?","$","?","R","B",null,"R","$","E","B",null],"character_chosen":"DEFECT","items_purchased":["Storm","Ball Lightning","Defragment+1","Amplify","Bag of Preparation","Defragment+1","Strawberry","Good Instincts","Defragment+1","Steam"],"campfire_rested":3,"item_purchase_floors":[4,4,27,27,27,38,38,38,47,47],"current_hp_per_floor":[75,66,66,66,72,61,46,46,46,52,52,46,21,11,48,37,75,62,61,61,59,67,50,38,76,76,76,76,57,58,50,50,54,83,79,80,53,60,68,42,43,86,86,97,97,97,97,97,97,72,98,98,98,99,6],"gold":31,"neow_bonus":"ONE_RANDOM_RARE_CARD","is_prod":false,"is_daily":false,"chose_seed":false,"campfire_upgraded":3,"win_rate":0,"timestamp":1554389415,"path_taken":["M","M","?","$","M","E","?","?","T","E","?","M","E","M","R","BOSS","M","?","?","M","M","E","M","R","T","?","?","E","M","E","R","BOSS","M","?","?","$","M","E","M","R","T","E","R","?","?","?","R","BOSS","R","$","E","BOSS"],"build_version":"2019-01-23","purchased_purges":0,"victory":true,"max_hp_per_floor":[75,75,75,75,75,75,75,75,75,75,75,75,75,75,75,75,75,75,75,75,76,77,78,79,79,79,79,79,80,81,82,82,83,83,84,85,86,93,94,95,96,96,96,97,97,97,97,97,97,98,98,98,98,99,100],"card_choices":[{"not_picked":["Hologram","Glacier"],"picked":"Loop","floor":1},{"not_picked":["Beam Cell","Go for the Eyes"],"picked":"Self Repair","floor":2},{"not_picked":["Cold Snap","Fusion"],"picked":"Heatsinks","floor":5},{"not_picked":["Beam Cell","Rebound"],"picked":"Turbo","floor":6},{"not_picked":["Consume","Glacier"],"picked":"Melter","floor":10},{"not_picked":["Stack","Redo"],"picked":"Turbo","floor":12},{"not_picked":["Redo","Glacier"],"picked":"Coolheaded","floor":13},{"not_picked":["Amplify","Cold Snap"],"picked":"Doom and Gloom","floor":14},{"not_picked":["Rainbow","Thunder Strike"],"picked":"Biased Cognition+1","floor":16},{"not_picked":["Fusion","Rip and Tear+1"],"picked":"Static Discharge+1","floor":18},{"not_picked":["Steam+1","Redo"],"picked":"Conserve Battery","floor":19},{"not_picked":["Conserve Battery","Lockon"],"picked":"Compile Driver+1","floor":21},{"not_picked":["Gash","Redo"],"picked":"Cold Snap+1","floor":22},{"not_picked":["Cold Snap","Genetic Algorithm"],"picked":"Steam Power+1","floor":23},{"not_picked":["Hologram","Hello World+1"],"picked":"Electrodynamics+1","floor":24},{"not_picked":["Turbo","Hologram"],"picked":"Leap","floor":29},{"not_picked":["Streamline","Redo"],"picked":"Doom and Gloom+1","floor":30},{"not_picked":["Stack","Conserve Battery"],"picked":"Ball Lightning","floor":31},{"not_picked":["Meteor Strike","Seek"],"picked":"Reboot","floor":33},{"not_picked":["Redo","Stack"],"picked":"Rip and Tear","floor":35},{"not_picked":["Scrape+1","Leap"],"picked":"Undo+1","floor":36},{"not_picked":["Leap","Double Energy"],"picked":"Go for the Eyes+1","floor":37},{"not_picked":["Gash+1","Stack+1"],"picked":"Hello World+1","floor":39},{"not_picked":["Redo+1","Auto Shields"],"picked":"Chill","floor":40},{"not_picked":["Melter","Beam Cell+1"],"picked":"Redo+1","floor":41},{"not_picked":["Hello World+1","Steam+1"],"picked":"Storm+1","floor":44},{"not_picked":["Turbo","Stack+1"],"picked":"Chaos","floor":54}],"player_experience":435155,"relics_obtained":[{"floor":6,"key":"Regal Pillow"},{"floor":9,"key":"Mummified Hand"},{"floor":10,"key":"Frozen Egg 2"},{"floor":13,"key":"Smiling Mask"},{"floor":23,"key":"Mercury Hourglass"},{"floor":26,"key":"Omamori"},{"floor":29,"key":"Bottled Lightning"},{"floor":31,"key":"Ice Cream"},{"floor":40,"key":"Ancient Tea Set"},{"floor":43,"key":"War Paint"},{"floor":44,"key":"Darkstone Periapt"},{"floor":54,"key":"Ornamental Fan"}],"event_choices":[{"damage_healed":0,"gold_gain":0,"player_choice":"Grow","damage_taken":0,"max_hp_gain":0,"max_hp_loss":0,"event_name":"Living Wall","floor":3,"gold_loss":0,"cards_upgraded":["Loop"]},{"damage_healed":0,"gold_gain":0,"player_choice":"Entered Light","damage_taken":15,"max_hp_gain":0,"max_hp_loss":0,"event_name":"Shining Light","floor":7,"gold_loss":0,"cards_upgraded":["Defend_B","Storm"]},{"damage_healed":0,"gold_gain":100,"player_choice":"Pray","damage_taken":0,"max_hp_gain":0,"max_hp_loss":0,"event_name":"Golden Shrine","floor":11,"gold_loss":0},{"damage_healed":0,"gold_gain":0,"player_choice":"Trade","damage_taken":0,"relics_obtained":["FaceOfCleric"],"max_hp_gain":0,"max_hp_loss":0,"event_name":"FaceTrader","floor":20,"gold_loss":0},{"damage_healed":0,"gold_gain":0,"player_choice":"Upgraded","damage_taken":0,"max_hp_gain":0,"max_hp_loss":0,"event_name":"Upgrade Shrine","floor":28,"gold_loss":0,"cards_upgraded":["Zap"]},{"cards_removed":["Defend_B"],"damage_healed":0,"gold_gain":0,"player_choice":"Removed Skill","damage_taken":0,"max_hp_gain":0,"max_hp_loss":0,"event_name":"Falling","floor":46,"gold_loss":0},{"damage_healed":0,"gold_gain":0,"player_choice":"Paid","damage_taken":0,"relics_obtained":["Red Mask"],"max_hp_gain":0,"max_hp_loss":0,"event_name":"Tomb of Lord Red Mask","floor":48,"gold_loss":50}],"is_beta":false,"boss_relics":[{"not_picked":["Velvet Choker","Snecko Eye"],"picked":"FrozenCore"},{"not_picked":["Eternal Feather","Runic Dome"],"picked":"Inserter"}],"items_purged_floors":[],"is_endless":false,"potions_floor_spawned":[6,13,16,19,29,30,31,37,39,40,41,44],"ascension_level":4}