{"gold_per_floor":[111,122,297,125,125,125,159,159,159,176,176,76,92,124,124,227,227,245,258,258,276,276,303,303,35,35,35,45,73,91,124,124,229,229,245,245,245,300,319,319,319],"floor_reached":41,"playtime":2390,"items_purged":["Doubt","Strike_G","Defend_G"],"score":753,"play_id":"b008c320-4493-4434-b1b8-51d3464c9e2e","local_time":"20190519232619","is_ascension_mode":true,"campfire_choices":[{"data":"Noxious Fumes","floor":6,"key":"SMITH"},{"data":"Poisoned Stab","floor":8,"key":"SMITH"},{"data":"Footwork","floor":15,"key":"SMITH"},{"data":"Wraith Form v2","floor":24,"key":"SMITH"},{"floor":32,"key":"REST"},{"floor":40,"key":"REST"}],"neow_cost":"NONE","seed_source_timestamp":180151878664800,"circlet_count":0,"master_deck":["Survivor","Neutralize","Deflect","Dash","Noxious Fumes+1","Dodge and Roll","Poisoned Stab+1","Footwork+1","Dodge and Roll","Wraith Form v2+1","Prepared","Skewer","Ghostly","Ghostly","Ghostly","Ghostly","Ghostly","Slice+1","PiercingWail+1","Acrobatics","Concentrate","Grand Finale","Bullet Time","PiercingWail","Poisoned Stab","Dagger Throw","Deflect","Bane","PiercingWail","Outmaneuver+1"],"relics":["Ring of the Snake","NeowsBlessing","Ornamental Fan","Peace Pipe","Paper Crane","Potion Belt","Runic Pyramid","Mummified Hand","Oddly Smooth Stone","Question Card","Letter Opener","Bronze Scales","Pandora\u0027s Box","Gambling Chip"],"potions_floor_usage":[35,41],"damage_taken":[{"damage":0,"enemies":"Small Slimes","floor":1,"turns":1},{"damage":0,"enemies":"Jaw Worm","floor":2,"turns":1},{"damage":0,"enemies":"Gremlin Nob","floor":7,"turns":1},{"damage":0,"enemies":"Cultist","floor":10,"turns":3},{"damage":3,"enemies":"2 Fungi Beasts","floor":13,"turns":4},{"damage":0,"enemies":"Lagavulin","floor":14,"turns":9},{"damage":39,"enemies":"Slime Boss","floor":16,"turns":13},{"damage":18,"enemies":"3 Byrds","floor":18,"turns":6},{"damage":8,"enemies":"Spheric Guardian","floor":19,"turns":7},{"damage":1,"enemies":"Centurion and Healer","floor":21,"turns":8},{"damage":5,"enemies":"Gremlin Leader","floor":23,"turns":10},{"damage":0,"enemies":"3 Cultists","floor":28,"turns":8},{"damage":4,"enemies":"Slavers","floor":29,"turns":10},{"damage":0,"enemies":"Cultist and Chosen","floor":30,"turns":9},{"damage":0,"enemies":"Gremlin Leader","floor":31,"turns":9},{"damage":0,"enemies":"Collector","floor":33,"turns":9},{"damage":2,"enemies":"3 Darklings","floor":35,"turns":6},{"damage":32,"enemies":"2 Orb Walkers","floor":38,"turns":9},{"damage":1,"enemies":"Orb Walker","floor":39,"turns":5},{"damage":53,"enemies":"Giant Head","floor":41,"turns":7}],"seed_played":"-1188571964296776014","potions_obtained":[{"floor":2,"key":"SkillPotion"},{"floor":13,"key":"FairyPotion"},{"floor":16,"key":"Energy Potion"},{"floor":19,"key":"GamblersBrew"},{"floor":23,"key":"GamblersBrew"},{"floor":30,"key":"Strength Potion"},{"floor":31,"key":"Fire Potion"}],"is_trial":false,"path_per_floor":["M","M","?","$","?","R","E","R","T","M","?","$","M","E","R","B",null,"M","M","?","M","?","E","R","$","T","$","M","E","M","E","R","B",null,"M","?","?","?","M","R","E"],"character_chosen":"THE_SILENT","items_purchased":["Noxious Fumes","Dodge and Roll","Oddly Smooth Stone"],"campfire_rested":2,"item_purchase_floors":[4,4,25],"current_hp_per_floor":[70,70,70,70,70,70,70,70,70,70,70,70,67,67,67,28,60,42,34,34,33,29,24,24,24,24,24,24,20,20,20,32,32,38,36,36,36,4,3,14,0],"gold":319,"neow_bonus":"THREE_ENEMY_KILL","is_prod":false,"is_daily":false,"chose_seed":false,"campfire_upgraded":4,"win_rate":0,"timestamp":1558322779,"path_taken":["M","M","?","$","?","R","E","R","T","?","?","?","M","E","R","BOSS","M","M","?","M","?","E","R","$","T","?","M","E","M","E","R","BOSS","M","?","?","?","M","R","E"],"build_version":"2019-01-23","purchased_purges":3,"victory":false,"max_hp_per_floor":[70,70,70,70,70,70,70,70,70,70,70,70,70,70,70,70,70,70,70,35,35,40,40,40,40,40,40,40,40,40,40,40,40,40,40,40,38,38,38,38,38],"card_choices":[{"not_picked":["Flying Knee","Bane"],"picked":"Deflect","floor":1},{"not_picked":["Slice","Prepared"],"picked":"Dash","floor":2},{"not_picked":["Deflect","Slice"],"picked":"Poisoned Stab","floor":7},{"not_picked":["Backflip","Flying Knee"],"picked":"Footwork","floor":10},{"not_picked":["Outmaneuver","Flechettes","Heel Hook"],"picked":"SKIP","floor":13},{"not_picked":["Bane","Phantasmal Killer"],"picked":"Dodge and Roll","floor":14},{"not_picked":["Die Die Die","Burst"],"picked":"Wraith Form v2","floor":16},{"not_picked":["Quick Slash+1","Bane"],"picked":"Prepared","floor":18},{"not_picked":["Expertise","Dagger Throw+1"],"picked":"Skewer","floor":19},{"not_picked":["Heel Hook","Deadly Poison"],"picked":"Slice+1","floor":21},{"not_picked":["Escape Plan","Deadly Poison"],"picked":"PiercingWail+1","floor":23},{"not_picked":["Backflip","Flying Knee","Cloak And Dagger","Bane+1"],"picked":"SKIP","floor":28},{"not_picked":["Accuracy","Glass Knife","Leg Sweep"],"picked":"Acrobatics","floor":29},{"not_picked":["Dodge and Roll","Deflect+1","Infinite Blades"],"picked":"Concentrate","floor":30},{"not_picked":["Reflex+1","Caltrops","Crippling Poison+1"],"picked":"Grand Finale","floor":31},{"not_picked":["Corpse Explosion","Glass Knife","Adrenaline"],"picked":"Bullet Time","floor":33},{"not_picked":["Sucker Punch+1","Quick Slash","Cloak And Dagger"],"picked":"Outmaneuver+1","floor":35},{"not_picked":["Dagger Throw","Prepared+1","Blade Dance","Bane"],"picked":"SKIP","floor":39}],"player_experience":235506,"relics_obtained":[{"floor":7,"key":"Peace Pipe"},{"floor":9,"key":"Paper Crane"},{"floor":14,"key":"Potion Belt"},{"floor":23,"key":"Mummified Hand"},{"floor":26,"key":"Question Card"},{"floor":29,"key":"Letter Opener"},{"floor":31,"key":"Bronze Scales"},{"floor":38,"key":"Gambling Chip"}],"event_choices":[{"damage_healed":0,"gold_gain":175,"player_choice":"AGREE","damage_taken":0,"max_hp_gain":0,"max_hp_loss":0,"event_name":"Liars Game","floor":3,"gold_loss":0,"cards_obtained":["Doubt"]},{"damage_healed":0,"gold_gain":0,"player_choice":"Gave Potion","damage_taken":0,"relics_obtained":["Ornamental Fan"],"max_hp_gain":0,"max_hp_loss":0,"event_name":"WeMeetAgain","floor":5,"gold_loss":0},{"cards_removed":["Strike_G"],"damage_healed":0,"gold_gain":0,"player_choice":"Offered Basic","damage_taken":0,"max_hp_gain":0,"max_hp_loss":0,"event_name":"Bonfire Elementals","floor":11,"gold_loss":0},{"damage_healed":0,"gold_gain":0,"player_choice":"Became a Ghost","damage_taken":0,"max_hp_gain":0,"max_hp_loss":35,"event_name":"Ghosts","floor":20,"gold_loss":0,"cards_obtained":["Ghostly","Ghostly","Ghostly","Ghostly","Ghostly"]},{"damage_healed":0,"gold_gain":0,"player_choice":"Shed Blood","damage_taken":9,"max_hp_gain":5,"max_hp_loss":0,"event_name":"Forgotten Altar","floor":22,"gold_loss":0},{"cards_removed":["Dash"],"damage_healed":0,"gold_gain":0,"player_choice":"Removed Attack","damage_taken":0,"max_hp_gain":0,"max_hp_loss":0,"event_name":"Falling","floor":36,"gold_loss":0},{"damage_healed":0,"gold_gain":0,"player_choice":"Max HP","damage_taken":0,"max_hp_gain":0,"max_hp_loss":2,"event_name":"Winding Halls","floor":37,"gold_loss":0},{"damage_healed":0,"gold_gain":0,"player_choice":"Fight","damage_taken":0,"max_hp_gain":0,"max_hp_loss":0,"event_name":"Mysterious Sphere","floor":38,"gold_loss":0}],"is_beta":false,"boss_relics":[{"not_picked":["Busted Crown","White Beast Statue"],"picked":"Runic Pyramid"},{"not_picked":["Ring of the Serpent","Calling Bell"],"picked":"Pandora\u0027s Box"}],"items_purged_floors":[4,12,25],"is_endless":false,"potions_floor_spawned":[2,13,16,19,23,30,31],"killed_by":"Giant Head","ascension_level":5}