{"gold_per_floor":[119,44,63,63,76,76,94,94,150,50,76,96,96,111,111,111],"floor_reached":16,"playtime":837,"items_purged":["Defend_R","Defend_R"],"score":102,"play_id":"579920f5-58c8-4d07-a6be-bff219830d6f","local_time":"20181021213049","is_ascension_mode":false,"campfire_choices":[{"data":"Pommel Strike","floor":6,"key":"SMITH"},{"data":"Flex","floor":8,"key":"SMITH"},{"data":"Searing Blow","floor":15,"key":"SMITH"}],"neow_cost":"PERCENT_DAMAGE","seed_source_timestamp":988900195424334,"circlet_count":0,"master_deck":["Strike_R","Strike_R+1","Defend_R","Defend_R","Bash","Pommel Strike+1","Flame Barrier+1","Reaper","Thunderclap","Flex+1","Searing Blow+1","Shrug It Off"],"relics":["Burning Blood","Tiny Chest","PreservedInsect"],"potions_floor_usage":[],"damage_taken":[{"damage":1,"enemies":"Cultist","floor":1,"turns":3},{"damage":0,"enemies":"Small Slimes","floor":3,"turns":3},{"damage":0,"enemies":"2 Louse","floor":5,"turns":4},{"damage":10,"enemies":"2 Fungi Beasts","floor":7,"turns":4},{"damage":26,"enemies":"Lagavulin","floor":11,"turns":6},{"damage":39,"enemies":"Gremlin Gang","floor":12,"turns":6},{"damage":12,"enemies":"Large Slime","floor":14,"turns":8},{"damage":33,"enemies":"The Guardian","floor":16,"turns":6}],"seed_played":"5804142564109676169","potions_obtained":[{"floor":1,"key":"SkillPotion"},{"floor":3,"key":"Energy Potion"}],"is_trial":false,"path_per_floor":["M","$","M","?","M","R","M","R","T","$","E","M","?","M","R"],"character_chosen":"IRONCLAD","items_purchased":[],"campfire_rested":0,"item_purchase_floors":[],"current_hp_per_floor":[61,61,67,67,76,76,78,78,78,78,64,47,31,25,25,0],"gold":111,"neow_bonus":"REMOVE_TWO","is_prod":false,"is_daily":false,"chose_seed":false,"campfire_upgraded":3,"win_rate":0.0,"timestamp":1540171849,"path_taken":["M","$","?","?","?","R","M","R","T","?","E","M","?","M","R","BOSS"],"build_version":"2018-10-18","purchased_purges":2,"victory":false,"max_hp_per_floor":[80,80,80,80,80,80,80,80,80,80,80,80,80,80,80,80],"card_choices":[{"not_picked":["Hemokinesis","Dropkick"],"picked":"Pommel Strike","floor":1},{"not_picked":["Pommel Strike","Twin Strike"],"picked":"Flame Barrier","floor":3},{"not_picked":["Anger","Headbutt"],"picked":"Thunderclap","floor":5},{"not_picked":["Headbutt","Armaments"],"picked":"Flex","floor":7},{"not_picked":["Iron Wave","Second Wind"],"picked":"Searing Blow","floor":11},{"not_picked":["Armaments","Flame Barrier","Dual Wield"],"picked":"SKIP","floor":12},{"not_picked":["Warcry","Pommel Strike"],"picked":"Shrug It Off","floor":14}],"player_experience":38960,"relics_obtained":[{"floor":9,"key":"Tiny Chest"},{"floor":11,"key":"PreservedInsect"}],"event_choices":[{"damage_healed":0,"gold_gain":0,"cards_transformed":["Strike_R"],"player_choice":"Transformed","damage_taken":0,"max_hp_gain":0,"max_hp_loss":0,"event_name":"Transmorgrifier","floor":4,"gold_loss":0,"cards_obtained":["Reaper"]},{"damage_healed":0,"gold_gain":0,"player_choice":"Entered Light","damage_taken":16,"max_hp_gain":0,"max_hp_loss":0,"event_name":"Shining Light","floor":13,"gold_loss":0,"cards_upgraded":["Strike_R","Flame Barrier"]}],"is_beta":false,"boss_relics":[],"items_purged_floors":[2,10],"is_endless":false,"potions_floor_spawned":[1,3],"killed_by":"The Guardian","ascension_level":0}