{"gold_per_floor":[110,121,133,13,28,28,28,28,28,0,12,38,38,38,38,38],"floor_reached":16,"playtime":901,"items_purged":["Strike_G"],"score":200,"play_id":"2f9387b1-f386-40ae-bc6a-2dfa1b80da52","local_time":"20190623211515","is_ascension_mode":true,"campfire_choices":[{"data":"Well Laid Plans","floor":6.0,"key":"SMITH"},{"data":"Calculated Gamble","floor":8.0,"key":"SMITH"},{"data":"Tactician","floor":15,"key":"SMITH"}],"neow_cost":"NONE","seed_source_timestamp":345503703185800,"circlet_count":0,"master_deck":["AscendersBane","Defend_G","Defend_G","Defend_G","Defend_G","Defend_G","Strike_G","Strike_G","Strike_G","Strike_G","Survivor","Neutralize","Bouncing Flask","Calculated Gamble+1","Well Laid Plans+1","Tactician+1","Acrobatics"],"special_seed":0,"relics":["Eternal Feather","Ornamental Fan","Unceasing Top"],"potions_floor_usage":[12],"damage_taken":[{"damage":6.0,"enemies":"Small Slimes","floor":1.0,"turns":5.0},{"damage":11.0,"enemies":"2 Louse","floor":2.0,"turns":5.0},{"damage":10.0,"enemies":"Jaw Worm","floor":3.0,"turns":5.0},{"damage":2.0,"enemies":"2 Fungi Beasts","floor":5.0,"turns":6.0},{"damage":1.0,"enemies":"Looter","floor":10.0,"turns":4.0},{"damage":13.0,"enemies":"3 Louse","floor":11.0,"turns":5.0},{"damage":33,"enemies":"3 Sentries","floor":12,"turns":15},{"damage":23,"enemies":"The Guardian","floor":16,"turns":2}],"seed_played":"1509469880627858781","potions_obtained":[{"floor":1.0,"key":"SteroidPotion"},{"floor":3.0,"key":"Ancient Potion"},{"floor":12,"key":"SteroidPotion"}],"is_trial":false,"path_per_floor":["M","M","M","$","M","R","?","R","T","M","M","E","?","?","R","B"],"character_chosen":"THE_SILENT","items_purchased":["Tactician"],"campfire_rested":0,"item_purchase_floors":[4],"current_hp_per_floor":[53,42,32,32,30,39,39,48,48,47,34,1,1,1,10,0],"gold":38,"neow_bonus":"BOSS_RELIC","is_prod":false,"is_daily":false,"chose_seed":false,"campfire_upgraded":3,"win_rate":0,"timestamp":1561292115,"path_taken":["M","M","M","$","M","R","?","R","T","M","M","E","?","?","R","BOSS"],"build_version":"2019-01-23","purchased_purges":1,"victory":false,"max_hp_per_floor":[66,66,66,66,66,66,66,66,66,66,66,66,66,66,66,66],"card_choices":[{"not_picked":["Calculated Gamble","Prepared"],"picked":"Bouncing Flask","floor":1.0},{"not_picked":["Accuracy","Sucker Punch"],"picked":"Calculated Gamble","floor":2.0},{"not_picked":["Prepared","Setup"],"picked":"Well Laid Plans","floor":3.0},{"not_picked":["Expertise","Flechettes"],"picked":"Acrobatics","floor":5.0},{"not_picked":["All Out Attack","Infinite Blades","Leg Sweep"],"picked":"SKIP","floor":10.0},{"not_picked":["Poisoned Stab","Deadly Poison","Outmaneuver"],"picked":"SKIP","floor":11.0},{"not_picked":["Poisoned Stab","Dash","Deadly Poison"],"picked":"SKIP","floor":12}],"player_experience":1010790,"relics_obtained":[{"floor":9.0,"key":"Ornamental Fan"},{"floor":12,"key":"Unceasing Top"}],"event_choices":[{"damage_healed":0.0,"max_hp_gain":0.0,"max_hp_loss":0.0,"gold_gain":0.0,"event_name":"Dead Adventurer","player_choice":"Searched \u00270\u0027 times","floor":7.0,"gold_loss":0.0,"damage_taken":0.0},{"damage_healed":0,"gold_gain":0,"player_choice":"Ignored","damage_taken":0,"max_hp_gain":0,"max_hp_loss":0,"event_name":"Shining Light","floor":13,"gold_loss":0},{"damage_healed":0,"gold_gain":0,"player_choice":"Ignored","damage_taken":0,"max_hp_gain":0,"max_hp_loss":0,"event_name":"Golden Wing","floor":14,"gold_loss":0}],"is_beta":false,"boss_relics":[],"items_purged_floors":[4],"is_endless":false,"potions_floor_spawned":[1,3,12],"killed_by":"The Guardian","ascension_level":20}