{"gold_per_floor":[119,137,153,153,172,212,236,236,286,286,17,60,83,83,83,202,202,226,250,350,368,383,419,419,438,438,438,453,136,136,152,152,280,280,295,295,295,319,15,15,58,58,58,58,58,77,116,116],"floor_reached":48,"playtime":2104,"items_purged":["Strike_G","Strike_G"],"score":573,"play_id":"a408df81-ba92-4661-a58d-86216f40aa79","local_time":"20190519143244","is_ascension_mode":true,"campfire_choices":[{"data":"Bouncing Flask","floor":8,"key":"SMITH"},{"floor":10,"key":"REST"},{"data":"Catalyst","floor":15,"key":"SMITH"},{"data":"Footwork","floor":24,"key":"SMITH"},{"data":"Footwork","floor":27,"key":"SMITH"},{"data":"Accuracy","floor":30,"key":"SMITH"},{"data":"1","floor":32,"key":"LIFT"},{"data":"Noxious Fumes","floor":40,"key":"SMITH"},{"data":"Catalyst","floor":42,"key":"SMITH"},{"data":"Accuracy","floor":44,"key":"SMITH"}],"neow_cost":"NONE","seed_source_timestamp":148422882728900,"circlet_count":0,"master_deck":["Defend_G","Defend_G+1","Defend_G","Defend_G","Defend_G","Strike_G","Survivor","Neutralize","Deadly Poison","Deflect+1","Bouncing Flask+1","Injury","Backflip","Deadly Poison","Dodge and Roll","Footwork+1","Infinite Blades","Catalyst+1","Venomology","Riddle With Holes+1","PiercingWail","Footwork+1","Acrobatics+1","Dodge and Roll","Accuracy+1","After Image","Backflip","Writhe","Accuracy+1","Noxious Fumes+1","Catalyst+1","PiercingWail+1","Footwork+1"],"relics":["Ring of the Snake","Golden Idol","Happy Flower","Potion Belt","Membership Card","Mummified Hand","Coffee Dripper","War Paint","Girya","Bronze Scales","Du-Vu Doll","Empty Cage","Art of War","Mango","Gremlin Horn","Frozen Egg 2","Pocketwatch"],"potions_floor_usage":[16,21,22,23,28,28,31,33,33,33,35,41,41,47],"damage_taken":[{"damage":10,"enemies":"Cultist","floor":1,"turns":6},{"damage":5,"enemies":"Small Slimes","floor":2,"turns":5},{"damage":0,"enemies":"2 Louse","floor":3,"turns":3},{"damage":5,"enemies":"Looter","floor":5,"turns":3},{"damage":25,"enemies":"Lagavulin","floor":6,"turns":6},{"damage":7,"enemies":"Red Slaver","floor":7,"turns":4},{"damage":32,"enemies":"Gremlin Nob","floor":12,"turns":4},{"damage":0,"enemies":"Large Slime","floor":13,"turns":5},{"damage":7,"enemies":"The Guardian","floor":16,"turns":7},{"damage":5,"enemies":"3 Byrds","floor":18,"turns":6},{"damage":17,"enemies":"2 Thieves","floor":19,"turns":4},{"damage":8,"enemies":"Shelled Parasite and Fungi","floor":21,"turns":4},{"damage":4,"enemies":"Centurion and Healer","floor":22,"turns":6},{"damage":8,"enemies":"Book of Stabbing","floor":23,"turns":6},{"damage":10,"enemies":"Cultist and Chosen","floor":25,"turns":6},{"damage":14,"enemies":"Sentry and Sphere","floor":28,"turns":4},{"damage":11,"enemies":"Shelled Parasite and Fungi","floor":31,"turns":6},{"damage":19,"enemies":"Collector","floor":33,"turns":6},{"damage":0,"enemies":"Orb Walker","floor":35,"turns":2},{"damage":20,"enemies":"3 Darklings","floor":38,"turns":5},{"damage":63,"enemies":"Reptomancer","floor":41,"turns":4},{"damage":1,"enemies":"Sphere and 2 Shapes","floor":46,"turns":4},{"damage":11,"enemies":"Nemesis","floor":47,"turns":5},{"damage":3,"enemies":"4 Shapes","floor":48,"turns":1}],"seed_played":"1746379520850926145","potions_obtained":[{"floor":1,"key":"Strength Potion"},{"floor":5,"key":"GamblersBrew"},{"floor":12,"key":"EssenceOfSteel"},{"floor":23,"key":"Energy Potion"},{"floor":28,"key":"EntropicBrew"},{"floor":31,"key":"Strength Potion"},{"floor":33,"key":"SkillPotion"},{"floor":38,"key":"SteroidPotion"},{"floor":47,"key":"SteroidPotion"}],"is_trial":false,"path_per_floor":["M","M","M","?","M","E","M","R","T","R","$","E","M","?","R","B",null,"M","M","?","M","M","E","R","M","T","R","M","$","R","M","R","B",null,"M","?","?","M","$","R","E","R","T","R","?","M","E","M"],"character_chosen":"THE_SILENT","items_purchased":["Footwork","Membership Card","Bronze Scales","Du-Vu Doll","Accuracy","Poisoned Stab","Noxious Fumes","Art of War","Mango"],"campfire_rested":1,"item_purchase_floors":[11,11,29,29,29,29,39,39,39],"current_hp_per_floor":[67,62,62,62,57,32,25,25,25,48,48,16,16,21,21,14,82,77,60,60,52,48,40,40,30,30,30,16,16,16,5,5,8,82,82,82,82,62,76,76,13,13,13,13,13,12,1,0],"gold":116,"neow_bonus":"TEN_PERCENT_HP_BONUS","is_prod":false,"is_daily":false,"chose_seed":false,"campfire_upgraded":8,"win_rate":0,"timestamp":1558290764,"path_taken":["M","M","?","?","M","E","M","R","T","R","$","E","M","?","R","BOSS","M","M","?","?","M","E","R","M","T","R","M","$","R","M","R","BOSS","M","?","?","M","$","R","E","R","T","R","?","M","E","M"],"build_version":"2019-01-23","purchased_purges":2,"victory":false,"max_hp_per_floor":[77,77,77,77,77,77,77,77,77,77,77,77,77,82,82,82,82,82,82,82,82,82,82,82,82,82,82,82,82,82,82,82,82,82,82,82,82,82,96,96,96,96,96,96,96,96,96,96],"card_choices":[{"not_picked":["Prepared","Dodge and Roll"],"picked":"Deadly Poison","floor":1},{"not_picked":["Cloak And Dagger","Bane"],"picked":"Deflect","floor":2},{"not_picked":["Dodge and Roll","Quick Slash"],"picked":"Bouncing Flask","floor":3},{"not_picked":["Flechettes","Prepared"],"picked":"Backflip","floor":5},{"not_picked":["Eviscerate","Phantasmal Killer"],"picked":"Deadly Poison","floor":6},{"not_picked":["Quick Slash","Flying Knee"],"picked":"Dodge and Roll","floor":7},{"not_picked":["Outmaneuver","Backflip"],"picked":"Infinite Blades","floor":12},{"not_picked":["Endless Agony","Dagger Spray"],"picked":"Catalyst","floor":13},{"not_picked":["Glass Knife","Storm of Steel"],"picked":"Venomology","floor":16},{"not_picked":["Sucker Punch","Predator"],"picked":"Riddle With Holes+1","floor":18},{"not_picked":["Flying Knee","Outmaneuver","Blade Dance+1"],"picked":"SKIP","floor":19},{"not_picked":["Prepared","Sucker Punch+1"],"picked":"PiercingWail","floor":21},{"not_picked":["After Image","Heel Hook"],"picked":"Footwork","floor":22},{"not_picked":["Flechettes","Bane"],"picked":"Acrobatics+1","floor":23},{"not_picked":["Dagger Spray","Dagger Throw+1","Flying Knee+1"],"picked":"SKIP","floor":25},{"not_picked":["Blade Dance","Tools of the Trade"],"picked":"Dodge and Roll","floor":28},{"not_picked":["Dagger Spray+1","Setup+1","Acrobatics"],"picked":"SKIP","floor":31},{"not_picked":["Venomology","Adrenaline"],"picked":"After Image","floor":33},{"not_picked":["Flying Knee+1","Bane+1"],"picked":"Backflip","floor":35},{"not_picked":["Footwork+1","Infinite Blades"],"picked":"Accuracy","floor":38},{"not_picked":["After Image","Setup"],"picked":"Catalyst","floor":41},{"not_picked":["Dagger Throw","Flying Knee+1"],"picked":"PiercingWail+1","floor":46},{"not_picked":["Leg Sweep","Blade Dance+1"],"picked":"Footwork+1","floor":47}],"player_experience":227205,"relics_obtained":[{"floor":6,"key":"Happy Flower"},{"floor":9,"key":"Potion Belt"},{"floor":12,"key":"Mummified Hand"},{"floor":23,"key":"War Paint"},{"floor":26,"key":"Girya"},{"floor":41,"key":"Gremlin Horn"},{"floor":43,"key":"Frozen Egg 2"},{"floor":47,"key":"Pocketwatch"}],"event_choices":[{"damage_healed":0,"gold_gain":0,"player_choice":"Take Wound","damage_taken":0,"relics_obtained":["Golden Idol"],"max_hp_gain":0,"max_hp_loss":0,"event_name":"Golden Idol","floor":4,"gold_loss":0,"cards_obtained":["Injury"]},{"damage_healed":0,"gold_gain":0,"player_choice":"Donut","damage_taken":0,"max_hp_gain":5,"max_hp_loss":0,"event_name":"Big Fish","floor":14,"gold_loss":0},{"damage_healed":0,"gold_gain":100,"player_choice":"Pray","damage_taken":0,"max_hp_gain":0,"max_hp_loss":0,"event_name":"Golden Shrine","floor":20,"gold_loss":0},{"damage_healed":21,"gold_gain":0,"player_choice":"Writhe","damage_taken":0,"max_hp_gain":0,"max_hp_loss":0,"event_name":"Winding Halls","floor":36,"gold_loss":0,"cards_obtained":["Writhe"]},{"damage_healed":0,"gold_gain":0,"player_choice":"Ignored","damage_taken":0,"max_hp_gain":0,"max_hp_loss":0,"event_name":"Tomb of Lord Red Mask","floor":37,"gold_loss":0},{"cards_removed":["Poisoned Stab"],"damage_healed":0,"gold_gain":0,"player_choice":"Removed Attack","damage_taken":0,"max_hp_gain":0,"max_hp_loss":0,"event_name":"Falling","floor":45,"gold_loss":0}],"is_beta":false,"boss_relics":[{"not_picked":["Orrery","Black Star"],"picked":"Coffee Dripper"},{"not_picked":["White Beast Statue","Tiny House"],"picked":"Empty Cage"}],"items_purged_floors":[29,39],"is_endless":false,"potions_floor_spawned":[1,5,12,23,28,31,33,38,47],"killed_by":"4 Shapes","ascension_level":1}