{"gold_per_floor":[215,215,215,215,227,227,291,291,317,317,11,11,25,59,59,164,164,174,84,97,97,97,97],"floor_reached":23,"playtime":929,"items_purged":[],"score":185,"play_id":"077ad9b5-ab7f-4e7a-8d74-fefb2086f08b","local_time":"20181023234546","is_ascension_mode":false,"campfire_choices":[{"data":"Pommel Strike","floor":6.0,"key":"SMITH"},{"data":"Sever Soul","floor":10.0,"key":"SMITH"},{"floor":12.0,"key":"REST"},{"data":"Bash","floor":15.0,"key":"SMITH"}],"neow_cost":"NONE","seed_source_timestamp":0,"circlet_count":0,"master_deck":["Strike_R","Strike_R","Strike_R","Strike_R","Strike_R","Defend_R","Defend_R","Defend_R","Bash+1","Iron Wave+1","Pommel Strike+1","Sever Soul+1","True Grit+1","Headbutt","Dropkick+1","Double Tap+1","Spot Weakness+1","Clash","Reckless Charge","Cleave","Dark Embrace","Feel No Pain+1"],"special_seed":0,"relics":["Burning Blood","Dream Catcher","Singing Bowl","Paper Frog","Anchor","Toxic Egg 2","Pantograph","Orrery"],"potions_floor_usage":[],"damage_taken":[{"damage":5.0,"enemies":"2 Louse","floor":1.0,"turns":3.0},{"damage":1.0,"enemies":"Cultist","floor":5.0,"turns":3.0},{"damage":22.0,"enemies":"Gremlin Nob","floor":7.0,"turns":5.0},{"damage":0.0,"enemies":"Jaw Worm","floor":13.0,"turns":3.0},{"damage":27.0,"enemies":"Lagavulin","floor":14.0,"turns":5.0},{"damage":66.0,"enemies":"The Guardian","floor":16.0,"turns":8.0},{"damage":44.0,"enemies":"3 Byrds","floor":18.0,"turns":6.0},{"damage":12.0,"enemies":"Shell Parasite","floor":20.0,"turns":5.0},{"damage":0,"enemies":"Book of Stabbing","floor":23,"turns":1}],"seed_played":"9031188702488294923","potions_obtained":[{"floor":5.0,"key":"Dexterity Potion"},{"floor":13.0,"key":"Block Potion"},{"floor":14.0,"key":"SteroidPotion"},{"floor":18.0,"key":"FearPotion"}],"is_trial":false,"path_per_floor":["M","?","?","?","M","R","?","T","T","R","$","R","M","E","R","B",null,"M","?","M","?","?"],"character_chosen":"IRONCLAD","items_purchased":["Toxic Egg 2","True Grit+1"],"campfire_rested":1,"item_purchase_floors":[11,11],"current_hp_per_floor":[80,80,80,68,73,73,57,57,57,57,57,80,80,61,61,22,84,46,46,40,24,16,16],"gold":97,"neow_bonus":"HUNDRED_GOLD","is_prod":false,"is_daily":false,"chose_seed":false,"campfire_upgraded":3,"win_rate":0.0,"timestamp":1540352746,"path_taken":["M","?","?","?","M","R","?","?","T","R","$","R","M","E","R","BOSS","M","?","M","?","?","E"],"build_version":"2018-10-18","purchased_purges":0,"victory":false,"max_hp_per_floor":[80,80,80,80,80,80,80,80,80,80,80,80,80,82,82,82,84,84,84,84,89,89,89],"card_choices":[{"not_picked":["Reckless Charge","Bloodletting"],"picked":"Iron Wave","floor":1.0},{"not_picked":["Thunderclap","Sever Soul"],"picked":"Pommel Strike","floor":5.0},{"not_picked":["Warcry","Combust"],"picked":"Sever Soul","floor":7.0},{"not_picked":["Dropkick","Hemokinesis"],"picked":"Headbutt","floor":12.0},{"not_picked":["Shockwave+1","Sword Boomerang"],"picked":"Dropkick","floor":13.0},{"not_picked":["Second Wind+1","Bloodletting+1","Sever Soul"],"picked":"Singing Bowl","floor":14.0},{"not_picked":["Feed","Impervious+1"],"picked":"Double Tap+1","floor":16.0},{"not_picked":["Dropkick","Clothesline"],"picked":"Spot Weakness+1","floor":17.0},{"not_picked":["Hemokinesis","Evolve","Perfected Strike"],"picked":"Singing Bowl","floor":17.0},{"not_picked":["Ghostly Armor+1","Flex+1"],"picked":"Clash","floor":17.0},{"not_picked":["Wild Strike","Iron Wave"],"picked":"Reckless Charge","floor":17.0},{"not_picked":["Clothesline","Bloodletting+1"],"picked":"Cleave","floor":17.0},{"not_picked":["Pommel Strike+1","Reckless Charge"],"picked":"Dark Embrace","floor":18.0},{"not_picked":["Second Wind+1","Iron Wave"],"picked":"Feel No Pain+1","floor":20.0}],"player_experience":67572,"relics_obtained":[{"floor":8.0,"key":"Paper Frog"},{"floor":9.0,"key":"Anchor"},{"floor":14.0,"key":"Pantograph"}],"event_choices":[{"damage_healed":0.0,"max_hp_gain":0.0,"max_hp_loss":0.0,"gold_gain":0.0,"event_name":"Accursed Blacksmith","player_choice":"Forge","floor":2.0,"gold_loss":0.0,"damage_taken":0.0,"cards_upgraded":["Iron Wave"]},{"damage_healed":0.0,"max_hp_gain":0.0,"max_hp_loss":0.0,"gold_gain":0.0,"event_name":"The Woman in Blue","player_choice":"Bought 0 Potions","floor":3.0,"gold_loss":0.0,"damage_taken":0.0},{"damage_healed":0.0,"max_hp_gain":0.0,"max_hp_loss":0.0,"gold_gain":0.0,"event_name":"Scrap Ooze","player_choice":"Success","floor":4.0,"gold_loss":0.0,"damage_taken":12.0,"relics_obtained":["Dream Catcher"]},{"damage_healed":0.0,"max_hp_gain":0.0,"max_hp_loss":0.0,"gold_gain":0.0,"event_name":"Dead Adventurer","player_choice":"Searched \u00272\u0027 times","floor":7.0,"gold_loss":0.0,"damage_taken":0.0,"relics_obtained":["Singing Bowl"]},{"cards_removed":["Defend_R"],"damage_healed":0.0,"max_hp_gain":0.0,"max_hp_loss":0.0,"gold_gain":0.0,"event_name":"Designer","player_choice":"Upgrade and Remove","floor":19.0,"gold_loss":90.0,"damage_taken":0.0,"cards_upgraded":["Dropkick"]},{"damage_healed":0.0,"max_hp_gain":5.0,"max_hp_loss":0.0,"gold_gain":0.0,"event_name":"Forgotten Altar","player_choice":"Shed Blood","floor":21.0,"gold_loss":0.0,"damage_taken":21.0},{"damage_healed":0,"gold_gain":0,"player_choice":"Damaged","damage_taken":8,"max_hp_gain":0,"max_hp_loss":0,"event_name":"Wheel of Change","floor":22,"gold_loss":0}],"is_beta":false,"boss_relics":[{"not_picked":["Eternal Feather","Cursed Key"],"picked":"Orrery"}],"items_purged_floors":[],"is_endless":false,"potions_floor_spawned":[5,13,14,18],"killed_by":"Book of Stabbing","ascension_level":0}