{"gold_per_floor":[109,109,123,143,10,30,42,42,42,42,54,54,19,39,39,111,111,128,128,139,139,139,139,170,170,170,170,95,113,32,32,32,104,154,169,181,40,60,71,71,102,102,129,148,148,148,23,23,23,23],"floor_reached":50,"playtime":2579,"items_purged":["Strike_G","Strike_G","Strike_G"],"score":1018,"play_id":"8a9f209c-5f5b-41a4-8931-33059f243e57","local_time":"20190624100325","is_ascension_mode":true,"campfire_choices":[{"data":"Bouncing Flask","floor":10.0,"key":"SMITH"},{"data":"Footwork","floor":15.0,"key":"SMITH"},{"floor":23.0,"key":"REST"},{"data":"Neutralize","floor":25.0,"key":"SMITH"},{"floor":27.0,"key":"REST"},{"data":"Well Laid Plans","floor":32.0,"key":"SMITH"},{"floor":40.0,"key":"REST"},{"floor":42.0,"key":"REST"},{"floor":49.0,"key":"REST"}],"neow_cost":"NONE","seed_source_timestamp":0,"circlet_count":0,"master_deck":["AscendersBane","Defend_G","Defend_G","Defend_G","Defend_G","Defend_G","Strike_G","Survivor","Neutralize+1","Bouncing Flask+1","PiercingWail","Venomology","Crippling Poison","Footwork+1","Calculated Gamble+1","Deadly Poison","Corpse Explosion","Well Laid Plans+1","Distraction+1","Adrenaline","Die Die Die","Noxious Fumes+1","Caltrops+1","Dodge and Roll"],"special_seed":0,"relics":["Ring of the Snake","Gremlin Horn","Pantograph","Busted Crown","Enchiridion","Paper Crane","Girya","Frozen Egg 2","Tiny House","Darkstone Periapt","Orichalcum"],"potions_floor_usage":[50,50],"damage_taken":[{"damage":4.0,"enemies":"Small Slimes","floor":1.0,"turns":4.0},{"damage":0.0,"enemies":"Jaw Worm","floor":3.0,"turns":4.0},{"damage":1.0,"enemies":"2 Louse","floor":4.0,"turns":3.0},{"damage":0.0,"enemies":"2 Fungi Beasts","floor":6.0,"turns":5.0},{"damage":29.0,"enemies":"Exordium Wildlife","floor":7.0,"turns":7.0},{"damage":8.0,"enemies":"Blue Slaver","floor":11.0,"turns":4.0},{"damage":3.0,"enemies":"Looter","floor":14.0,"turns":4.0},{"damage":25.0,"enemies":"Hexaghost","floor":16.0,"turns":9.0},{"damage":11.0,"enemies":"Spheric Guardian","floor":18.0,"turns":4.0},{"damage":9.0,"enemies":"Chosen","floor":20.0,"turns":5.0},{"damage":3.0,"enemies":"Snake Plant","floor":21.0,"turns":2.0},{"damage":34.0,"enemies":"Gremlin Leader","floor":24.0,"turns":6.0},{"damage":30.0,"enemies":"Snecko","floor":29.0,"turns":5.0},{"damage":40.0,"enemies":"Champ","floor":33.0,"turns":16.0},{"damage":24.0,"enemies":"3 Darklings","floor":35.0,"turns":5.0},{"damage":11.0,"enemies":"3 Shapes","floor":36.0,"turns":5.0},{"damage":24.0,"enemies":"Jaw Worm Horde","floor":38.0,"turns":3.0},{"damage":23.0,"enemies":"3 Darklings","floor":39.0,"turns":5.0},{"damage":10.0,"enemies":"Nemesis","floor":41.0,"turns":10.0},{"damage":28.0,"enemies":"4 Shapes","floor":44.0,"turns":4.0},{"damage":0.0,"enemies":"Sphere and 2 Shapes","floor":48.0,"turns":1.0},{"damage":78,"enemies":"Donu and Deca","floor":50,"turns":9}],"seed_played":"1650139676977127336","potions_obtained":[{"floor":6.0,"key":"Block Potion"},{"floor":11.0,"key":"Energy Potion"},{"floor":18.0,"key":"EntropicBrew"},{"floor":29.0,"key":"Regen Potion"},{"floor":33.0,"key":"Regen Potion"},{"floor":34.0,"key":"SmokeBomb"}],"is_trial":false,"path_per_floor":["M","?","M","M","$","M","M","T","T","R","M","$","?","M","R","B",null,"M","?","M","M","?","R","E","R","T","R","$","M","$","T","R","B",null,"M","M","$","M","M","R","E","R","T","M","?","?","$","M","R","B"],"character_chosen":"THE_SILENT","items_purchased":["Crippling Poison","Footwork","Adrenaline","Noxious Fumes+1"],"campfire_rested":5,"item_purchase_floors":[5,5,30,37],"current_hp_per_floor":[61,61,61,60,60,60,31,31,31,31,23,23,41,38,38,38,64,53,53,44,41,20,41,22,22,22,43,43,13,13,13,13,13,62,53,57,57,33,10,33,23,46,46,18,18,18,18,18,41,0],"gold":23,"neow_bonus":"TEN_PERCENT_HP_BONUS","is_prod":false,"is_daily":false,"chose_seed":false,"campfire_upgraded":4,"win_rate":0,"timestamp":1561338205,"path_taken":["M","?","M","M","$","M","M","?","T","R","M","$","?","M","R","BOSS","M","?","M","M","?","R","E","R","T","R","$","M","?","?","R","BOSS","M","M","$","M","M","R","E","R","T","M","?","?","$","M","R","BOSS"],"build_version":"2019-01-23","purchased_purges":3,"victory":false,"max_hp_per_floor":[72,72,72,72,72,72,72,72,72,72,72,72,72,72,72,72,72,72,72,72,72,72,72,72,72,72,72,72,72,72,72,72,72,77,77,77,77,77,77,77,77,77,77,77,77,77,77,77,77,77],"card_choices":[{"not_picked":["Flying Knee","PiercingWail"],"picked":"Bouncing Flask","floor":1.0},{"not_picked":["Blade Dance","Slice"],"picked":"PiercingWail","floor":3.0},{"not_picked":["PiercingWail","Poisoned Stab"],"picked":"Venomology","floor":4.0},{"not_picked":["Riddle With Holes","Underhanded Strike"],"picked":"Calculated Gamble","floor":6.0},{"not_picked":["Dagger Spray","Prepared","Finisher"],"picked":"SKIP","floor":7.0},{"not_picked":["Envenom","Concentrate"],"picked":"Deadly Poison","floor":11.0},{"not_picked":["Poisoned Stab","Flying Knee","Slice"],"picked":"SKIP","floor":14.0},{"not_picked":["After Image","Bullet Time"],"picked":"Corpse Explosion","floor":16.0},{"not_picked":["Heel Hook"],"picked":"SKIP","floor":18.0},{"not_picked":["Underhanded Strike"],"picked":"SKIP","floor":20.0},{"not_picked":[],"picked":"Distraction+1","floor":24.0},{"not_picked":["Calculated Gamble"],"picked":"SKIP","floor":29.0},{"not_picked":[],"picked":"Die Die Die","floor":33.0},{"not_picked":["Deadly Poison+1"],"picked":"SKIP","floor":35.0},{"not_picked":["Prepared"],"picked":"SKIP","floor":36.0},{"not_picked":[],"picked":"Caltrops+1","floor":38.0},{"not_picked":["Riddle With Holes"],"picked":"SKIP","floor":39.0},{"not_picked":["Slice"],"picked":"SKIP","floor":41.0},{"not_picked":[],"picked":"Dodge and Roll","floor":44.0}],"player_experience":1015781,"relics_obtained":[{"floor":8.0,"key":"Gremlin Horn"},{"floor":9.0,"key":"Pantograph"},{"floor":22.0,"key":"Enchiridion"},{"floor":24.0,"key":"Paper Crane"},{"floor":26.0,"key":"Girya"},{"floor":31.0,"key":"Frozen Egg 2"},{"floor":41.0,"key":"Darkstone Periapt"},{"floor":43.0,"key":"Orichalcum"}],"event_choices":[{"damage_healed":0.0,"max_hp_gain":0.0,"max_hp_loss":0.0,"gold_gain":0.0,"event_name":"Shining Light","player_choice":"Ignored","floor":2.0,"gold_loss":0.0,"damage_taken":0.0},{"damage_healed":18.0,"max_hp_gain":0.0,"max_hp_loss":0.0,"gold_gain":0.0,"event_name":"The Cleric","player_choice":"Healed","floor":13.0,"gold_loss":35.0,"damage_taken":0.0},{"damage_healed":0.0,"max_hp_gain":0.0,"max_hp_loss":0.0,"gold_gain":0.0,"event_name":"The Library","player_choice":"Read","floor":19.0,"gold_loss":0.0,"damage_taken":0.0,"cards_obtained":["Well Laid Plans"]},{"damage_healed":0.0,"max_hp_gain":0.0,"max_hp_loss":0.0,"gold_gain":0.0,"event_name":"Cursed Tome","player_choice":"Obtained Book","floor":22.0,"gold_loss":0.0,"damage_taken":21.0},{"cards_removed":["Strike_G"],"damage_healed":0.0,"max_hp_gain":0.0,"max_hp_loss":0.0,"gold_gain":0.0,"event_name":"Falling","player_choice":"Removed Attack","floor":45.0,"gold_loss":0.0,"damage_taken":0.0},{"damage_healed":0.0,"max_hp_gain":0.0,"max_hp_loss":0.0,"gold_gain":0.0,"event_name":"Tomb of Lord Red Mask","player_choice":"Ignored","floor":46.0,"gold_loss":0.0,"damage_taken":0.0}],"is_beta":false,"boss_relics":[{"not_picked":["Velvet Choker","Cursed Key"],"picked":"Busted Crown"},{"not_picked":["Coffee Dripper","Runic Pyramid"],"picked":"Tiny House"}],"items_purged_floors":[28,37,47],"is_endless":false,"potions_floor_spawned":[6,11,16,18,21,29,33,36,41],"killed_by":"Donu and Deca","ascension_level":20}