{"gold_per_floor":[112,62,62,62,25,59,59,73,73,73,86,106,106,121,121,198,198,215,140,160,85,85,85,119,119,119,119,119,151,151,180,180,254,254,268,320,320,338,50,50,50,79,102,102,122,122,122,7,7,7],"floor_reached":51,"playtime":5462,"items_purged":["Strike_G","Defend_G","Strike_G+1"],"score":1360,"play_id":"c7ef7943-0d1d-4125-88e4-ca5b0394437e","local_time":"20190628224339","is_ascension_mode":true,"campfire_choices":[{"data":"Neutralize","floor":7.0,"key":"SMITH"},{"data":"Dash","floor":10.0,"key":"SMITH"},{"data":"Backflip","floor":13.0,"key":"SMITH"},{"data":"Bouncing Flask","floor":15.0,"key":"SMITH"},{"data":"Burst","floor":23.0,"key":"SMITH"},{"data":"Blur","floor":25.0,"key":"SMITH"},{"data":"PiercingWail","floor":27.0,"key":"SMITH"},{"data":"Survivor","floor":28.0,"key":"SMITH"},{"data":"Defend_G","floor":30.0,"key":"PURGE"},{"floor":32.0,"key":"REST"},{"data":"Night Terror","floor":40.0,"key":"SMITH"},{"data":"Backflip","floor":41.0,"key":"SMITH"},{"data":"Madness","floor":46.0,"key":"SMITH"},{"floor":49,"key":"REST"}],"neow_cost":"NONE","seed_source_timestamp":293579453106200,"circlet_count":0,"master_deck":["AscendersBane","Defend_G+1","Defend_G+1","Defend_G+1","Survivor+1","Neutralize+1","Dash+1","Blur+1","Backflip+1","Bouncing Flask+1","Burst+1","PiercingWail+1","Tools of the Trade+1","Footwork+1","Night Terror+1","Backflip+1","Deadly Poison+1","Footwork+1","Madness+1","Madness+1"],"special_seed":0,"relics":["Ring of the Snake","NeowsBlessing","Peace Pipe","Frozen Egg 2","Velvet Choker","WingedGreaves","Boot","Happy Flower","War Paint","Runic Pyramid","Gambling Chip","Membership Card","Meat on the Bone","Blood Vial"],"potions_floor_usage":[50,50],"damage_taken":[{"damage":0.0,"enemies":"2 Louse","floor":1.0,"turns":1.0},{"damage":0.0,"enemies":"Lagavulin","floor":6.0,"turns":1.0},{"damage":0.0,"enemies":"Jaw Worm","floor":8.0,"turns":1.0},{"damage":0.0,"enemies":"Small Slimes","floor":11.0,"turns":4.0},{"damage":0.0,"enemies":"Blue Slaver","floor":12.0,"turns":5.0},{"damage":0.0,"enemies":"Exordium Wildlife","floor":14.0,"turns":5.0},{"damage":18.0,"enemies":"The Guardian","floor":16.0,"turns":11.0},{"damage":0.0,"enemies":"3 Byrds","floor":18.0,"turns":8.0},{"damage":0.0,"enemies":"Spheric Guardian","floor":20.0,"turns":6.0},{"damage":0.0,"enemies":"Book of Stabbing","floor":24.0,"turns":5.0},{"damage":24.0,"enemies":"Gremlin Leader","floor":29.0,"turns":8.0},{"damage":0.0,"enemies":"Slavers","floor":31.0,"turns":6.0},{"damage":0.0,"enemies":"Champ","floor":33.0,"turns":12.0},{"damage":0.0,"enemies":"3 Darklings","floor":35.0,"turns":12.0},{"damage":16.0,"enemies":"2 Orb Walkers","floor":36.0,"turns":8.0},{"damage":0.0,"enemies":"Orb Walker","floor":38.0,"turns":3.0},{"damage":2.0,"enemies":"Reptomancer","floor":42.0,"turns":8.0},{"damage":1.0,"enemies":"3 Darklings","floor":45.0,"turns":7.0},{"damage":32,"enemies":"Donu and Deca","floor":50,"turns":11}],"seed_played":"-1956901516507606865","potions_obtained":[{"floor":1.0,"key":"Strength Potion"},{"floor":11.0,"key":"SteroidPotion"},{"floor":12.0,"key":"Weak Potion"},{"floor":20.0,"key":"Poison Potion"},{"floor":31.0,"key":"AttackPotion"},{"floor":33.0,"key":"Block Potion"},{"floor":35.0,"key":"Strength Potion"},{"floor":38.0,"key":"Block Potion"}],"is_trial":false,"path_per_floor":["M","?","?","?","$","E","R","M","T","R","M","M","R","M","R","B",null,"M","$","M","?","?","R","E","R","T","R","R","E","R","E","R","B",null,"M","?","?","M","$","R","R","E","T","?","M","R","?","$","R","B",null],"character_chosen":"THE_SILENT","items_purchased":["Dash","Membership Card","Footwork+1","AttackPotion","SkillPotion"],"campfire_rested":2,"item_purchase_floors":[5,39,39,48,48],"current_hp_per_floor":[59,59,46,46,46,46,46,46,46,46,46,46,46,46,46,28,57,57,57,57,57,57,57,57,57,57,57,57,33,33,33,52,52,63,63,47,47,47,47,47,47,45,45,37,38,38,38,38,57,39],"gold":7,"neow_bonus":"THREE_ENEMY_KILL","is_prod":false,"is_daily":false,"chose_seed":false,"campfire_upgraded":11,"win_rate":0,"timestamp":1561776219,"path_taken":["M","?","?","?","?","E","R","M","T","R","M","?","R","M","R","BOSS","M","$","M","?","?","R","E","R","T","R","R","E","R","E","R","BOSS","M","?","?","?","$","R","R","E","T","?","M","R","?","$","R","BOSS"],"build_version":"2019-01-23","purchased_purges":3,"victory":true,"max_hp_per_floor":[66,66,66,66,66,66,66,66,66,66,66,66,66,66,66,66,66,66,66,66,66,66,66,66,66,66,66,66,66,66,66,66,66,66,66,66,66,66,66,66,66,66,66,66,66,66,66,66,66,66],"card_choices":[{"not_picked":["Reflex","Bane","Underhanded Strike"],"picked":"SKIP","floor":1.0},{"not_picked":["Dodge and Roll","Sucker Punch"],"picked":"Blur","floor":6.0},{"not_picked":["Terror","Slice","Concentrate"],"picked":"SKIP","floor":8.0},{"not_picked":["Sucker Punch","Distraction","Underhanded Strike"],"picked":"SKIP","floor":11.0},{"not_picked":["Sucker Punch","Distraction","Underhanded Strike"],"picked":"SKIP","floor":11.0},{"not_picked":["Masterful Stab","Outmaneuver"],"picked":"Backflip","floor":12.0},{"not_picked":["Finisher","Flying Knee"],"picked":"Bouncing Flask","floor":14.0},{"not_picked":["Grand Finale","Envenom+1"],"picked":"Burst","floor":16.0},{"not_picked":["Deadly Poison","All Out Attack","Concentrate"],"picked":"SKIP","floor":18.0},{"not_picked":["Distraction","Deadly Poison"],"picked":"PiercingWail","floor":20.0},{"not_picked":["Dagger Throw","Prepared"],"picked":"Tools of the Trade+1","floor":24.0},{"not_picked":["Accuracy+1","Dagger Spray"],"picked":"Footwork+1","floor":29.0},{"not_picked":["Predator","Setup","All Out Attack"],"picked":"SKIP","floor":31.0},{"not_picked":["Grand Finale","Die Die Die"],"picked":"Night Terror","floor":33.0},{"not_picked":["Quick Slash","Caltrops+1"],"picked":"Backflip","floor":35.0},{"not_picked":["Flechettes","Backflip+1"],"picked":"Deadly Poison+1","floor":38.0},{"not_picked":["Poisoned Stab","Distraction","Dash"],"picked":"SKIP","floor":42.0},{"not_picked":["Bane","Dagger Throw+1","Riddle With Holes"],"picked":"SKIP","floor":45.0}],"player_experience":149574,"relics_obtained":[{"floor":6.0,"key":"Peace Pipe"},{"floor":9.0,"key":"Frozen Egg 2"},{"floor":24.0,"key":"WingedGreaves"},{"floor":26.0,"key":"Boot"},{"floor":29.0,"key":"Happy Flower"},{"floor":31.0,"key":"War Paint"},{"floor":36.0,"key":"Gambling Chip"},{"floor":42.0,"key":"Meat on the Bone"},{"floor":43.0,"key":"Blood Vial"}],"event_choices":[{"cards_removed":["Strike_G"],"damage_healed":0.0,"max_hp_gain":0.0,"max_hp_loss":0.0,"gold_gain":0.0,"event_name":"The Cleric","player_choice":"Card Removal","floor":2.0,"gold_loss":50.0,"damage_taken":0.0},{"damage_healed":0.0,"max_hp_gain":0.0,"max_hp_loss":0.0,"gold_gain":0.0,"event_name":"Shining Light","player_choice":"Entered Light","floor":3.0,"gold_loss":0.0,"damage_taken":13.0,"cards_upgraded":["Strike_G","Defend_G"]},{"cards_removed":["Strike_G"],"damage_healed":0.0,"max_hp_gain":0.0,"max_hp_loss":0.0,"gold_gain":0.0,"event_name":"Living Wall","player_choice":"Forget","floor":4.0,"gold_loss":0.0,"damage_taken":0.0},{"cards_removed":["Strike_G"],"damage_healed":0.0,"max_hp_gain":0.0,"max_hp_loss":0.0,"gold_gain":0.0,"event_name":"Beggar","player_choice":"Gave Gold","floor":21.0,"gold_loss":75.0,"damage_taken":0.0},{"damage_healed":0.0,"max_hp_gain":0.0,"max_hp_loss":0.0,"gold_gain":0.0,"event_name":"Vampires","player_choice":"Ignored","floor":22.0,"gold_loss":0.0,"damage_taken":0.0},{"damage_healed":0.0,"max_hp_gain":0.0,"max_hp_loss":0.0,"gold_gain":0.0,"event_name":"Mysterious Sphere","player_choice":"Fight","floor":36.0,"gold_loss":0.0,"damage_taken":0.0},{"damage_healed":0.0,"max_hp_gain":0.0,"max_hp_loss":0.0,"gold_gain":0.0,"event_name":"SecretPortal","player_choice":"Ignored","floor":37.0,"gold_loss":0.0,"damage_taken":0.0},{"damage_healed":0.0,"max_hp_gain":0.0,"max_hp_loss":0.0,"gold_gain":0.0,"event_name":"Winding Halls","player_choice":"Embrace Madness","floor":44.0,"gold_loss":0.0,"damage_taken":8.0,"cards_obtained":["Madness","Madness"]},{"damage_healed":0.0,"max_hp_gain":0.0,"max_hp_loss":0.0,"gold_gain":0.0,"event_name":"Accursed Blacksmith","player_choice":"Forge","floor":47.0,"gold_loss":0.0,"damage_taken":0.0,"cards_upgraded":["Madness"]}],"is_beta":false,"boss_relics":[{"not_picked":["Eternal Feather","Snecko Eye"],"picked":"Velvet Choker"},{"not_picked":["Pandora\u0027s Box","Fusion Hammer"],"picked":"Runic Pyramid"}],"items_purged_floors":[19,39,48],"is_endless":false,"potions_floor_spawned":[1,11,12,20,31,33,35,38],"ascension_level":14}