{"gold_per_floor":[113,113,125,55,74,74,105,131,168,180,192,229,241,268,280,411,423,423,423,423,348,348,348,348,348,348,348,41,41,41,41,41,41,41,41,41,41,41,41,41,41,41,41,41,41,41,3,3],"floor_reached":48,"playtime":2537,"items_purged":[],"score":483,"play_id":"5fc2a0dd-544d-47a5-b42b-5b7a742465f0","local_time":"20181028185337","is_ascension_mode":true,"campfire_choices":[{"data":"A Thousand Cuts","floor":6,"key":"SMITH"},{"data":"Footwork","floor":10,"key":"SMITH"},{"floor":15,"key":"REST"},{"floor":23,"key":"REST"},{"data":"Noxious Fumes","floor":25,"key":"SMITH"},{"data":"Envenom","floor":27,"key":"SMITH"},{"data":"Neutralize","floor":29,"key":"SMITH"},{"floor":32,"key":"REST"},{"data":"Night Terror","floor":40,"key":"SMITH"},{"data":"Deflect","floor":42,"key":"SMITH"},{"floor":44,"key":"REST"}],"neow_cost":"TEN_PERCENT_HP_LOSS","seed_source_timestamp":1582574893067222,"circlet_count":0,"master_deck":["Survivor","Neutralize+1","A Thousand Cuts+1","Malaise","Dodge and Roll","Flying Knee","Footwork+1","Deflect+1","Quick Slash","Expertise","PiercingWail","Deflect","Envenom+1","Sucker Punch","Backstab","Noxious Fumes+1","Corpse Explosion","Well Laid Plans","Backflip+1","Night Terror+1","Deadly Poison","Dagger Spray","Backstab","Eviscerate","Infinite Blades","Bane","Footwork+1","Blur+1","Outmaneuver+1","Predator+1","Slice+1","Good Instincts","Footwork"],"relics":["Ring of the Snake","MawBank","Dream Catcher","Pen Nib","Golden Idol","Ectoplasm","Blue Candle","Unceasing Top","Orichalcum","Pandora\u0027s Box","Pocketwatch","Mango"],"potions_floor_usage":[16,16,31,41,41],"damage_taken":[{"damage":3,"enemies":"Small Slimes","floor":1,"turns":5},{"damage":0,"enemies":"2 Louse","floor":3,"turns":4},{"damage":0,"enemies":"Cultist","floor":5,"turns":4},{"damage":4,"enemies":"Lagavulin","floor":7,"turns":11},{"damage":10,"enemies":"Large Slime","floor":8,"turns":5},{"damage":34,"enemies":"Gremlin Nob","floor":12,"turns":5},{"damage":8,"enemies":"Blue Slaver","floor":14,"turns":3},{"damage":14,"enemies":"The Guardian","floor":16,"turns":15},{"damage":17,"enemies":"3 Byrds","floor":18,"turns":5},{"damage":15,"enemies":"Spheric Guardian","floor":19,"turns":6},{"damage":9,"enemies":"3 Cultists","floor":20,"turns":5},{"damage":9,"enemies":"Snake Plant","floor":22,"turns":6},{"damage":0,"enemies":"Centurion and Healer","floor":24,"turns":5},{"damage":7,"enemies":"Book of Stabbing","floor":31,"turns":6},{"damage":21,"enemies":"Automaton","floor":33,"turns":12},{"damage":8,"enemies":"Orb Walker","floor":35,"turns":4},{"damage":7,"enemies":"3 Shapes","floor":36,"turns":4},{"damage":13,"enemies":"Jaw Worm Horde","floor":38,"turns":4},{"damage":5,"enemies":"Mind Bloom Boss Battle","floor":39,"turns":8},{"damage":22,"enemies":"Transient","floor":41,"turns":5},{"damage":23,"enemies":"Spire Growth","floor":45,"turns":5},{"damage":23,"enemies":"Writhing Mass","floor":48,"turns":1}],"seed_played":"3454807673506612468","potions_obtained":[{"floor":7,"key":"SpeedPotion"},{"floor":14,"key":"Block Potion"},{"floor":20,"key":"GamblersBrew"},{"floor":22,"key":"Weak Potion"},{"floor":31,"key":"Weak Potion"},{"floor":38,"key":"Explosive Potion"}],"is_trial":false,"path_per_floor":["M","?","M","$","M","R","E","M","T","R","?","E","?","M","R","B",null,"M","M","M","?","M","R","M","R","T","R","$","R","?","E","R","B",null,"M","M","$","M","?","R","M","R","T","R","M","?","$"],"character_chosen":"THE_SILENT","items_purchased":["Footwork","Unceasing Top","Footwork"],"campfire_rested":4,"item_purchase_floors":[4,28,47],"current_hp_per_floor":[60,53,53,53,53,53,49,39,39,39,60,26,26,18,35,21,58,41,26,17,17,8,25,25,25,25,25,25,25,25,18,35,14,58,50,43,43,30,25,25,3,3,17,38,15,15,15,0],"gold":3,"neow_bonus":"TRANSFORM_TWO_CARDS","is_prod":false,"is_daily":false,"chose_seed":false,"campfire_upgraded":7,"win_rate":0,"timestamp":1540767217,"path_taken":["M","?","?","$","M","R","E","M","T","R","?","E","?","M","R","BOSS","M","M","M","?","M","R","?","R","T","R","$","R","?","E","R","BOSS","M","M","?","M","?","R","?","R","T","R","M","?","?","?"],"build_version":"2018-10-25v2","purchased_purges":0,"victory":false,"max_hp_per_floor":[63,63,63,63,63,63,63,63,63,63,63,63,58,58,58,58,58,58,58,58,58,58,58,58,58,58,58,58,58,58,58,58,58,58,58,58,58,58,58,58,58,58,72,72,72,72,72,72],"card_choices":[{"not_picked":["Prepared","Endless Agony"],"picked":"Dodge and Roll","floor":1},{"not_picked":["Outmaneuver","Dodge and Roll"],"picked":"Flying Knee","floor":3},{"not_picked":["Deadly Poison","Expertise"],"picked":"Deflect","floor":5},{"not_picked":["Tactician","Caltrops"],"picked":"Quick Slash","floor":7},{"not_picked":["Endless Agony","Wraith Form v2"],"picked":"Expertise","floor":8},{"not_picked":["Skewer","Finisher","Deadly Poison"],"picked":"SKIP","floor":12},{"not_picked":["Flying Knee","Prepared"],"picked":"PiercingWail","floor":14},{"not_picked":["Slice","Outmaneuver"],"picked":"Deflect","floor":15},{"not_picked":["Tools of the Trade","Doppelganger"],"picked":"Envenom","floor":16},{"not_picked":["Underhanded Strike","Cloak And Dagger"],"picked":"Sucker Punch","floor":18},{"not_picked":["Finisher+1","Tactician"],"picked":"Backstab","floor":19},{"not_picked":["Dodge and Roll","Prepared+1"],"picked":"Noxious Fumes","floor":20},{"not_picked":["Poisoned Stab","Infinite Blades","Cloak And Dagger+1"],"picked":"SKIP","floor":22},{"not_picked":["Dodge and Roll","Deflect+1"],"picked":"Corpse Explosion","floor":23},{"not_picked":["Tactician","Acrobatics+1"],"picked":"Well Laid Plans","floor":24},{"not_picked":["Backstab","Escape Plan"],"picked":"Backflip+1","floor":31},{"not_picked":["Phantasmal Killer","Malaise"],"picked":"Night Terror","floor":33},{"not_picked":["Heel Hook","Expertise+1"],"picked":"Footwork+1","floor":35},{"not_picked":["Dagger Throw+1","Riddle With Holes"],"picked":"Blur+1","floor":36},{"not_picked":["Acrobatics+1","Expertise+1"],"picked":"Outmaneuver+1","floor":38},{"not_picked":["Poisoned Stab","Outmaneuver","Backflip"],"picked":"SKIP","floor":41},{"not_picked":["Quick Slash+1","Choke"],"picked":"Predator+1","floor":44},{"not_picked":["Choke+1","Bouncing Flask+1"],"picked":"Slice+1","floor":45},{"not_picked":["Deep Breath","Transmutation"],"picked":"Good Instincts","floor":46}],"player_experience":115310,"relics_obtained":[{"floor":7,"key":"MawBank"},{"floor":9,"key":"Dream Catcher"},{"floor":12,"key":"Pen Nib"},{"floor":26,"key":"Blue Candle"},{"floor":31,"key":"Orichalcum"},{"floor":39,"key":"Pocketwatch"},{"floor":43,"key":"Mango"}],"event_choices":[{"cards_removed":["Defend_G"],"damage_healed":0,"gold_gain":0,"player_choice":"Card Removal","damage_taken":7,"max_hp_gain":0,"max_hp_loss":0,"event_name":"Golden Wing","floor":2,"gold_loss":0},{"damage_healed":21,"gold_gain":0,"player_choice":"Banana","damage_taken":0,"max_hp_gain":0,"max_hp_loss":0,"event_name":"Big Fish","floor":11,"gold_loss":0},{"damage_healed":0,"gold_gain":0,"player_choice":"Lose Max HP","damage_taken":0,"relics_obtained":["Golden Idol"],"max_hp_gain":0,"max_hp_loss":5,"event_name":"Golden Idol","floor":13,"gold_loss":0},{"cards_removed":["Strike_G"],"damage_healed":0,"gold_gain":0,"player_choice":"Gave Gold","damage_taken":0,"max_hp_gain":0,"max_hp_loss":0,"event_name":"Beggar","floor":21,"gold_loss":75},{"damage_healed":0,"gold_gain":100,"player_choice":"Pray","damage_taken":0,"max_hp_gain":0,"max_hp_loss":0,"event_name":"Golden Shrine","floor":30,"gold_loss":0},{"damage_healed":0,"gold_gain":0,"player_choice":"Fight","damage_taken":0,"max_hp_gain":0,"max_hp_loss":0,"event_name":"MindBloom","floor":39,"gold_loss":0},{"damage_healed":0,"gold_gain":0,"player_choice":"Memory 1","damage_taken":0,"max_hp_gain":0,"max_hp_loss":0,"event_name":"SensoryStone","floor":46,"gold_loss":0}],"is_beta":false,"boss_relics":[{"not_picked":["Runic Pyramid","Velvet Choker"],"picked":"Ectoplasm"},{"not_picked":["Eternal Feather","Busted Crown"],"picked":"Pandora\u0027s Box"}],"items_purged_floors":[],"is_endless":false,"potions_floor_spawned":[7,14,20,22,31,38,39],"killed_by":"Writhing Mass","ascension_level":1}