{"gold_per_floor":[115,125,125,142,66,93,93,93,161,179,179],"floor_reached":11,"playtime":910,"items_purged":[],"score":77,"play_id":"fdad7f09-3d87-4308-b8cb-9340036e3ad0","local_time":"20190219174151","is_ascension_mode":true,"campfire_choices":[{"floor":8,"key":"REST"}],"neow_cost":"TEN_PERCENT_HP_LOSS","seed_source_timestamp":216777151091600,"circlet_count":0,"master_deck":["Defend_G","Defend_G","Strike_G","Strike_G","Strike_G","Strike_G","Survivor","Neutralize","Backstab","Prepared","Escape Plan","Well Laid Plans","Calculated Gamble","Acrobatics"],"relics":["Ring of the Snake","Blood Vial","Frozen Egg 2"],"potions_floor_usage":[6],"damage_taken":[{"damage":1,"enemies":"Cultist","floor":1,"turns":4},{"damage":0,"enemies":"Small Slimes","floor":2,"turns":3},{"damage":0,"enemies":"2 Louse","floor":4,"turns":2},{"damage":60,"enemies":"3 Sentries","floor":6,"turns":14},{"damage":26,"enemies":"Gremlin Gang","floor":10,"turns":6}],"seed_played":"-4110868127405365973","potions_obtained":[{"floor":1,"key":"Regen Potion"},{"floor":6,"key":"Strength Potion"},{"floor":10,"key":"Regen Potion"}],"is_trial":false,"path_per_floor":["M","M","?","M","$","E","?","R","T","M","?"],"character_chosen":"THE_SILENT","items_purchased":["Well Laid Plans"],"campfire_rested":1,"item_purchase_floors":[5],"current_hp_per_floor":[62,62,62,62,62,15,15,33,33,9,0],"gold":179,"neow_bonus":"REMOVE_TWO","is_prod":false,"is_daily":false,"chose_seed":false,"campfire_upgraded":0,"win_rate":0,"timestamp":1550598111,"path_taken":["M","?","?","M","$","E","?","R","T","?","?"],"build_version":"2019-01-23","purchased_purges":0,"victory":false,"max_hp_per_floor":[63,63,63,63,63,63,63,63,63,63,63],"card_choices":[{"not_picked":["Escape Plan","Dagger Throw"],"picked":"Backstab","floor":1},{"not_picked":["Accuracy","Crippling Poison"],"picked":"Prepared","floor":2},{"not_picked":["Predator","Underhanded Strike"],"picked":"Escape Plan","floor":4},{"not_picked":["Heel Hook","Masterful Stab"],"picked":"Calculated Gamble","floor":6},{"not_picked":["Skewer","Noxious Fumes+1"],"picked":"Acrobatics","floor":10}],"player_experience":172740,"relics_obtained":[{"floor":6,"key":"Blood Vial"},{"floor":9,"key":"Frozen Egg 2"}],"event_choices":[{"cards_removed":["Defend_G"],"damage_healed":0,"gold_gain":0,"player_choice":"Forget","damage_taken":0,"max_hp_gain":0,"max_hp_loss":0,"event_name":"Living Wall","floor":3,"gold_loss":0},{"cards_removed":["Defend_G"],"damage_healed":0,"gold_gain":0,"player_choice":"Offered Basic","damage_taken":0,"max_hp_gain":0,"max_hp_loss":0,"event_name":"Bonfire Elementals","floor":7,"gold_loss":0}],"is_beta":false,"boss_relics":[],"items_purged_floors":[],"is_endless":false,"potions_floor_spawned":[1,6,10],"ascension_level":1}