{"gold_per_floor":[112,127,52,69,19,52,52,70,70,100,127,127],"floor_reached":12,"playtime":422,"items_purged":[],"score":110,"play_id":"653da225-527f-4268-95dc-0ffdd999d972","local_time":"20190612114040","is_ascension_mode":true,"campfire_choices":[],"neow_cost":"NONE","seed_source_timestamp":54122594822700,"circlet_count":0,"master_deck":["Strike_B","Strike_B","Defend_B","Defend_B","Defend_B","Defend_B","Zap","Dualcast","Static Discharge","Defragment","Self Repair","Darkness","Steam","Coolheaded","Biased Cognition","Hologram"],"relics":["Cracked Core","Anchor","Meat on the Bone","Mummified Hand","Odd Mushroom"],"potions_floor_usage":[12],"damage_taken":[{"damage":8,"enemies":"Small Slimes","floor":1,"turns":4},{"damage":1,"enemies":"2 Louse","floor":2,"turns":3},{"damage":3,"enemies":"Jaw Worm","floor":4,"turns":4},{"damage":25,"enemies":"Lagavulin","floor":6,"turns":7},{"damage":9,"enemies":"Looter","floor":8,"turns":4},{"damage":44,"enemies":"Gremlin Nob","floor":10,"turns":5},{"damage":24,"enemies":"The Mushroom Lair","floor":11,"turns":4},{"damage":20,"enemies":"3 Sentries","floor":12,"turns":2}],"seed_played":"5706117410350510298","potions_obtained":[{"floor":1,"key":"GamblersBrew"}],"is_trial":false,"path_per_floor":["M","M","$","M","?","E","?","M","T","E","?","E"],"character_chosen":"DEFECT","items_purchased":["Self Repair"],"campfire_rested":0,"item_purchase_floors":[3],"current_hp_per_floor":[74,73,73,77,77,59,52,50,50,25,20,0],"gold":127,"neow_bonus":"TEN_PERCENT_HP_BONUS","is_prod":false,"is_daily":false,"chose_seed":false,"campfire_upgraded":0,"win_rate":0,"timestamp":1560354040,"path_taken":["M","M","$","M","?","E","?","M","T","E","?","E"],"build_version":"2019-01-23","purchased_purges":0,"victory":false,"max_hp_per_floor":[82,82,82,82,82,82,82,82,82,82,82,82],"card_choices":[{"not_picked":["Hello World","Compile Driver"],"picked":"Static Discharge","floor":1},{"not_picked":["Gash","Leap"],"picked":"Defragment","floor":2},{"not_picked":["Compile Driver","Go for the Eyes"],"picked":"Darkness","floor":4},{"not_picked":["Hello World","Melter"],"picked":"Steam","floor":6},{"not_picked":["Leap","Scrape"],"picked":"Coolheaded","floor":8},{"not_picked":["Redo","Scrape"],"picked":"Biased Cognition","floor":10},{"not_picked":["Beam Cell","Coolheaded"],"picked":"Hologram","floor":11}],"player_experience":252519,"relics_obtained":[{"floor":6,"key":"Anchor"},{"floor":9,"key":"Meat on the Bone"},{"floor":10,"key":"Mummified Hand"},{"floor":11,"key":"Odd Mushroom"}],"event_choices":[{"cards_removed":["Strike_B"],"damage_healed":0,"gold_gain":0,"player_choice":"Card Removal","damage_taken":0,"max_hp_gain":0,"max_hp_loss":0,"event_name":"The Cleric","floor":5,"gold_loss":50},{"cards_removed":["Strike_B"],"damage_healed":0,"gold_gain":0,"player_choice":"Card Removal","damage_taken":7,"max_hp_gain":0,"max_hp_loss":0,"event_name":"Golden Wing","floor":7,"gold_loss":0},{"damage_healed":0,"gold_gain":0,"player_choice":"Fought Mushrooms","damage_taken":0,"max_hp_gain":0,"max_hp_loss":0,"event_name":"Mushrooms","floor":11,"gold_loss":0}],"is_beta":false,"boss_relics":[],"items_purged_floors":[],"is_endless":false,"potions_floor_spawned":[1],"killed_by":"3 Sentries","ascension_level":5}