{"gold_per_floor":[213,223,22,22,22,56,56,81,133,161,336,411,424,449,449,544,544,564,591,591,34,45,45,45,75,75,104,121,133,149,174,174,270,270,288,248,264,280,294,329,329,1,50,50,101,116,147,22,22,22],"floor_reached":50,"playtime":3708,"items_purged":[],"score":888,"play_id":"b9c0a067-3b5f-4532-9f4d-c040cb6e135a","local_time":"20190313175547","is_ascension_mode":true,"campfire_choices":[{"floor":7,"key":"REST"},{"floor":15,"key":"REST"},{"floor":23,"key":"REST"},{"data":"Dark Embrace","floor":32,"key":"SMITH"},{"floor":41,"key":"REST"},{"floor":49,"key":"RECALL"}],"neow_cost":"NONE","seed_source_timestamp":1038554898654100,"circlet_count":0,"master_deck":["Strike_R+1","Strike_R","Strike_R","Strike_R","Strike_R","Defend_R","Defend_R","Defend_R","Defend_R","Bash+1","Shrug It Off","Armaments","Sword Boomerang","Infernal Blade","Armaments","Second Wind","Fiend Fire+1","Feed+1","Rupture","Anger+1","Twin Strike+1","Metallicize","Dropkick+1","Sword Boomerang+1","Metallicize","Flame Barrier+1","Armaments","Immolate+1","Cleave+1","Feel No Pain","Cleave+1","Dark Embrace+1","Rampage+1","Feed+1","Havoc+1","Fire Breathing+1","Bloodletting+1","Whirlwind+1","Cleave+1","Thunderclap+1","Heavy Blade+1","Shrug It Off+1","Wild Strike+1","Intimidate","Mind Blast+1","Madness","Madness","Infernal Blade","Thunderclap+1","Cleave+1","Feel No Pain+1","Flash of Steel+1","Hemokinesis+1"],"relics":["Burning Blood","Brimstone","Oddly Smooth Stone","Potion Belt","Pocketwatch","Lantern","Molten Egg 2","Bag of Marbles","Empty Cage","Red Mask","Blue Candle","Whetstone","Prayer Wheel","Pen Nib","Kunai","Anchor","Dream Catcher","Mark of Pain","Dead Branch","Question Card","Ice Cream","MawBank"],"potions_floor_usage":[10,14,22,27,29,31,33,33,35,40,40,47],"damage_taken":[{"damage":7,"enemies":"Small Slimes","floor":1,"turns":4},{"damage":7,"enemies":"2 Louse","floor":2,"turns":5},{"damage":49,"enemies":"3 Sentries","floor":6,"turns":7},{"damage":20,"enemies":"Lagavulin","floor":8,"turns":5},{"damage":6,"enemies":"Gremlin Nob","floor":10,"turns":3},{"damage":0,"enemies":"Jaw Worm","floor":13,"turns":2},{"damage":35,"enemies":"Lagavulin","floor":14,"turns":4},{"damage":18,"enemies":"The Guardian","floor":16,"turns":5},{"damage":14,"enemies":"Chosen","floor":18,"turns":3},{"damage":12,"enemies":"Masked Bandits","floor":19,"turns":3},{"damage":20,"enemies":"3 Byrds","floor":22,"turns":4},{"damage":9,"enemies":"Gremlin Leader","floor":25,"turns":3},{"damage":3,"enemies":"Book of Stabbing","floor":27,"turns":3},{"damage":0,"enemies":"3 Cultists","floor":28,"turns":3},{"damage":0,"enemies":"Cultist and Chosen","floor":29,"turns":3},{"damage":0,"enemies":"Snecko","floor":30,"turns":2},{"damage":26,"enemies":"Slavers","floor":31,"turns":3},{"damage":26,"enemies":"Automaton","floor":33,"turns":6},{"damage":0,"enemies":"3 Darklings","floor":35,"turns":3},{"damage":6,"enemies":"3 Shapes","floor":37,"turns":2},{"damage":19,"enemies":"Transient","floor":38,"turns":5},{"damage":3,"enemies":"3 Darklings","floor":39,"turns":1},{"damage":70,"enemies":"Nemesis","floor":40,"turns":5},{"damage":10,"enemies":"2 Orb Walkers","floor":45,"turns":3},{"damage":0,"enemies":"Sphere and 2 Shapes","floor":46,"turns":2},{"damage":0,"enemies":"Giant Head","floor":47,"turns":5},{"damage":56,"enemies":"Awakened One","floor":50,"turns":4}],"seed_played":"1830166615142761411","potions_obtained":[{"floor":8,"key":"Poison Potion"},{"floor":10,"key":"Poison Potion"},{"floor":13,"key":"GamblersBrew"},{"floor":14,"key":"Swift Potion"},{"floor":16,"key":"GamblersBrew"},{"floor":25,"key":"Weak Potion"},{"floor":27,"key":"Dexterity Potion"},{"floor":28,"key":"Explosive Potion"},{"floor":29,"key":"Energy Potion"},{"floor":33,"key":"BloodPotion"},{"floor":38,"key":"GamblersBrew"},{"floor":46,"key":"Ancient Potion"}],"is_trial":false,"path_per_floor":["M","M","$","?","?","E","R","E","T","E","?","?","M","E","R","B",null,"M","?","?","$","M","R","?","E","T","E","M","M","M","E","R","B",null,"M","?","M","M","M","E","R","$","T","?","?","M","E","$","R","B"],"character_chosen":"IRONCLAD","items_purchased":["Brimstone","Whetstone","Twin Strike+1","Metallicize","Prayer Wheel","Mind Blast+1","Question Card","Flash of Steel+1","Hemokinesis+1"],"campfire_rested":4,"item_purchase_floors":[3,21,21,21,21,42,42,48,48],"current_hp_per_floor":[79,78,78,78,78,35,59,45,45,45,45,34,40,11,35,23,80,72,70,70,70,60,86,86,83,83,86,92,92,96,76,76,56,96,96,96,96,83,86,31,59,59,59,47,43,49,55,55,55,0],"gold":22,"neow_bonus":"HUNDRED_GOLD","is_prod":false,"is_daily":false,"chose_seed":false,"campfire_upgraded":1,"win_rate":0,"timestamp":1552499747,"path_taken":["M","M","$","?","?","E","R","E","T","E","?","?","M","E","R","BOSS","M","?","?","$","M","R","?","E","T","E","M","M","?","E","R","BOSS","M","?","?","M","M","E","R","?","T","?","?","M","E","$","R","BOSS"],"build_version":"2019-01-23","purchased_purges":0,"victory":false,"max_hp_per_floor":[80,80,80,80,80,80,80,80,80,80,80,80,80,80,80,80,80,80,84,84,84,88,88,88,88,88,88,92,92,96,96,96,96,96,96,96,96,96,96,96,96,96,96,96,96,96,96,96,96,96],"card_choices":[{"not_picked":["Sword Boomerang","Clash"],"picked":"Shrug It Off","floor":1},{"not_picked":["Reckless Charge","Sever Soul"],"picked":"Armaments","floor":2},{"not_picked":["Berserk","Clash"],"picked":"Sword Boomerang","floor":6},{"not_picked":["Seeing Red","Clothesline"],"picked":"Infernal Blade","floor":8},{"not_picked":["Perfected Strike","True Grit"],"picked":"Armaments","floor":10},{"not_picked":["Rupture","Flex"],"picked":"Second Wind","floor":13},{"not_picked":["Clothesline+1","Dropkick+1"],"picked":"Fiend Fire+1","floor":14},{"not_picked":["Double Tap","Brutality"],"picked":"Feed+1","floor":16},{"not_picked":["Armaments","Clothesline+1"],"picked":"Rupture","floor":18},{"not_picked":["Headbutt+1","Armaments"],"picked":"Anger+1","floor":19},{"not_picked":["Power Through","Second Wind"],"picked":"Dropkick+1","floor":22},{"not_picked":["Clash+1","Flex"],"picked":"Sword Boomerang+1","floor":22},{"not_picked":["Body Slam+1","Headbutt+1"],"picked":"Metallicize","floor":25},{"not_picked":["Warcry+1","Evolve"],"picked":"Flame Barrier+1","floor":27},{"not_picked":["Body Slam+1","Perfected Strike+1"],"picked":"Armaments","floor":28},{"not_picked":["Anger+1","Shrug It Off+1"],"picked":"Immolate+1","floor":28},{"not_picked":["Headbutt+1","Sword Boomerang+1"],"picked":"Cleave+1","floor":29},{"not_picked":["Intimidate+1","Searing Blow+1"],"picked":"Feel No Pain","floor":29},{"not_picked":["Power Through+1","Perfected Strike+1"],"picked":"Cleave+1","floor":30},{"not_picked":["Shrug It Off","Wild Strike+1"],"picked":"Dark Embrace","floor":30},{"not_picked":["Sentinel","Perfected Strike+1"],"picked":"Rampage+1","floor":31},{"not_picked":["Brutality","Bludgeon+1"],"picked":"Feed+1","floor":33},{"not_picked":["Sword Boomerang+1","Carnage+1"],"picked":"Havoc+1","floor":35},{"not_picked":["Second Wind+1","Havoc+1"],"picked":"Fire Breathing","floor":35},{"not_picked":["Body Slam+1","Disarm+1"],"picked":"Bloodletting+1","floor":37},{"not_picked":["True Grit+1","Fire Breathing"],"picked":"Whirlwind+1","floor":37},{"not_picked":["Fire Breathing","Warcry"],"picked":"Cleave+1","floor":38},{"not_picked":["Clash+1","Pommel Strike+1"],"picked":"Thunderclap+1","floor":38},{"not_picked":["Headbutt+1","Dark Embrace"],"picked":"Heavy Blade+1","floor":39},{"not_picked":["Burning Pact","Twin Strike+1"],"picked":"Shrug It Off+1","floor":39},{"not_picked":["Second Wind+1","Pommel Strike+1"],"picked":"Wild Strike+1","floor":40},{"not_picked":["Ghostly Armor+1","Body Slam+1"],"picked":"Intimidate","floor":41},{"not_picked":["Shockwave","Armaments","Second Wind+1"],"picked":"Infernal Blade","floor":45},{"not_picked":["Perfected Strike+1","Flex","Carnage+1"],"picked":"Thunderclap+1","floor":46},{"not_picked":["Blood for Blood+1","Havoc+1","Body Slam+1"],"picked":"Cleave+1","floor":46},{"not_picked":["Uppercut+1","Wild Strike+1","Rampage+1"],"picked":"Feel No Pain+1","floor":47}],"player_experience":302769,"relics_obtained":[{"floor":6,"key":"Potion Belt"},{"floor":8,"key":"Pocketwatch"},{"floor":9,"key":"Lantern"},{"floor":10,"key":"Molten Egg 2"},{"floor":14,"key":"Bag of Marbles"},{"floor":19,"key":"Red Mask"},{"floor":25,"key":"Pen Nib"},{"floor":26,"key":"Kunai"},{"floor":27,"key":"Anchor"},{"floor":31,"key":"Dream Catcher"},{"floor":40,"key":"Dead Branch"},{"floor":45,"key":"Ice Cream"},{"floor":47,"key":"MawBank"}],"event_choices":[{"damage_healed":0,"gold_gain":0,"player_choice":"Leave","damage_taken":0,"max_hp_gain":0,"max_hp_loss":0,"event_name":"The Cleric","floor":4,"gold_loss":0},{"damage_healed":0,"gold_gain":0,"player_choice":"Box","damage_taken":0,"relics_obtained":["Oddly Smooth Stone"],"max_hp_gain":0,"max_hp_loss":0,"event_name":"Big Fish","floor":5,"gold_loss":0,"cards_obtained":["Regret"]},{"damage_healed":0,"gold_gain":175,"player_choice":"AGREE","damage_taken":0,"max_hp_gain":0,"max_hp_loss":0,"event_name":"Liars Game","floor":11,"gold_loss":0,"cards_obtained":["Doubt"]},{"damage_healed":0,"gold_gain":75,"player_choice":"Gather Gold","damage_taken":11,"max_hp_gain":0,"max_hp_loss":0,"event_name":"World of Goop","floor":12,"gold_loss":0},{"damage_healed":0,"gold_gain":0,"player_choice":"Fought Bandits","damage_taken":0,"max_hp_gain":0,"max_hp_loss":0,"event_name":"Masked Bandits","floor":19,"gold_loss":0},{"damage_healed":0,"gold_gain":0,"player_choice":"Stole Relic","damage_taken":0,"relics_obtained":["Blue Candle"],"max_hp_gain":0,"max_hp_loss":0,"event_name":"Addict","floor":20,"gold_loss":0,"cards_obtained":["Shame"]},{"cards_removed":["Shame"],"damage_healed":0,"gold_gain":0,"player_choice":"Removed Curses","damage_taken":0,"max_hp_gain":0,"max_hp_loss":0,"event_name":"Fountain of Cleansing","floor":24,"gold_loss":0},{"damage_healed":0,"gold_gain":0,"player_choice":"Upgrade","damage_taken":0,"max_hp_gain":0,"max_hp_loss":0,"event_name":"Designer","floor":36,"gold_loss":40,"cards_upgraded":["Fire Breathing"]},{"damage_healed":0,"gold_gain":0,"player_choice":"Embrace Madness","damage_taken":12,"max_hp_gain":0,"max_hp_loss":0,"event_name":"Winding Halls","floor":44,"gold_loss":0,"cards_obtained":["Madness","Madness"]},{"damage_healed":0,"gold_gain":0,"player_choice":"Fight","damage_taken":0,"max_hp_gain":0,"max_hp_loss":0,"event_name":"Mysterious Sphere","floor":45,"gold_loss":0}],"is_beta":false,"boss_relics":[{"not_picked":["Lizard Tail","Snecko Eye"],"picked":"Empty Cage"},{"not_picked":["Tiny House","Cursed Key"],"picked":"Mark of Pain"}],"items_purged_floors":[],"is_endless":false,"potions_floor_spawned":[8,10,13,14,16,25,27,28,29,33,38,46],"killed_by":"Awakened One","ascension_level":4}