{"gold_per_floor":[112,125,125,125,50,50,77,77,77,112,131,147,1,12,12,117,117,136,147,147,147,163,189,63,63],"floor_reached":25,"playtime":1648,"items_purged":["Strike_G","Strike_G"],"score":307,"play_id":"3be1b37c-db77-4505-a815-b879aebde0ef","local_time":"20181127232323","is_ascension_mode":true,"campfire_choices":[{"data":"PiercingWail","floor":6,"key":"SMITH"},{"data":"Well Laid Plans","floor":8,"key":"SMITH"},{"data":"Sucker Punch","floor":15,"key":"SMITH"}],"neow_cost":"NONE","seed_source_timestamp":124127434322214,"circlet_count":0,"master_deck":["Defend_G","Defend_G","Defend_G","Defend_G","Defend_G","Strike_G","Strike_G+1","Strike_G+1","Survivor","Neutralize+1","PiercingWail+1","Calculated Gamble","Well Laid Plans+1","Poisoned Stab","PiercingWail","Deflect","Sucker Punch+1","Night Terror","Flying Knee","Deadly Poison","Deflect+1","Burst","Backflip"],"relics":["Ring of the Snake","NeowsBlessing","Vajra","Shuriken","Oddly Smooth Stone","Pen Nib","Coffee Dripper","Unceasing Top"],"potions_floor_usage":[11,23],"damage_taken":[{"damage":0,"enemies":"2 Louse","floor":1,"turns":1},{"damage":0,"enemies":"Jaw Worm","floor":2,"turns":1},{"damage":0,"enemies":"Gremlin Nob","floor":7,"turns":1},{"damage":14,"enemies":"Lagavulin","floor":10,"turns":6},{"damage":0,"enemies":"Cultist","floor":11,"turns":2},{"damage":0,"enemies":"Exordium Wildlife","floor":12,"turns":6},{"damage":13,"enemies":"Lots of Slimes","floor":14,"turns":4},{"damage":3,"enemies":"The Guardian","floor":16,"turns":12},{"damage":1,"enemies":"Spheric Guardian","floor":18,"turns":5},{"damage":14,"enemies":"3 Byrds","floor":19,"turns":7},{"damage":0,"enemies":"Cultist and Chosen","floor":22,"turns":6},{"damage":27,"enemies":"Slavers","floor":23,"turns":7},{"damage":35,"enemies":"Gremlin Leader","floor":25,"turns":12}],"seed_played":"-8102222727849167382","potions_obtained":[{"floor":2,"key":"Ancient Potion"},{"floor":7,"key":"PowerPotion"},{"floor":11,"key":"Fruit Juice"},{"floor":12,"key":"SpeedPotion"},{"floor":23,"key":"Ancient Potion"}],"is_trial":false,"path_per_floor":["M","M","?","?","$","R","E","R","T","E","M","M","$","M","R","B",null,"M","M","?","?","M","E","$","E"],"character_chosen":"THE_SILENT","items_purchased":["Pen Nib","Backflip"],"campfire_rested":0,"item_purchase_floors":[13,24],"current_hp_per_floor":[70,70,56,56,56,56,56,56,56,42,47,47,47,34,34,31,75,74,60,60,60,60,33,33,0],"gold":63,"neow_bonus":"THREE_ENEMY_KILL","is_prod":false,"is_daily":false,"chose_seed":false,"campfire_upgraded":3,"win_rate":0,"timestamp":1543379003,"path_taken":["M","M","?","?","$","R","E","R","T","E","M","M","$","M","R","BOSS","M","M","?","?","M","E","$","E"],"build_version":"2018-11-15","purchased_purges":2,"victory":false,"max_hp_per_floor":[70,70,70,70,70,70,70,70,70,70,75,75,75,75,75,75,75,75,75,75,75,75,75,75,75],"card_choices":[{"not_picked":["Sucker Punch","Dagger Throw"],"picked":"PiercingWail","floor":1},{"not_picked":["Masterful Stab","Distraction"],"picked":"Calculated Gamble","floor":2},{"not_picked":["Poisoned Stab","Choke"],"picked":"Well Laid Plans","floor":7},{"not_picked":["Dagger Spray","Dagger Throw"],"picked":"Poisoned Stab","floor":10},{"not_picked":["Choke","Poisoned Stab"],"picked":"PiercingWail","floor":11},{"not_picked":["PiercingWail","Outmaneuver"],"picked":"Deflect","floor":12},{"not_picked":["Deadly Poison","Flying Knee"],"picked":"Sucker Punch","floor":14},{"not_picked":["Venomology","Envenom"],"picked":"Night Terror","floor":16},{"not_picked":["Quick Slash","Sucker Punch"],"picked":"Flying Knee","floor":18},{"not_picked":["Concentrate","Dagger Spray"],"picked":"Deadly Poison","floor":19},{"not_picked":["Prepared+1","Flying Knee"],"picked":"Deflect+1","floor":22},{"not_picked":["Quick Slash+1","Deadly Poison"],"picked":"Burst","floor":23}],"player_experience":181431,"relics_obtained":[{"floor":7,"key":"Vajra"},{"floor":9,"key":"Shuriken"},{"floor":10,"key":"Oddly Smooth Stone"},{"floor":23,"key":"Unceasing Top"}],"event_choices":[{"damage_healed":0,"gold_gain":0,"player_choice":"Entered Light","damage_taken":14,"max_hp_gain":0,"max_hp_loss":0,"event_name":"Shining Light","floor":3,"gold_loss":0,"cards_upgraded":["Strike_G","Strike_G"]},{"damage_healed":0,"gold_gain":0,"player_choice":"Grow","damage_taken":0,"max_hp_gain":0,"max_hp_loss":0,"event_name":"Living Wall","floor":4,"gold_loss":0,"cards_upgraded":["Neutralize"]},{"damage_healed":0,"gold_gain":0,"player_choice":"Ignored","damage_taken":0,"max_hp_gain":0,"max_hp_loss":0,"event_name":"Vampires","floor":20,"gold_loss":0},{"damage_healed":0,"gold_gain":0,"player_choice":"Ignored","damage_taken":0,"max_hp_gain":0,"max_hp_loss":0,"event_name":"Ghosts","floor":21,"gold_loss":0}],"is_beta":false,"boss_relics":[{"not_picked":["Snecko Eye","Empty Cage"],"picked":"Coffee Dripper"}],"items_purged_floors":[5,24],"is_endless":false,"potions_floor_spawned":[2,7,11,12,14,18,23],"killed_by":"Gremlin Leader","ascension_level":4}