{"gold_per_floor":[111,111,36,61,85,120,120,120,120,161,161,197,197,19,19,148,148,164,164,16,37,37,71,71,94,117,151,164,177,191,231,231,350,350,364,57,81,95,95,128,128,153,205,205,224,224,268,292,292,292,292,292,11,47,47],"floor_reached":56,"playtime":3143,"items_purged":["Strike_G","Strike_G"],"score":1946,"play_id":"e279fed1-cebb-465a-91ee-a6ed5204561a","local_time":"20190628143539","is_ascension_mode":true,"campfire_choices":[{"floor":7,"key":"REST"},{"floor":11,"key":"REST"},{"data":"Catalyst","floor":15,"key":"SMITH"},{"data":"Wraith Form v2","floor":24,"key":"SMITH"},{"data":"Corpse Explosion","floor":32,"key":"SMITH"},{"data":"Wraith Form v2","floor":41,"key":"SMITH"},{"floor":46,"key":"RECALL"},{"data":"Catalyst","floor":49,"key":"SMITH"},{"data":"Footwork","floor":52,"key":"SMITH"}],"neow_cost":"NONE","seed_source_timestamp":1217842014940500,"circlet_count":0,"master_deck":["Defend_G+1","Defend_G+1","Defend_G+1","Defend_G+1","Defend_G+1","Strike_G+1","Strike_G+1","Survivor","Neutralize","Catalyst+1","Poisoned Stab","Well Laid Plans","Backflip","Escape Plan","Dagger Spray","Bouncing Flask","Glass Knife","Wraith Form v2+1","Crippling Poison","Necronomicurse","Calculated Gamble+1","Backflip","PiercingWail","Envenom","PiercingWail+1","Dodge and Roll","Deflect+1","Corpse Explosion+1","Wraith Form v2+1","Footwork+1","Catalyst+1","Bandage Up+1","Expertise+1","Parasite","Acrobatics+1","Reflex","Blur"],"relics":["Ring of the Snake","Golden Idol","Torii","Thread and Needle","Tough Bandages","Matryoshka","Oddly Smooth Stone","Letter Opener","Velvet Choker","Necronomicon","Snake Skull","The Specimen","Pen Nib","Happy Flower","Bag of Marbles","Vajra","HoveringKite","Art of War","Incense Burner","Dream Catcher","OrangePellets","War Paint"],"potions_floor_usage":[6,10,33,42,55,55,55],"damage_taken":[{"damage":0,"enemies":"2 Louse","floor":1,"turns":4},{"damage":8,"enemies":"Jaw Worm","floor":4,"turns":7},{"damage":0,"enemies":"Small Slimes","floor":5,"turns":3},{"damage":37,"enemies":"3 Sentries","floor":6,"turns":16},{"damage":1,"enemies":"Gremlin Nob","floor":10,"turns":5},{"damage":8,"enemies":"3 Sentries","floor":12,"turns":10},{"damage":1,"enemies":"Hexaghost","floor":16,"turns":9},{"damage":0,"enemies":"Spheric Guardian","floor":18,"turns":5},{"damage":0,"enemies":"Shell Parasite","floor":21,"turns":4},{"damage":0,"enemies":"Gremlin Leader","floor":23,"turns":7},{"damage":0,"enemies":"Centurion and Healer","floor":25,"turns":5},{"damage":0,"enemies":"Book of Stabbing","floor":27,"turns":4},{"damage":0,"enemies":"3 Cultists","floor":28,"turns":4},{"damage":0,"enemies":"Shelled Parasite and Fungi","floor":29,"turns":3},{"damage":0,"enemies":"Snake Plant","floor":30,"turns":4},{"damage":1,"enemies":"Slavers","floor":31,"turns":5},{"damage":1,"enemies":"Collector","floor":33,"turns":5},{"damage":0,"enemies":"3 Shapes","floor":35,"turns":2},{"damage":0,"enemies":"Orb Walker","floor":37,"turns":3},{"damage":0,"enemies":"Maw","floor":38,"turns":5},{"damage":2,"enemies":"Nemesis","floor":40,"turns":5},{"damage":0,"enemies":"4 Shapes","floor":42,"turns":5},{"damage":0,"enemies":"Writhing Mass","floor":45,"turns":3},{"damage":0,"enemies":"Giant Head","floor":47,"turns":7},{"damage":0,"enemies":"Spire Growth","floor":48,"turns":4},{"damage":0,"enemies":"Donu and Deca","floor":50,"turns":4},{"damage":0,"enemies":"Shield and Spear","floor":54,"turns":6},{"damage":8,"enemies":"The Heart","floor":55,"turns":8}],"seed_played":"-122798046714350150","potions_obtained":[{"floor":4,"key":"Poison Potion"},{"floor":6,"key":"PowerPotion"},{"floor":10,"key":"EssenceOfSteel"},{"floor":23,"key":"Poison Potion"},{"floor":25,"key":"GhostInAJar"},{"floor":33,"key":"GamblersBrew"},{"floor":38,"key":"Strength Potion"},{"floor":42,"key":"GamblersBrew"},{"floor":45,"key":"PowerPotion"}],"is_trial":false,"path_per_floor":["M","?","$","M","M","E","R","?","T","E","R","E","T","$","R","B",null,"M","?","$","M","?","E","R","M","T","E","M","M","M","E","R","B",null,"M","$","M","M","?","E","R","M","T","?","M","R","E","M","R","B",null,"R","$","E","B",null],"character_chosen":"THE_SILENT","items_purchased":["Glass Knife","Snake Skull","Footwork","Catalyst","Art of War","OrangePellets","Reflex"],"campfire_rested":2,"item_purchase_floors":[14,20,36,36,36,53,53],"current_hp_per_floor":[63,46,46,38,38,1,22,22,22,21,42,34,34,34,34,33,61,61,45,45,45,45,45,45,45,45,45,45,45,45,44,44,43,63,63,63,63,63,63,65,65,69,69,66,66,66,66,66,66,66,66,66,66,66,64],"gold":47,"neow_bonus":"TRANSFORM_CARD","is_prod":false,"is_daily":false,"chose_seed":false,"campfire_upgraded":6,"win_rate":0,"timestamp":1561746939,"path_taken":["M","?","$","M","M","E","R","?","T","E","R","E","?","$","R","BOSS","M","?","$","M","?","E","R","?","T","E","M","M","?","E","R","BOSS","M","$","M","M","?","E","R","M","T","?","M","R","E","M","R","BOSS","R","$","E","BOSS"],"build_version":"2019-01-23","purchased_purges":2,"victory":true,"max_hp_per_floor":[70,70,70,70,70,70,70,70,70,70,70,70,70,70,70,70,70,70,70,70,70,70,70,70,70,70,70,70,70,70,70,70,70,70,70,70,70,70,70,70,70,70,70,66,66,66,66,66,66,66,66,66,66,66,66],"card_choices":[{"not_picked":["Dagger Throw","Underhanded Strike"],"picked":"Poisoned Stab","floor":1},{"not_picked":["Quick Slash","Deflect"],"picked":"Well Laid Plans","floor":4},{"not_picked":["Tactician","Acrobatics"],"picked":"Backflip","floor":5},{"not_picked":["Prepared","All Out Attack"],"picked":"Escape Plan","floor":6},{"not_picked":["Finisher","Doppelganger"],"picked":"Dagger Spray","floor":10},{"not_picked":["PiercingWail","Acrobatics"],"picked":"Bouncing Flask","floor":12},{"not_picked":["Night Terror","Die Die Die"],"picked":"Wraith Form v2","floor":16},{"not_picked":["Flechettes","Heel Hook"],"picked":"Crippling Poison","floor":18},{"not_picked":["Predator+1","All Out Attack"],"picked":"Calculated Gamble+1","floor":21},{"not_picked":["Endless Agony","Prepared"],"picked":"Backflip","floor":23},{"not_picked":["Deadly Poison","Quick Slash"],"picked":"PiercingWail","floor":25},{"not_picked":["Bullet Time","Distraction"],"picked":"Envenom","floor":27},{"not_picked":["Bane+1","Dagger Spray+1"],"picked":"PiercingWail","floor":28},{"not_picked":["Slice","Blade Dance"],"picked":"Dodge and Roll","floor":29},{"not_picked":["Backflip+1","Skewer"],"picked":"Deflect+1","floor":30},{"not_picked":["Flying Knee","Calculated Gamble"],"picked":"Corpse Explosion","floor":31},{"not_picked":["Grand Finale","Night Terror"],"picked":"Wraith Form v2","floor":33},{"not_picked":["Deadly Poison+1","Endless Agony+1","Outmaneuver+1"],"picked":"SKIP","floor":35},{"not_picked":["Poisoned Stab","Deflect","All Out Attack"],"picked":"SKIP","floor":37},{"not_picked":["Dagger Spray+1","Riddle With Holes","Skewer+1"],"picked":"SKIP","floor":38},{"not_picked":["Transmutation","Purity"],"picked":"Bandage Up","floor":39},{"not_picked":["Distraction+1","Bane"],"picked":"Expertise+1","floor":40},{"not_picked":["All Out Attack+1","Quick Slash","Bane+1"],"picked":"SKIP","floor":42},{"not_picked":["Backflip","Cloak And Dagger"],"picked":"Acrobatics+1","floor":45},{"not_picked":["Setup+1","Outmaneuver","Blade Dance"],"picked":"SKIP","floor":47},{"not_picked":["Corpse Explosion","Flechettes","Slice"],"picked":"SKIP","floor":48},{"not_picked":["Dash+1","Dagger Throw+1"],"picked":"Blur","floor":54}],"player_experience":298477,"relics_obtained":[{"floor":6,"key":"Torii"},{"floor":9,"key":"Thread and Needle"},{"floor":10,"key":"Tough Bandages"},{"floor":12,"key":"Matryoshka"},{"floor":13,"key":"Oddly Smooth Stone"},{"floor":13,"key":"Letter Opener"},{"floor":19,"key":"Necronomicon"},{"floor":23,"key":"The Specimen"},{"floor":26,"key":"Pen Nib"},{"floor":26,"key":"Happy Flower"},{"floor":27,"key":"Bag of Marbles"},{"floor":31,"key":"Vajra"},{"floor":40,"key":"Incense Burner"},{"floor":47,"key":"Dream Catcher"},{"floor":54,"key":"War Paint"}],"event_choices":[{"damage_healed":0,"gold_gain":0,"player_choice":"Take Damage","damage_taken":17,"relics_obtained":["Golden Idol"],"max_hp_gain":0,"max_hp_loss":0,"event_name":"Golden Idol","floor":2,"gold_loss":0},{"damage_healed":0,"gold_gain":0,"player_choice":"Ignored","damage_taken":0,"max_hp_gain":0,"max_hp_loss":0,"event_name":"Liars Game","floor":8,"gold_loss":0},{"damage_healed":0,"gold_gain":0,"player_choice":"Obtained Book","damage_taken":16,"max_hp_gain":0,"max_hp_loss":0,"event_name":"Cursed Tome","floor":19,"gold_loss":0},{"damage_healed":0,"gold_gain":0,"player_choice":"Simplicity","damage_taken":0,"max_hp_gain":0,"max_hp_loss":0,"event_name":"Back to Basics","floor":22,"gold_loss":0,"cards_upgraded":["Defend_G","Defend_G","Defend_G","Defend_G","Defend_G","Strike_G","Strike_G"]},{"damage_healed":0,"gold_gain":0,"player_choice":"Memory 1","damage_taken":0,"max_hp_gain":0,"max_hp_loss":0,"event_name":"SensoryStone","floor":39,"gold_loss":0},{"damage_healed":0,"gold_gain":0,"player_choice":"Max HP","damage_taken":0,"max_hp_gain":0,"max_hp_loss":4,"event_name":"Winding Halls","floor":44,"gold_loss":0}],"is_beta":false,"boss_relics":[{"not_picked":["Philosopher\u0027s Stone","Astrolabe"],"picked":"Velvet Choker"},{"not_picked":["Snecko Eye","White Beast Statue"],"picked":"HoveringKite"}],"items_purged_floors":[3,14],"is_endless":false,"potions_floor_spawned":[4,6,10,23,25,27,30,33,38,42,45],"ascension_level":9}