{"gold_per_floor":[10,10,110,90,15,15,45,45,45,45,59,69,95,109,109,207,207,219,219,5,5,25,56,75,75,75,110,10,35,35,135,135,234,234,245,263,263,60,76,76,107,107,189,189,189,209,209,220,220,220],"floor_reached":50,"playtime":2167,"items_purged":["Strike_B","Strike_B","Strike_B"],"score":575,"play_id":"7e917f30-bda0-42b4-ae48-6effbca6e23e","local_time":"20181028224534","is_ascension_mode":true,"campfire_choices":[{"data":"Rainbow","floor":6,"key":"SMITH"},{"data":"Zap","floor":8,"key":"SMITH"},{"data":"Dualcast","floor":10,"key":"SMITH"},{"floor":15,"key":"REST"},{"data":"Ghostly","floor":25,"key":"SMITH"},{"data":"Ghostly","floor":30,"key":"SMITH"},{"data":"Ghostly","floor":32,"key":"SMITH"},{"data":"Ghostly","floor":40,"key":"SMITH"},{"data":"Ghostly","floor":42,"key":"SMITH"},{"data":"Creative AI","floor":44,"key":"SMITH"},{"data":"Forethought","floor":49,"key":"SMITH"}],"neow_cost":"NO_GOLD","seed_source_timestamp":1596864298649604,"circlet_count":0,"master_deck":["Defend_B+1","Defend_B+1","Defend_B+1","Defend_B+1","Zap+1","Dualcast+1","Rainbow+1","Redo+1","Sunder+1","Tempest+1","Coolheaded+1","Self Repair+1","Tempest+1","Thunder Strike+1","Leap+1","Reinforced Body+1","Ghostly+1","Ghostly+1","Ghostly+1","Ghostly+1","Ghostly+1","Go for the Eyes+1","Fusion+1","Ball Lightning+1","Creative AI+1","Steam+1","Capacitor+1","Defragment+1","Forethought+1"],"relics":["Cracked Core","Pantograph","Odd Mushroom","Anchor","Pocketwatch","Eternal Feather","Art of War","Pear","StoneCalendar","Boot","DataDisk","Black Star","Bottled Lightning","Bottled Flame","Tiny Chest","Mark of the Bloom"],"potions_floor_usage":[16,22,23,24,27,33,39,39,50,50],"damage_taken":[{"damage":9,"enemies":"2 Louse","floor":1,"turns":2},{"damage":29,"enemies":"The Mushroom Lair","floor":7,"turns":4},{"damage":0,"enemies":"Small Slimes","floor":11,"turns":2},{"damage":0,"enemies":"Cultist","floor":12,"turns":2},{"damage":12,"enemies":"Lagavulin","floor":13,"turns":5},{"damage":0,"enemies":"3 Louse","floor":14,"turns":2},{"damage":43,"enemies":"Hexaghost","floor":16,"turns":10},{"damage":28,"enemies":"Shell Parasite","floor":18,"turns":5},{"damage":45,"enemies":"Colosseum Slavers","floor":19,"turns":4},{"damage":13,"enemies":"Spheric Guardian","floor":22,"turns":5},{"damage":1,"enemies":"Book of Stabbing","floor":23,"turns":6},{"damage":3,"enemies":"Cultist and Chosen","floor":24,"turns":8},{"damage":23,"enemies":"Gremlin Leader","floor":27,"turns":7},{"damage":4,"enemies":"Book of Stabbing","floor":29,"turns":6},{"damage":7,"enemies":"Champ","floor":33,"turns":11},{"damage":0,"enemies":"3 Darklings","floor":35,"turns":4},{"damage":3,"enemies":"Orb Walker","floor":36,"turns":4},{"damage":38,"enemies":"Jaw Worm Horde","floor":39,"turns":7},{"damage":22,"enemies":"Reptomancer","floor":41,"turns":7},{"damage":10,"enemies":"4 Shapes","floor":46,"turns":5},{"damage":16,"enemies":"Maw","floor":48,"turns":7},{"damage":18,"enemies":"Awakened One","floor":50,"turns":3}],"seed_played":"-4936617917156935071","potions_obtained":[{"floor":1,"key":"Block Potion"},{"floor":4,"key":"SneckoOil"},{"floor":11,"key":"EssenceOfSteel"},{"floor":12,"key":"Regen Potion"},{"floor":16,"key":"FearPotion"},{"floor":22,"key":"PowerPotion"},{"floor":27,"key":"Regen Potion"},{"floor":29,"key":"Strength Potion"},{"floor":36,"key":"SkillPotion"},{"floor":39,"key":"Weak Potion"},{"floor":48,"key":"AttackPotion"}],"is_trial":false,"path_per_floor":["M","?","?","?","$","R","?","R","T","R","M","M","E","M","R","B",null,"M","?","$","?","M","E","M","R","T","E","$","E","R","?","R","B",null,"M","M","?","$","M","R","E","R","T","R","?","M","?","M","R"],"character_chosen":"DEFECT","items_purchased":["Art of War","Reinforced Body","Defragment"],"campfire_rested":1,"item_purchase_floors":[20,20,38],"current_hp_per_floor":[66,59,59,59,59,59,30,30,30,30,30,30,18,18,40,22,75,54,16,16,16,15,38,42,47,47,31,31,34,47,47,47,47,47,47,47,47,47,21,36,14,29,29,44,44,34,34,18,18,0],"gold":220,"neow_bonus":"THREE_RARE_CARDS","is_prod":false,"is_daily":false,"chose_seed":false,"campfire_upgraded":10,"win_rate":0,"timestamp":1540781134,"path_taken":["M","?","?","?","?","R","?","R","T","R","M","M","E","?","R","BOSS","M","?","$","?","M","E","M","R","T","E","$","E","R","?","R","BOSS","M","M","?","$","?","R","E","R","T","R","?","M","?","M","R","BOSS"],"build_version":"2018-10-25v2","purchased_purges":3,"victory":false,"max_hp_per_floor":[75,75,75,75,75,75,75,75,75,75,75,75,75,75,75,75,75,75,75,75,37,37,47,47,47,47,47,47,47,47,47,47,47,47,47,47,47,47,47,47,47,47,47,47,47,47,47,47,47,47],"card_choices":[{"not_picked":["Thunder Strike","Creative AI"],"picked":"Rainbow","floor":0},{"not_picked":["Glacier","Beam Cell"],"picked":"Redo","floor":1},{"not_picked":["Force Field","Leap"],"picked":"Sunder","floor":7},{"not_picked":["Compile Driver","Ball Lightning"],"picked":"Tempest","floor":11},{"not_picked":["Gash","Hello World"],"picked":"Coolheaded","floor":12},{"not_picked":["Barrage","Streamline"],"picked":"Self Repair","floor":13},{"not_picked":["Seek","Double Energy"],"picked":"Tempest","floor":14},{"not_picked":["Amplify","Multi-Cast"],"picked":"Thunder Strike","floor":16},{"not_picked":["Stack+1","Genetic Algorithm"],"picked":"Leap","floor":18},{"not_picked":["Leap","Genetic Algorithm"],"picked":"Go for the Eyes+1","floor":22},{"not_picked":["Coolheaded+1","Reboot","Steam"],"picked":"SKIP","floor":23},{"not_picked":["Recycle","Undo","Rebound"],"picked":"SKIP","floor":24},{"not_picked":["Chill","Reinforced Body"],"picked":"Fusion+1","floor":27},{"not_picked":["Turbo","FTL"],"picked":"Ball Lightning+1","floor":29},{"not_picked":["Core Surge","Thunder Strike"],"picked":"Creative AI","floor":33},{"not_picked":["Compile Driver","Stack"],"picked":"Steam+1","floor":35},{"not_picked":["Sweeping Beam+1","Storm"],"picked":"Capacitor+1","floor":36},{"not_picked":["Go for the Eyes","Beam Cell","Gash+1"],"picked":"SKIP","floor":39},{"not_picked":["Darkness","Static Discharge","Auto Shields"],"picked":"SKIP","floor":41},{"not_picked":["Steam","Ball Lightning","Machine Learning"],"picked":"SKIP","floor":46},{"not_picked":["Deep Breath","Transmutation"],"picked":"Forethought","floor":47},{"not_picked":["Undo+1","Gash+1","Darkness+1"],"picked":"SKIP","floor":48}],"player_experience":123723,"relics_obtained":[{"floor":7,"key":"Odd Mushroom"},{"floor":9,"key":"Anchor"},{"floor":13,"key":"Pocketwatch"},{"floor":23,"key":"Pear"},{"floor":26,"key":"StoneCalendar"},{"floor":27,"key":"Boot"},{"floor":29,"key":"DataDisk"},{"floor":41,"key":"Bottled Lightning"},{"floor":41,"key":"Bottled Flame"},{"floor":43,"key":"Tiny Chest"}],"event_choices":[{"damage_healed":0,"gold_gain":0,"player_choice":"Success","damage_taken":7,"relics_obtained":["Pantograph"],"max_hp_gain":0,"max_hp_loss":0,"event_name":"Scrap Ooze","floor":2,"gold_loss":0},{"damage_healed":0,"gold_gain":100,"player_choice":"Pray","damage_taken":0,"max_hp_gain":0,"max_hp_loss":0,"event_name":"Golden Shrine","floor":3,"gold_loss":0},{"damage_healed":0,"gold_gain":0,"player_choice":"Bought 1 Potion","damage_taken":0,"max_hp_gain":0,"max_hp_loss":0,"event_name":"The Woman in Blue","floor":4,"gold_loss":0},{"damage_healed":0,"gold_gain":0,"player_choice":"Fought Mushrooms","damage_taken":0,"max_hp_gain":0,"max_hp_loss":0,"event_name":"Mushrooms","floor":7,"gold_loss":0},{"damage_healed":0,"gold_gain":0,"player_choice":"Fight","damage_taken":0,"max_hp_gain":0,"max_hp_loss":0,"event_name":"Colosseum","floor":19,"gold_loss":0},{"damage_healed":0,"gold_gain":0,"player_choice":"Fled From Nobs","damage_taken":0,"max_hp_gain":0,"max_hp_loss":0,"event_name":"Colosseum","floor":19,"gold_loss":0},{"damage_healed":0,"gold_gain":0,"player_choice":"Became a Ghost","damage_taken":0,"max_hp_gain":0,"max_hp_loss":38,"event_name":"Ghosts","floor":21,"gold_loss":0,"cards_obtained":["Ghostly","Ghostly","Ghostly","Ghostly","Ghostly"]},{"damage_healed":0,"gold_gain":100,"player_choice":"Pray","damage_taken":0,"max_hp_gain":0,"max_hp_loss":0,"event_name":"Golden Shrine","floor":31,"gold_loss":0},{"cards_removed":["Strike_B"],"damage_healed":0,"gold_gain":0,"player_choice":"Purged","damage_taken":0,"max_hp_gain":0,"max_hp_loss":0,"event_name":"Purifier","floor":37,"gold_loss":0},{"damage_healed":0,"gold_gain":0,"player_choice":"Upgrade","damage_taken":0,"relics_obtained":["Mark of the Bloom"],"max_hp_gain":0,"max_hp_loss":0,"event_name":"MindBloom","floor":45,"gold_loss":0,"cards_upgraded":["Defend_B","Defend_B","Defend_B","Defend_B","Redo","Sunder","Tempest","Coolheaded","Self Repair","Tempest","Thunder Strike","Leap","Reinforced Body","Defragment"]},{"damage_healed":0,"gold_gain":0,"player_choice":"Memory 1","damage_taken":0,"max_hp_gain":0,"max_hp_loss":0,"event_name":"SensoryStone","floor":47,"gold_loss":0}],"is_beta":false,"boss_relics":[{"not_picked":["White Beast Statue","Busted Crown"],"picked":"Eternal Feather"},{"not_picked":["Tiny House","Empty Cage"],"picked":"Black Star"}],"items_purged_floors":[5,28,38],"is_endless":false,"potions_floor_spawned":[1,11,12,13,16,19,22,27,29,36,39,48],"killed_by":"Awakened One","ascension_level":1}