{"gold_per_floor":[110,5,24,24,37,37,72,72,72,103,114,143,156,8,8,105,105,117,131,46,46,6,18,46,46,46,46,57,75,102,102,102,204,204,221,221,237,5,22,22],"floor_reached":40,"playtime":3527,"items_purged":[],"score":563,"play_id":"cbdd92d8-935d-46c6-9d3d-3f4fa3007631","local_time":"20190416232332","is_ascension_mode":true,"campfire_choices":[{"data":"Bouncing Flask","floor":6,"key":"SMITH"},{"floor":15,"key":"REST"},{"floor":25,"key":"REST"},{"floor":27,"key":"REST"},{"floor":32,"key":"REST"}],"neow_cost":"NONE","seed_source_timestamp":340192643065200,"circlet_count":0,"master_deck":["Defend_G","Defend_G","Defend_G","Defend_G","Defend_G","Strike_G","Strike_G","Strike_G","Strike_G","Survivor","Neutralize","Bouncing Flask+1","Noxious Fumes+1","Sucker Punch","Bane","Slice","Footwork","Riddle With Holes","Dodge and Roll","PiercingWail","Bullet Time","Poisoned Stab","Crippling Poison","Die Die Die","Envenom","Flying Knee+1","Bouncing Flask","Leg Sweep","Heel Hook","Storm of Steel","All Out Attack","Infinite Blades+1","After Image","Night Terror+1","Noxious Fumes","Bane+1","Distraction+1","Dagger Spray","Underhanded Strike+1"],"relics":["Ring of the Snake","Question Card","Bottled Tornado","Pear","Anchor","Fusion Hammer","Juzu Bracelet","Happy Flower","Bottled Lightning","Toxic Egg 2","Runic Pyramid","CultistMask","Lantern"],"potions_floor_usage":[5,7,7,11,16,16,30,33,33,35,40],"damage_taken":[{"damage":0,"enemies":"Cultist","floor":1,"turns":4},{"damage":4,"enemies":"Small Slimes","floor":3,"turns":3},{"damage":0,"enemies":"2 Louse","floor":5,"turns":1},{"damage":11,"enemies":"Lagavulin","floor":7,"turns":5},{"damage":26,"enemies":"Gremlin Nob","floor":10,"turns":4},{"damage":16,"enemies":"Gremlin Gang","floor":11,"turns":4},{"damage":13,"enemies":"Lagavulin","floor":12,"turns":5},{"damage":0,"enemies":"2 Fungi Beasts","floor":13,"turns":3},{"damage":15,"enemies":"Slime Boss","floor":16,"turns":8},{"damage":0,"enemies":"Chosen","floor":18,"turns":4},{"damage":4,"enemies":"Shell Parasite","floor":19,"turns":4},{"damage":25,"enemies":"Shelled Parasite and Fungi","floor":23,"turns":4},{"damage":28,"enemies":"Book of Stabbing","floor":24,"turns":5},{"damage":3,"enemies":"3 Cultists","floor":28,"turns":4},{"damage":21,"enemies":"Sentry and Sphere","floor":29,"turns":4},{"damage":10,"enemies":"Gremlin Leader","floor":30,"turns":4},{"damage":33,"enemies":"Automaton","floor":33,"turns":8},{"damage":22,"enemies":"3 Shapes","floor":35,"turns":4},{"damage":12,"enemies":"3 Darklings","floor":37,"turns":5},{"damage":25,"enemies":"Sphere and 2 Shapes","floor":39,"turns":5},{"damage":53,"enemies":"Giant Head","floor":40,"turns":7}],"seed_played":"4020769503273569463","potions_obtained":[{"floor":0,"key":"Explosive Potion"},{"floor":0,"key":"GhostInAJar"},{"floor":0,"key":"Fire Potion"},{"floor":10,"key":"EssenceOfSteel"},{"floor":11,"key":"LiquidBronze"},{"floor":12,"key":"Fire Potion"},{"floor":24,"key":"SpeedPotion"},{"floor":29,"key":"PowerPotion"},{"floor":30,"key":"LiquidBronze"},{"floor":33,"key":"Fruit Juice"},{"floor":39,"key":"Strength Potion"}],"is_trial":false,"path_per_floor":["M","$","M","?","M","R","E","?","T","E","M","E","M","$","R","B",null,"M","M","?","T","$","M","E","R","T","R","M","M","E","?","R","B",null,"M","?","M","$","M","E"],"character_chosen":"THE_SILENT","items_purchased":["Noxious Fumes","Sucker Punch","Crippling Poison","Die Die Die","Leg Sweep","Lantern","Distraction+1","Dagger Spray"],"campfire_rested":4,"item_purchase_floors":[2,2,14,14,22,38,38,38],"current_hp_per_floor":[70,70,66,66,66,66,55,55,55,39,23,10,10,10,34,19,80,80,76,76,76,76,51,23,47,47,71,68,47,37,21,45,12,80,63,63,51,51,26,0],"gold":22,"neow_bonus":"THREE_SMALL_POTIONS","is_prod":false,"is_daily":false,"chose_seed":false,"campfire_upgraded":1,"win_rate":0,"timestamp":1555453412,"path_taken":["M","?","M","?","M","R","E","?","T","E","M","E","M","$","R","BOSS","M","?","?","?","$","M","E","R","T","R","M","M","E","?","R","BOSS","M","?","M","?","M","E"],"build_version":"2019-01-23","purchased_purges":0,"victory":false,"max_hp_per_floor":[70,70,70,70,70,70,70,70,70,80,80,80,80,80,80,80,80,80,80,80,80,80,80,80,80,80,80,80,80,80,80,80,80,80,85,85,85,85,85,85],"card_choices":[{"not_picked":["Deflect","Flying Knee"],"picked":"Bouncing Flask","floor":1},{"not_picked":["Underhanded Strike","Blur"],"picked":"Bane","floor":3},{"not_picked":["Deadly Poison","Venomology"],"picked":"Slice","floor":5},{"not_picked":["PiercingWail","Slice"],"picked":"Footwork","floor":7},{"not_picked":["Slice","Deflect","Glass Knife"],"picked":"Dodge and Roll","floor":10},{"not_picked":["Underhanded Strike","Flying Knee","Cloak And Dagger"],"picked":"PiercingWail","floor":11},{"not_picked":["Bane","Outmaneuver","Slice"],"picked":"Bullet Time","floor":12},{"not_picked":["Sucker Punch","Well Laid Plans","Acrobatics"],"picked":"Poisoned Stab","floor":13},{"not_picked":["Doppelganger","Wraith Form v2","Die Die Die"],"picked":"Envenom","floor":16},{"not_picked":["Crippling Poison","Slice","Outmaneuver"],"picked":"Flying Knee+1","floor":18},{"not_picked":["Concentrate","All Out Attack","Choke"],"picked":"Bouncing Flask","floor":19},{"not_picked":["Cloak And Dagger+1","Bane","Distraction"],"picked":"Heel Hook","floor":23},{"not_picked":["Bullet Time","Reflex","Acrobatics"],"picked":"Storm of Steel","floor":24},{"not_picked":["Dagger Spray","Acrobatics","Catalyst"],"picked":"All Out Attack","floor":28},{"not_picked":["Blade Dance","Underhanded Strike","Terror"],"picked":"Infinite Blades+1","floor":29},{"not_picked":["Malaise","Endless Agony","Flying Knee"],"picked":"After Image","floor":30},{"not_picked":["Tools of the Trade","Bullet Time+1","Storm of Steel+1"],"picked":"Night Terror+1","floor":33},{"not_picked":["PiercingWail+1","Bouncing Flask+1","Acrobatics+1"],"picked":"Noxious Fumes","floor":35},{"not_picked":["Underhanded Strike","Prepared+1","Outmaneuver+1"],"picked":"Bane+1","floor":37},{"not_picked":["Reflex+1","Sucker Punch+1","Eviscerate"],"picked":"Underhanded Strike+1","floor":39}],"player_experience":565397,"relics_obtained":[{"floor":7,"key":"Question Card"},{"floor":9,"key":"Bottled Tornado"},{"floor":10,"key":"Pear"},{"floor":12,"key":"Anchor"},{"floor":24,"key":"Happy Flower"},{"floor":26,"key":"Bottled Lightning"},{"floor":30,"key":"Toxic Egg 2"}],"event_choices":[{"damage_healed":0,"gold_gain":0,"player_choice":"Grow","damage_taken":0,"max_hp_gain":0,"max_hp_loss":0,"event_name":"Living Wall","floor":4,"gold_loss":0,"cards_upgraded":["Noxious Fumes"]},{"damage_healed":0,"gold_gain":0,"cards_transformed":["Strike_G"],"player_choice":"Transformed","damage_taken":0,"max_hp_gain":0,"max_hp_loss":0,"event_name":"Transmorgrifier","floor":8,"gold_loss":0,"cards_obtained":["Riddle With Holes"]},{"damage_healed":0,"gold_gain":0,"player_choice":"Obtained Relic","damage_taken":0,"relics_obtained":["Juzu Bracelet"],"max_hp_gain":0,"max_hp_loss":0,"event_name":"Addict","floor":20,"gold_loss":85},{"damage_healed":0,"gold_gain":0,"player_choice":"Obtained Book","damage_taken":16,"max_hp_gain":0,"max_hp_loss":0,"event_name":"Cursed Tome","floor":31,"gold_loss":0},{"damage_healed":0,"gold_gain":0,"player_choice":"Trade","damage_taken":0,"relics_obtained":["CultistMask"],"max_hp_gain":0,"max_hp_loss":0,"event_name":"FaceTrader","floor":36,"gold_loss":0}],"is_beta":false,"boss_relics":[{"not_picked":["Runic Dome","Astrolabe"],"picked":"Fusion Hammer"},{"not_picked":["Velvet Choker","White Beast Statue"],"picked":"Runic Pyramid"}],"items_purged_floors":[],"is_endless":false,"potions_floor_spawned":[1,10,11,12,24,29,30,33,39],"killed_by":"Giant Head","ascension_level":3}