{"gold_per_floor":[114,189,189,214,38,38,68,68,68,108,138,168,76,106,106,206,256,271,271,271,271,21,81,96,96],"floor_reached":25,"playtime":1809,"items_purged":[],"score":318,"play_id":"be4ab78f-5143-4e41-ac02-f9c2c5e609bf","local_time":"20190219092639","daily_mods":["Shiny","Colorless Cards","DeadlyEvents"],"is_ascension_mode":false,"campfire_choices":[{"floor":6,"key":"REST"},{"data":"Apotheosis","floor":8,"key":"SMITH"},{"floor":15,"key":"REST"}],"neow_cost":"","seed_source_timestamp":0,"circlet_count":0,"master_deck":["Double Tap+1","Demon Form","Bludgeon+1","Feed","Limit Break","Barricade","Fiend Fire","Dark Embrace","Berserk","Impervious","Juggernaut","Brutality","Reaper+1","Exhume","Offering","Immolate","Thinking Ahead","Metamorphosis","Master of Strategy","Magnetism","Chrysalis","HandOfGreed","Mayhem","Apotheosis+1","Secret Weapon","Panache","Violence","Secret Technique","The Bomb","Sadistic Nature","Flash of Steel","Heavy Blade","Anger","Cleave","Rampage","Dramatic Entrance","Feel No Pain","Shrug It Off","Cleave","Second Wind","Panache","Fire Breathing","Twin Strike","RitualDagger","Necronomicurse","Enlightenment+1","Blind"],"special_seed":17946,"relics":["Burning Blood","Potion Belt","PreservedInsect","Smiling Mask","Ornamental Fan","Boot","Happy Flower","Dream Catcher","Tiny House","Necronomicon","Bottled Tornado","Tiny Chest"],"potions_floor_usage":[11,23,24,24,24],"damage_taken":[{"damage":6,"enemies":"2 Louse","floor":1,"turns":2},{"damage":6,"enemies":"Gremlin Nob","floor":7,"turns":2},{"damage":6,"enemies":"Small Slimes","floor":10,"turns":2},{"damage":14,"enemies":"3 Sentries","floor":11,"turns":2},{"damage":46,"enemies":"Gremlin Nob","floor":12,"turns":3},{"damage":0,"enemies":"3 Sentries","floor":14,"turns":1},{"damage":28,"enemies":"The Guardian","floor":16,"turns":6},{"damage":24,"enemies":"3 Byrds","floor":18,"turns":4},{"damage":31,"enemies":"Slavers","floor":23,"turns":3},{"damage":19,"enemies":"Chosen","floor":24,"turns":4},{"damage":32,"enemies":"Gremlin Leader","floor":25,"turns":2}],"seed_played":"6153314336027530073","potions_obtained":[{"floor":1,"key":"Swift Potion"},{"floor":10,"key":"Fruit Juice"},{"floor":16,"key":"Fire Potion"},{"floor":17,"key":"EssenceOfSteel"},{"floor":23,"key":"Ancient Potion"}],"is_trial":false,"path_per_floor":["M","?","?","T","$","R","E","R","T","M","E","E","$","E","R","B",null,"M","?","?","?","$","E","M","E"],"character_chosen":"IRONCLAD","items_purchased":["PreservedInsect","Heavy Blade","Feel No Pain","Shrug It Off","Bottled Tornado"],"campfire_rested":2,"item_purchase_floors":[5,5,13,13,22],"current_hp_per_floor":[80,69,53,53,53,77,77,77,77,80,77,37,37,43,69,47,93,86,80,64,64,64,39,26,0],"gold":96,"neow_bonus":"","is_prod":false,"is_daily":true,"chose_seed":false,"campfire_upgraded":1,"win_rate":0,"timestamp":1550568399,"path_taken":["M","?","?","?","$","R","E","R","T","M","?","?","?","?","R","BOSS","M","?","?","?","$","E","M","?"],"build_version":"2019-01-23","purchased_purges":0,"victory":false,"max_hp_per_floor":[80,80,80,80,80,80,80,80,80,83,88,88,88,88,88,88,93,93,93,93,93,93,93,93,93],"card_choices":[{"not_picked":["Dual Wield","Shrug It Off"],"picked":"Flash of Steel","floor":1},{"not_picked":["The Bomb","Wild Strike"],"picked":"Anger","floor":7},{"not_picked":["Clash","Havoc"],"picked":"Cleave","floor":10},{"not_picked":["Wild Strike","Deep Breath"],"picked":"Rampage","floor":11},{"not_picked":["Headbutt","Sword Boomerang"],"picked":"Dramatic Entrance","floor":12},{"not_picked":["Heavy Blade","Armaments"],"picked":"Cleave","floor":14},{"not_picked":["Flame Barrier","Deep Breath"],"picked":"Second Wind","floor":15},{"not_picked":["Metamorphosis","Reaper"],"picked":"Panache","floor":16},{"not_picked":["True Grit","Trip"],"picked":"Fire Breathing","floor":17},{"not_picked":["Panacea","Evolve"],"picked":"Twin Strike","floor":18},{"not_picked":["Uppercut","True Grit+1"],"picked":"Enlightenment+1","floor":23},{"not_picked":["Headbutt+1","Clothesline"],"picked":"Blind","floor":24}],"player_experience":166402,"relics_obtained":[{"floor":4,"key":"Potion Belt"},{"floor":7,"key":"Smiling Mask"},{"floor":9,"key":"Ornamental Fan"},{"floor":11,"key":"Boot"},{"floor":12,"key":"Happy Flower"},{"floor":14,"key":"Dream Catcher"},{"floor":20,"key":"Necronomicon"},{"floor":23,"key":"Tiny Chest"}],"event_choices":[{"damage_healed":0,"gold_gain":75,"player_choice":"Gather Gold","damage_taken":11,"max_hp_gain":0,"max_hp_loss":0,"event_name":"World of Goop","floor":2,"gold_loss":0},{"damage_healed":0,"gold_gain":0,"player_choice":"Entered Light","damage_taken":16,"max_hp_gain":0,"max_hp_loss":0,"event_name":"Shining Light","floor":3,"gold_loss":0,"cards_upgraded":["Bludgeon","Double Tap"]},{"damage_healed":0,"gold_gain":0,"player_choice":"Joined the Cult","damage_taken":6,"max_hp_gain":0,"max_hp_loss":0,"event_name":"Nest","floor":19,"gold_loss":0,"cards_obtained":["RitualDagger"]},{"damage_healed":0,"gold_gain":0,"player_choice":"Obtained Book","damage_taken":16,"max_hp_gain":0,"max_hp_loss":0,"event_name":"Cursed Tome","floor":20,"gold_loss":0},{"cards_removed":["Transmutation"],"damage_healed":0,"gold_gain":0,"player_choice":"Purged","damage_taken":0,"max_hp_gain":0,"max_hp_loss":0,"event_name":"Purifier","floor":21,"gold_loss":0}],"is_beta":false,"boss_relics":[{"not_picked":["Velvet Choker","Eternal Feather"],"picked":"Tiny House"}],"items_purged_floors":[],"is_endless":false,"potions_floor_spawned":[1,10,16,23],"killed_by":"Gremlin Leader","ascension_level":0}