{"gold_per_floor":[111,129,140,151,6,6,6,6,88,88,100,100,100,117,117,219,219,238,238,238,218,218,218,231,231,254,254,254,154,204,219,219,219],"floor_reached":33,"playtime":1292,"items_purged":["Defend_R","Defend_R"],"score":260,"play_id":"0464af7d-4e06-4338-9354-36bd26704755","local_time":"20181024002533","is_ascension_mode":false,"campfire_choices":[{"data":"Inflame","floor":6,"key":"SMITH"},{"data":"Spot Weakness","floor":8,"key":"SMITH"},{"data":"Entrench","floor":12,"key":"SMITH"},{"data":"Body Slam","floor":15,"key":"SMITH"},{"data":"Barricade","floor":23,"key":"SMITH"},{"data":"Heavy Blade","floor":25,"key":"SMITH"},{"data":"Metallicize","floor":28,"key":"SMITH"},{"data":"Bite","floor":32,"key":"SMITH"}],"neow_cost":"NONE","seed_source_timestamp":1171737706910698,"circlet_count":0,"master_deck":["Defend_R","Defend_R","Bash","Body Slam+1","Inflame+1","Flex","Cleave","Spot Weakness+1","Entrench+1","Barricade+1","Metallicize+1","Battle Trance+1","Bite+1","Bite","Bite","Bite","Bite","Heavy Blade+1"],"relics":["Burning Blood","Meat on the Bone","Coffee Dripper","Nilry\u0027s Codex","Boot","MutagenicStrength"],"potions_floor_usage":[16,16,31,33],"damage_taken":[{"damage":0,"enemies":"Small Slimes","floor":1,"turns":3},{"damage":5,"enemies":"Cultist","floor":2,"turns":4},{"damage":6,"enemies":"Jaw Worm","floor":3,"turns":3},{"damage":10,"enemies":"Looter","floor":4,"turns":3},{"damage":21,"enemies":"2 Fungi Beasts","floor":11,"turns":3},{"damage":0,"enemies":"Large Slime","floor":14,"turns":5},{"damage":67,"enemies":"The Guardian","floor":16,"turns":10},{"damage":31,"enemies":"Spheric Guardian","floor":18,"turns":5},{"damage":17,"enemies":"2 Thieves","floor":21,"turns":4},{"damage":30,"enemies":"3 Cultists","floor":24,"turns":6},{"damage":21,"enemies":"Centurion and Healer","floor":31,"turns":6},{"damage":85,"enemies":"Automaton","floor":33,"turns":12}],"seed_played":"5227765630400395217","potions_obtained":[{"floor":3,"key":"SkillPotion"},{"floor":4,"key":"Fire Potion"},{"floor":11,"key":"Weak Potion"},{"floor":31,"key":"LiquidBronze"}],"is_trial":false,"path_per_floor":["M","M","M","M","$","R","?","R","T","$","M","R","?","M","R","B",null,"M","?","?","M","?","R","M","R","T","?","R","$","?","M","R"],"character_chosen":"IRONCLAD","items_purchased":["Spot Weakness"],"campfire_rested":0,"item_purchase_floors":[5],"current_hp_per_floor":[88,88,88,84,84,84,84,84,84,84,69,69,69,75,75,26,88,63,63,47,48,48,48,38,38,38,38,38,38,38,45,45,0],"gold":219,"neow_bonus":"TEN_PERCENT_HP_BONUS","is_prod":false,"is_daily":false,"chose_seed":false,"campfire_upgraded":8,"win_rate":0.0,"timestamp":1540355133,"path_taken":["M","M","M","M","$","R","?","R","T","$","M","R","?","M","R","BOSS","M","?","?","M","?","R","?","R","T","?","R","?","?","M","R","BOSS"],"build_version":"2018-10-18","purchased_purges":2,"victory":false,"max_hp_per_floor":[88,88,88,88,88,88,88,88,88,88,88,88,88,88,88,88,88,88,88,88,88,61,61,61,61,61,61,61,61,61,61,61,61],"card_choices":[{"not_picked":["Thunderclap","Infernal Blade"],"picked":"Body Slam","floor":1},{"not_picked":["Wild Strike","Battle Trance"],"picked":"Inflame","floor":2},{"not_picked":["Clash","Perfected Strike"],"picked":"Flex","floor":3},{"not_picked":["Clash","Perfected Strike"],"picked":"Cleave","floor":4},{"not_picked":["Combust","Feel No Pain"],"picked":"Entrench","floor":11},{"not_picked":["Warcry","Corruption","Feel No Pain"],"picked":"SKIP","floor":14},{"not_picked":["Reaper","Fiend Fire"],"picked":"Barricade","floor":16},{"not_picked":["Blood for Blood","Sword Boomerang","Twin Strike+1"],"picked":"SKIP","floor":18},{"not_picked":["Seeing Red","Thunderclap"],"picked":"Battle Trance+1","floor":21},{"not_picked":["Iron Wave+1","Warcry+1"],"picked":"Heavy Blade","floor":24},{"not_picked":["Perfected Strike","Clash+1","Carnage+1"],"picked":"SKIP","floor":31}],"player_experience":69565,"relics_obtained":[{"floor":9,"key":"Meat on the Bone"},{"floor":20,"key":"Nilry\u0027s Codex"},{"floor":26,"key":"Boot"}],"event_choices":[{"damage_healed":0,"gold_gain":0,"player_choice":"Leave","damage_taken":0,"max_hp_gain":0,"max_hp_loss":0,"event_name":"The Cleric","floor":7,"gold_loss":0},{"damage_healed":0,"gold_gain":0,"player_choice":"Ignored","damage_taken":0,"max_hp_gain":0,"max_hp_loss":0,"event_name":"Liars Game","floor":13,"gold_loss":0},{"damage_healed":0,"gold_gain":0,"player_choice":"Read","damage_taken":0,"max_hp_gain":0,"max_hp_loss":0,"event_name":"The Library","floor":19,"gold_loss":0,"cards_obtained":["Metallicize"]},{"damage_healed":0,"gold_gain":0,"player_choice":"Obtained Book","damage_taken":16,"max_hp_gain":0,"max_hp_loss":0,"event_name":"Cursed Tome","floor":20,"gold_loss":0},{"damage_healed":0,"gold_gain":0,"player_choice":"Became a vampire","damage_taken":0,"max_hp_gain":0,"max_hp_loss":27,"event_name":"Vampires","floor":22,"gold_loss":0,"cards_obtained":["Bite","Bite","Bite","Bite","Bite"]},{"damage_healed":0,"gold_gain":0,"player_choice":"Inject Mutagens","damage_taken":0,"relics_obtained":["MutagenicStrength"],"max_hp_gain":0,"max_hp_loss":0,"event_name":"Drug Dealer","floor":27,"gold_loss":0},{"damage_healed":0,"gold_gain":100,"player_choice":"Bet on Murderer","damage_taken":0,"max_hp_gain":0,"max_hp_loss":0,"event_name":"The Joust","floor":30,"gold_loss":50}],"is_beta":false,"boss_relics":[{"not_picked":["Philosopher\u0027s Stone","Velvet Choker"],"picked":"Coffee Dripper"}],"items_purged_floors":[5,29],"is_endless":false,"potions_floor_spawned":[3,4,11,31],"killed_by":"Automaton","ascension_level":0}