{"gold_per_floor":[118,163,238,0,20,20,48,48,103,135,148,165,10,26,26,130,130,147,163,173,173,173,201,201,236,236,236,254,267,267],"floor_reached":30,"playtime":1486,"items_purged":[],"score":347,"play_id":"3347013a-f642-44fa-bb51-e0245f93da08","local_time":"20190314211934","is_ascension_mode":true,"campfire_choices":[{"floor":6,"key":"RECALL"},{"floor":15,"key":"REST"},{"floor":24,"key":"REST"},{"floor":27,"key":"REST"}],"neow_cost":"NONE","seed_source_timestamp":1139404743393700,"circlet_count":0,"master_deck":["Strike_B","Strike_B","Strike_B","Strike_B","Defend_B","Defend_B","Defend_B","Defend_B","Zap","Dualcast","Madness","Melter","Ball Lightning","Self Repair","Sweeping Beam","Conserve Battery","Electrodynamics+1","Ball Lightning","Stack","Loop+1","Ball Lightning","Redo","White Noise","Creative AI+1","Loop+1","Chaos+1","Auto Shields","Defragment+1","Compile Driver","Ball Lightning","BootSequence","Compile Driver+1"],"relics":["Cracked Core","DataDisk","Boot","Blue Candle","Frozen Egg 2","Happy Flower","Centennial Puzzle","White Beast Statue","Incense Burner","Emotion Chip","Bag of Marbles","Bottled Lightning"],"potions_floor_usage":[12,16,20,23,23,23,25,29,29,30],"damage_taken":[{"damage":0,"enemies":"Cultist","floor":1,"turns":4},{"damage":8,"enemies":"Small Slimes","floor":5,"turns":2},{"damage":30,"enemies":"3 Sentries","floor":7,"turns":5},{"damage":18,"enemies":"Lagavulin","floor":10,"turns":5},{"damage":0,"enemies":"2 Louse","floor":11,"turns":1},{"damage":2,"enemies":"Gremlin Gang","floor":12,"turns":2},{"damage":4,"enemies":"Red Slaver","floor":14,"turns":2},{"damage":39,"enemies":"The Guardian","floor":16,"turns":7},{"damage":6,"enemies":"Spheric Guardian","floor":18,"turns":3},{"damage":0,"enemies":"3 Byrds","floor":19,"turns":1},{"damage":18,"enemies":"Snake Plant","floor":20,"turns":4},{"damage":54,"enemies":"Book of Stabbing","floor":23,"turns":4},{"damage":27,"enemies":"Slavers","floor":25,"turns":3},{"damage":12,"enemies":"Chosen and Byrds","floor":28,"turns":2},{"damage":6,"enemies":"Snecko","floor":29,"turns":4},{"damage":30,"enemies":"Gremlin Leader","floor":30,"turns":3}],"seed_played":"-8460809135586663822","potions_obtained":[{"floor":1,"key":"LiquidBronze"},{"floor":11,"key":"Dexterity Potion"},{"floor":14,"key":"Energy Potion"},{"floor":16,"key":"Strength Potion"},{"floor":18,"key":"Ancient Potion"},{"floor":19,"key":"FearPotion"},{"floor":20,"key":"Regen Potion"},{"floor":23,"key":"FocusPotion"},{"floor":25,"key":"LiquidBronze"},{"floor":28,"key":"PowerPotion"},{"floor":29,"key":"FearPotion"}],"is_trial":false,"path_per_floor":["M","T","?","$","M","R","E","?","T","E","M","M","$","M","R","B",null,"M","M","M","?","T","E","R","E","T","R","M","M","E"],"character_chosen":"DEFECT","items_purchased":["Boot","Ball Lightning","Self Repair","Loop+1","Ball Lightning","Redo"],"campfire_rested":3,"item_purchase_floors":[4,4,4,13,13,13],"current_hp_per_floor":[75,75,64,64,63,63,40,40,40,29,29,34,34,30,52,13,75,69,69,58,58,58,23,45,25,25,47,35,29,0],"gold":267,"neow_bonus":"RANDOM_COLORLESS","is_prod":false,"is_daily":false,"chose_seed":false,"campfire_upgraded":0,"win_rate":0,"timestamp":1552598374,"path_taken":["M","?","?","$","M","R","E","?","T","E","M","?","?","M","R","BOSS","M","M","M","?","?","E","R","E","T","R","M","M","E"],"build_version":"2019-01-23","purchased_purges":0,"victory":false,"max_hp_per_floor":[75,75,75,75,75,75,75,75,75,75,75,75,75,75,75,75,75,75,75,75,75,75,75,75,75,75,75,75,75,75],"card_choices":[{"not_picked":["Beam Cell","Streamline"],"picked":"Melter","floor":1},{"not_picked":["Tempest","Blizzard"],"picked":"Sweeping Beam","floor":5},{"not_picked":["Sunder","Sweeping Beam"],"picked":"Conserve Battery","floor":7},{"not_picked":["Skim","Redo"],"picked":"Electrodynamics+1","floor":10},{"not_picked":["Gash","Doom and Gloom"],"picked":"Ball Lightning","floor":11},{"not_picked":["Reinforced Body","Blizzard"],"picked":"Stack","floor":12},{"not_picked":["Sweeping Beam","Amplify"],"picked":"White Noise","floor":14},{"not_picked":["Meteor Strike","Seek"],"picked":"Creative AI+1","floor":16},{"not_picked":["Reinforced Body+1","Recycle+1"],"picked":"Loop+1","floor":18},{"not_picked":["Melter","Rebound"],"picked":"Chaos+1","floor":19},{"not_picked":["Gash","Consume"],"picked":"Auto Shields","floor":20},{"not_picked":["Multi-Cast","Scrape"],"picked":"Compile Driver","floor":23},{"not_picked":["Conserve Battery","Coolheaded+1"],"picked":"Ball Lightning","floor":25},{"not_picked":["Barrage","Go for the Eyes"],"picked":"BootSequence","floor":28},{"not_picked":["Creative AI+1","Stack"],"picked":"Compile Driver+1","floor":29}],"player_experience":314024,"relics_obtained":[{"floor":2,"key":"DataDisk"},{"floor":7,"key":"Blue Candle"},{"floor":9,"key":"Happy Flower"},{"floor":10,"key":"Centennial Puzzle"},{"floor":22,"key":"Incense Burner"},{"floor":23,"key":"Emotion Chip"},{"floor":25,"key":"Bag of Marbles"},{"floor":26,"key":"Bottled Lightning"}],"event_choices":[{"damage_healed":0,"gold_gain":75,"player_choice":"Gather Gold","damage_taken":11,"max_hp_gain":0,"max_hp_loss":0,"event_name":"World of Goop","floor":3,"gold_loss":0},{"damage_healed":0,"gold_gain":0,"player_choice":"Gave Potion","damage_taken":0,"relics_obtained":["Frozen Egg 2"],"max_hp_gain":0,"max_hp_loss":0,"event_name":"WeMeetAgain","floor":8,"gold_loss":0},{"damage_healed":0,"gold_gain":0,"player_choice":"Read","damage_taken":0,"max_hp_gain":0,"max_hp_loss":0,"event_name":"The Library","floor":21,"gold_loss":0,"cards_obtained":["Defragment"]}],"is_beta":false,"boss_relics":[{"not_picked":["Busted Crown","Cursed Key"],"picked":"White Beast Statue"}],"items_purged_floors":[],"is_endless":false,"potions_floor_spawned":[1,11,14,16,18,19,20,23,25,28,29],"killed_by":"Gremlin Leader","ascension_level":3}