{"gold_per_floor":[113,131,206,216,316,346,358,358,384,400,417,444,455,38,38,137,137,150,164,178,178,193,193,193],"floor_reached":24,"playtime":41927,"items_purged":[],"score":290,"play_id":"502be73e-1c0a-438d-a216-2e0150657317","local_time":"20190513195022","is_ascension_mode":true,"campfire_choices":[{"floor":8,"key":"REST"},{"floor":15,"key":"REST"}],"neow_cost":"NONE","seed_source_timestamp":794753619628900,"circlet_count":0,"master_deck":["Defend_G","Defend_G","Defend_G","Defend_G","Defend_G","Survivor","Neutralize","Infinite Blades","Deadly Poison","Dodge and Roll","Footwork","Backflip","PiercingWail","Backflip","Dodge and Roll","Cloak And Dagger","Backstab","Die Die Die","Adrenaline","Noxious Fumes+1","Well Laid Plans","Bite","Bite","Bite","Bite","Bite"],"relics":["Ring of the Snake","NeowsBlessing","Centennial Puzzle","Art of War","Orichalcum","Regal Pillow","Philosopher\u0027s Stone"],"potions_floor_usage":[6,11,11,12,16],"damage_taken":[{"damage":0,"enemies":"Jaw Worm","floor":1,"turns":1},{"damage":0,"enemies":"Cultist","floor":2,"turns":1},{"damage":0,"enemies":"Small Slimes","floor":4,"turns":1},{"damage":11,"enemies":"Gremlin Nob","floor":6,"turns":4},{"damage":8,"enemies":"Red Slaver","floor":7,"turns":5},{"damage":0,"enemies":"3 Louse","floor":10,"turns":5},{"damage":0,"enemies":"Looter","floor":11,"turns":2},{"damage":26,"enemies":"Lagavulin","floor":12,"turns":7},{"damage":3,"enemies":"Large Slime","floor":13,"turns":8},{"damage":33,"enemies":"The Guardian","floor":16,"turns":15},{"damage":8,"enemies":"3 Byrds","floor":18,"turns":6},{"damage":13,"enemies":"Chosen","floor":19,"turns":7},{"damage":32,"enemies":"Sentry and Sphere","floor":20,"turns":8},{"damage":3,"enemies":"Snecko","floor":22,"turns":6}],"seed_played":"8947952703230628700","potions_obtained":[{"floor":2,"key":"Strength Potion"},{"floor":6,"key":"SteroidPotion"},{"floor":10,"key":"Fire Potion"},{"floor":11,"key":"PowerPotion"},{"floor":13,"key":"EssenceOfSteel"}],"is_trial":false,"path_per_floor":["M","M","?","M","?","E","M","R","T","M","M","E","M","$","R","B",null,"M","M","M","?","M","?","?"],"character_chosen":"THE_SILENT","items_purchased":["Regal Pillow","Cloak And Dagger","Backstab","Die Die Die"],"campfire_rested":2,"item_purchase_floors":[14,14,14,14],"current_hp_per_floor":[70,70,59,59,59,48,40,61,61,61,61,35,32,32,68,35,61,53,40,8,8,5,5,0],"gold":193,"neow_bonus":"THREE_ENEMY_KILL","is_prod":false,"is_daily":false,"chose_seed":false,"campfire_upgraded":0,"win_rate":0,"timestamp":1557773422,"path_taken":["M","M","?","M","?","E","?","R","T","M","M","E","M","$","R","BOSS","M","M","M","?","?","?","?"],"build_version":"2019-01-23","purchased_purges":0,"victory":false,"max_hp_per_floor":[70,70,70,70,70,70,70,70,70,70,70,70,70,70,70,70,70,70,70,70,70,70,49,54],"card_choices":[{"not_picked":["Outmaneuver","Terror"],"picked":"Infinite Blades","floor":1},{"not_picked":["Tactician","Bane"],"picked":"Deadly Poison","floor":2},{"not_picked":["Poisoned Stab","Unload"],"picked":"Dodge and Roll","floor":4},{"not_picked":["Dodge and Roll","Slice"],"picked":"Footwork","floor":6},{"not_picked":["Flying Knee","Dagger Throw","Acrobatics"],"picked":"SKIP","floor":7},{"not_picked":["PiercingWail","Heel Hook"],"picked":"Backflip","floor":10},{"not_picked":["Distraction","Poisoned Stab"],"picked":"PiercingWail","floor":11},{"not_picked":["Flechettes","Riddle With Holes"],"picked":"Backflip","floor":12},{"not_picked":["Eviscerate","Acrobatics"],"picked":"Dodge and Roll","floor":13},{"not_picked":["Malaise","Night Terror"],"picked":"Adrenaline","floor":16},{"not_picked":["Setup","Heel Hook+1"],"picked":"Noxious Fumes","floor":18},{"not_picked":["Flying Knee","Underhanded Strike","All Out Attack"],"picked":"SKIP","floor":19},{"not_picked":["Underhanded Strike","Bane","Dodge and Roll"],"picked":"SKIP","floor":20},{"not_picked":["Dagger Spray","Deflect"],"picked":"Well Laid Plans","floor":22}],"player_experience":683855,"relics_obtained":[{"floor":6,"key":"Centennial Puzzle"},{"floor":9,"key":"Art of War"},{"floor":12,"key":"Orichalcum"}],"event_choices":[{"damage_healed":0,"gold_gain":75,"player_choice":"Gather Gold","damage_taken":11,"max_hp_gain":0,"max_hp_loss":0,"event_name":"World of Goop","floor":3,"gold_loss":0},{"damage_healed":0,"gold_gain":100,"player_choice":"Pray","damage_taken":0,"max_hp_gain":0,"max_hp_loss":0,"event_name":"Golden Shrine","floor":5,"gold_loss":0},{"damage_healed":0,"gold_gain":0,"player_choice":"Upgraded","damage_taken":0,"max_hp_gain":0,"max_hp_loss":0,"event_name":"Upgrade Shrine","floor":21,"gold_loss":0,"cards_upgraded":["Noxious Fumes"]},{"damage_healed":0,"gold_gain":0,"player_choice":"Became a vampire","damage_taken":0,"max_hp_gain":0,"max_hp_loss":21,"event_name":"Vampires","floor":23,"gold_loss":0,"cards_obtained":["Bite","Bite","Bite","Bite","Bite"]}],"is_beta":false,"boss_relics":[{"not_picked":["Tiny House","Ectoplasm"],"picked":"Philosopher\u0027s Stone"}],"items_purged_floors":[],"is_endless":false,"potions_floor_spawned":[2,6,10,11,13],"ascension_level":5}