{"gold_per_floor":[109,124,124,74,87,87,107,139,162,162,224,258,258,275,275,378,378,398,24,34,34],"floor_reached":21,"playtime":1019,"items_purged":["Strike_R"],"score":214,"play_id":"67c7e40a-e894-4c90-8c8a-219a2864e2ca","local_time":"20181021215942","is_ascension_mode":false,"campfire_choices":[{"data":"Heavy Blade","floor":6,"key":"SMITH"},{"data":"Demon Form","floor":10,"key":"SMITH"},{"data":"Armaments","floor":15,"key":"SMITH"}],"neow_cost":"NONE","seed_source_timestamp":990454874585681,"circlet_count":0,"master_deck":["Strike_R","Strike_R","Defend_R","Defend_R","Defend_R","Defend_R","Bash","Cleave","True Grit","Heavy Blade+1","Demon Form+1","Heavy Blade","Spot Weakness","Armaments+1","Demon Form","Feel No Pain","Shrug It Off","Uppercut"],"relics":["Burning Blood","Lantern","Bag of Preparation","Vajra","Mummified Hand","Darkstone Periapt","Eternal Feather","Bottled Flame"],"potions_floor_usage":[],"damage_taken":[{"damage":1,"enemies":"Cultist","floor":1,"turns":4},{"damage":6,"enemies":"Jaw Worm","floor":2,"turns":4},{"damage":0,"enemies":"2 Louse","floor":5,"turns":3},{"damage":2,"enemies":"2 Fungi Beasts","floor":7,"turns":3},{"damage":31,"enemies":"3 Sentries","floor":8,"turns":10},{"damage":9,"enemies":"3 Sentries","floor":11,"turns":7},{"damage":1,"enemies":"Lagavulin","floor":12,"turns":5},{"damage":0,"enemies":"Exordium Wildlife","floor":14,"turns":2},{"damage":54,"enemies":"Hexaghost","floor":16,"turns":6},{"damage":45,"enemies":"3 Byrds","floor":18,"turns":5},{"damage":7,"enemies":"Shell Parasite","floor":20,"turns":4},{"damage":43,"enemies":"Colosseum Slavers","floor":21,"turns":3}],"seed_played":"-3425676003867233561","potions_obtained":[{"floor":2,"key":"LiquidBronze"},{"floor":5,"key":"Block Potion"},{"floor":14,"key":"EssenceOfSteel"}],"is_trial":false,"path_per_floor":["M","M","?","?","M","R","M","E","T","R","?","E","?","M","R","B",null,"M","$","M"],"character_chosen":"IRONCLAD","items_purchased":["Shrug It Off","Bottled Flame"],"campfire_rested":0,"item_purchase_floors":[19,19],"current_hp_per_floor":[80,80,80,80,80,80,80,55,55,55,52,57,80,80,80,32,80,41,41,40,0],"gold":34,"neow_bonus":"REMOVE_CARD","is_prod":false,"is_daily":false,"chose_seed":false,"campfire_upgraded":3,"win_rate":0.0,"timestamp":1540173582,"path_taken":["M","?","?","?","?","R","M","E","T","R","?","E","?","M","R","BOSS","M","$","M","?"],"build_version":"2018-10-18","purchased_purges":1,"victory":false,"max_hp_per_floor":[80,80,80,80,80,80,80,80,80,80,80,80,80,80,80,80,80,80,80,80,80],"card_choices":[{"not_picked":["Iron Wave","Pommel Strike"],"picked":"Cleave","floor":1},{"not_picked":["Cleave","Uppercut"],"picked":"True Grit","floor":2},{"not_picked":["True Grit","Ghostly Armor"],"picked":"Heavy Blade","floor":5},{"not_picked":["Clash","Clothesline","Anger"],"picked":"SKIP","floor":7},{"not_picked":["Double Tap","Cleave"],"picked":"Demon Form","floor":8},{"not_picked":["Anger","Twin Strike"],"picked":"Heavy Blade","floor":11},{"not_picked":["Shockwave","Thunderclap"],"picked":"Spot Weakness","floor":12},{"not_picked":["Battle Trance","Pommel Strike"],"picked":"Armaments","floor":14},{"not_picked":["Barricade","Berserk"],"picked":"Demon Form","floor":16},{"not_picked":["Heavy Blade","Twin Strike"],"picked":"Feel No Pain","floor":18},{"not_picked":["Armaments","Body Slam"],"picked":"Uppercut","floor":20}],"player_experience":40471,"relics_obtained":[{"floor":8,"key":"Bag of Preparation"},{"floor":9,"key":"Vajra"},{"floor":11,"key":"Mummified Hand"},{"floor":12,"key":"Darkstone Periapt"}],"event_choices":[{"damage_healed":0,"gold_gain":0,"player_choice":"Gave Potion","damage_taken":0,"relics_obtained":["Lantern"],"max_hp_gain":0,"max_hp_loss":0,"event_name":"WeMeetAgain","floor":3,"gold_loss":0},{"cards_removed":["Strike_R"],"damage_healed":0,"gold_gain":0,"player_choice":"Card Removal","damage_taken":0,"max_hp_gain":0,"max_hp_loss":0,"event_name":"The Cleric","floor":4,"gold_loss":50},{"damage_healed":0,"gold_gain":0,"player_choice":"Searched \u00272\u0027 times","damage_taken":0,"max_hp_gain":0,"max_hp_loss":0,"event_name":"Dead Adventurer","floor":11,"gold_loss":0},{"damage_healed":26,"gold_gain":0,"player_choice":"Banana","damage_taken":0,"max_hp_gain":0,"max_hp_loss":0,"event_name":"Big Fish","floor":13,"gold_loss":0},{"damage_healed":0,"gold_gain":0,"player_choice":"Fight","damage_taken":0,"max_hp_gain":0,"max_hp_loss":0,"event_name":"Colosseum","floor":21,"gold_loss":0}],"is_beta":false,"boss_relics":[{"not_picked":["White Beast Statue","Runic Dome"],"picked":"Eternal Feather"}],"items_purged_floors":[19],"is_endless":false,"potions_floor_spawned":[2,5,14],"killed_by":"Colosseum Slavers","ascension_level":0}