{"gold_per_floor":[116,116,0,19,19,19,45,64,64,80,93,36,56,56,56,129,129,140,140,140,40,51,64,64,83,133,133,215,215,90,107,107,184,184,195,207,219,219],"floor_reached":38,"playtime":1963,"items_purged":["Strike_G","Strike_G+1","Strike_G+1"],"score":806,"play_id":"0acd412c-2568-4354-9592-882b032321d8","local_time":"20190629110657","is_ascension_mode":true,"campfire_choices":[{"data":"Blade Dance","floor":6.0,"key":"SMITH"},{"floor":15.0,"key":"REST"},{"data":"Bouncing Flask","floor":24,"key":"SMITH"},{"floor":27,"key":"REST"},{"floor":32,"key":"REST"}],"neow_cost":"NONE","seed_source_timestamp":826465802088000,"circlet_count":0,"master_deck":["AscendersBane","Defend_G+1","Defend_G+1","Defend_G+1","Defend_G+1","Defend_G+1","Strike_G+1","Survivor","Neutralize+1","Blade Dance+1","Backstab","Poisoned Stab","PiercingWail","Calculated Gamble","Bouncing Flask+1","Deflect","Deadly Poison","Catalyst","Corpse Explosion","PiercingWail","Noxious Fumes","Adrenaline","Footwork","Noxious Fumes+1","Blur"],"special_seed":0,"relics":["Ring of the Snake","Mummified Hand","Oddly Smooth Stone","Sozu","Bag of Preparation","Matryoshka","Nilry\u0027s Codex","Runic Dome"],"potions_floor_usage":[],"damage_taken":[{"damage":6.0,"enemies":"2 Louse","floor":1.0,"turns":4.0},{"damage":1.0,"enemies":"Cultist","floor":4.0,"turns":4.0},{"damage":34.0,"enemies":"Gremlin Nob","floor":7.0,"turns":4.0},{"damage":0.0,"enemies":"Small Slimes","floor":8.0,"turns":3.0},{"damage":5.0,"enemies":"Exordium Wildlife","floor":10.0,"turns":5.0},{"damage":0.0,"enemies":"Exordium Thugs","floor":11.0,"turns":4.0},{"damage":9.0,"enemies":"Large Slime","floor":13.0,"turns":8.0},{"damage":10.0,"enemies":"The Guardian","floor":16.0,"turns":8.0},{"damage":9.0,"enemies":"Shell Parasite","floor":18.0,"turns":5.0},{"damage":0,"enemies":"3 Byrds","floor":22,"turns":3},{"damage":22,"enemies":"Sentry and Sphere","floor":23,"turns":6},{"damage":7,"enemies":"Snecko","floor":25,"turns":4},{"damage":2,"enemies":"Centurion and Healer","floor":31,"turns":5},{"damage":30,"enemies":"Automaton","floor":33,"turns":8},{"damage":0,"enemies":"3 Shapes","floor":35,"turns":2},{"damage":0,"enemies":"3 Darklings","floor":36,"turns":3},{"damage":28,"enemies":"Maw","floor":37,"turns":6},{"damage":31,"enemies":"Transient","floor":38,"turns":3}],"seed_played":"2465252291004801946","potions_obtained":[{"floor":4.0,"key":"GamblersBrew"},{"floor":5.0,"key":"PowerPotion"},{"floor":5.0,"key":"Energy Potion"},{"floor":10.0,"key":"SkillPotion"},{"floor":11.0,"key":"Regen Potion"}],"is_trial":false,"path_per_floor":["M","?","$","M","?","R","E","M","T","M","M","$","M","?","R","B",null,"M","?","?","$","M","M","R","M","T","R","T","?","$","M","R","B",null,"M","M","M","M"],"character_chosen":"THE_SILENT","items_purchased":["Backstab","Deadly Poison"],"campfire_rested":3,"item_purchase_floors":[3,12],"current_hp_per_floor":[53,53,53,52,52,52,18,18,18,13,13,13,19,12,31,21,55,46,46,46,46,46,24,24,17,17,36,36,15,15,13,32,2,50,50,50,22,0],"gold":219,"neow_bonus":"UPGRADE_CARD","is_prod":false,"is_daily":false,"chose_seed":false,"campfire_upgraded":2,"win_rate":0,"timestamp":1561774017,"path_taken":["M","?","$","M","?","R","E","M","T","M","?","?","M","?","R","BOSS","M","?","?","$","M","?","R","M","T","R","?","?","$","M","R","BOSS","M","M","M","M"],"build_version":"2019-01-23","purchased_purges":3,"victory":false,"max_hp_per_floor":[66,66,66,66,66,66,66,66,66,66,66,66,66,66,66,66,66,66,66,66,66,66,66,66,66,66,66,66,66,66,66,66,66,66,66,66,66,66],"card_choices":[{"not_picked":["Sucker Punch","Distraction"],"picked":"Blade Dance","floor":1.0},{"not_picked":["Catalyst","Expertise"],"picked":"Poisoned Stab","floor":4.0},{"not_picked":["Outmaneuver","Dodge and Roll"],"picked":"PiercingWail","floor":7.0},{"not_picked":["Backflip","Underhanded Strike"],"picked":"Calculated Gamble","floor":8.0},{"not_picked":["Acrobatics","Flying Knee"],"picked":"Bouncing Flask","floor":10.0},{"not_picked":["Bouncing Flask","All Out Attack"],"picked":"Deflect","floor":11.0},{"not_picked":["Quick Slash","Backstab"],"picked":"Catalyst","floor":13.0},{"not_picked":["Phantasmal Killer","Grand Finale"],"picked":"Corpse Explosion","floor":16.0},{"not_picked":["Backflip","Dash"],"picked":"PiercingWail","floor":18},{"not_picked":["Masterful Stab","Poisoned Stab","Distraction"],"picked":"SKIP","floor":22},{"not_picked":["All Out Attack","Bane"],"picked":"Noxious Fumes","floor":23},{"not_picked":["Acrobatics","Expertise","Poisoned Stab+1"],"picked":"SKIP","floor":25},{"not_picked":["Blade Dance+1","Deadly Poison","Dagger Spray+1"],"picked":"SKIP","floor":31},{"not_picked":["Phantasmal Killer","Bullet Time"],"picked":"Adrenaline","floor":33},{"not_picked":["Flying Knee","Slice"],"picked":"Footwork","floor":35},{"not_picked":["Flying Knee+1","Well Laid Plans"],"picked":"Noxious Fumes+1","floor":36},{"not_picked":["Escape Plan","Dodge and Roll"],"picked":"Blur","floor":37}],"player_experience":1043359,"relics_obtained":[{"floor":7.0,"key":"Mummified Hand"},{"floor":9.0,"key":"Oddly Smooth Stone"},{"floor":26,"key":"Bag of Preparation"},{"floor":28,"key":"Matryoshka"},{"floor":29,"key":"Nilry\u0027s Codex"}],"event_choices":[{"damage_healed":0.0,"max_hp_gain":0.0,"max_hp_loss":0.0,"gold_gain":0.0,"event_name":"Scrap Ooze","player_choice":"Fled","floor":2.0,"gold_loss":0.0,"damage_taken":0.0},{"damage_healed":0.0,"max_hp_gain":0.0,"max_hp_loss":0.0,"gold_gain":0.0,"event_name":"Lab","player_choice":"Got Potions","floor":5.0,"gold_loss":0.0,"damage_taken":0.0},{"cards_removed":["Strike_G"],"damage_healed":0.0,"max_hp_gain":0.0,"max_hp_loss":0.0,"gold_gain":0.0,"event_name":"Golden Wing","player_choice":"Card Removal","floor":14.0,"gold_loss":0.0,"damage_taken":7.0},{"damage_healed":0,"gold_gain":0,"player_choice":"Ignored","damage_taken":0,"max_hp_gain":0,"max_hp_loss":0,"event_name":"Vampires","floor":19,"gold_loss":0},{"damage_healed":0,"gold_gain":0,"player_choice":"Simplicity","damage_taken":0,"max_hp_gain":0,"max_hp_loss":0,"event_name":"Back to Basics","floor":20,"gold_loss":0,"cards_upgraded":["Defend_G","Defend_G","Defend_G","Defend_G","Defend_G","Strike_G","Strike_G","Strike_G"]},{"damage_healed":0,"gold_gain":0,"player_choice":"Obtained Book","damage_taken":21,"max_hp_gain":0,"max_hp_loss":0,"event_name":"Cursed Tome","floor":29,"gold_loss":0}],"is_beta":false,"boss_relics":[{"not_picked":["Ring of the Serpent","Black Star"],"picked":"Sozu"},{"not_picked":["Cursed Key","HoveringKite"],"picked":"Runic Dome"}],"items_purged_floors":[3,21,30],"is_endless":false,"potions_floor_spawned":[4,10,11,18,23,35,37],"killed_by":"Transient","ascension_level":20}