{"gold_per_floor":[111,111,29,29,29,60,60,87,87,100,31,31,31,31,31,128,158,177,177,194,194,209,209,289,289,316,5,5,23,123,136,136,136],"floor_reached":33,"playtime":2796,"items_purged":[],"score":274,"play_id":"8c59bb22-c214-41c8-8aa8-a138f57cc1d3","local_time":"20180629010154","is_ascension_mode":false,"campfire_choices":[{"data":"Zap","floor":7,"key":"SMITH"},{"floor":15,"key":"REST"},{"floor":23,"key":"REST"},{"data":"Self Repair","floor":25,"key":"SMITH"},{"data":"Barrage","floor":28,"key":"SMITH"},{"floor":32,"key":"REST"}],"neow_cost":"","seed_source_timestamp":1049251955938978,"circlet_count":0,"master_deck":["Strike_B+1","Strike_B+1","Strike_B+1","Strike_B+1","Defend_B+1","Defend_B+1","Defend_B+1","Defend_B+1","Zap+1","Dualcast","Conserve Battery","Scrape","Rainbow+1","Rip and Tear","Conserve Battery+1","FTL","Fusion","Thunder Strike+1","Self Repair+1","Machine Learning","Chaos","Barrage+1","Chill+1","Multi-Cast+1","Hello World","Force Field","Capacitor","Storm+1"],"relics":["Cracked Core","Bird Faced Urn","Meat on the Bone","Ancient Tea Set","Matryoshka","Question Card","Tiny House","Lantern","Pear","Oddly Smooth Stone","War Paint","Regal Pillow"],"potions_floor_usage":[],"damage_taken":[{"damage":2,"enemies":"2 Louse","floor":1,"turns":3},{"damage":14,"enemies":"3 Sentries","floor":6,"turns":9},{"damage":19,"enemies":"Lagavulin","floor":8,"turns":5},{"damage":0,"enemies":"Cultist","floor":10,"turns":3},{"damage":34,"enemies":"Slime Boss","floor":16,"turns":10},{"damage":16,"enemies":"Spheric Guardian","floor":18,"turns":6},{"damage":25,"enemies":"Shell Parasite","floor":20,"turns":6},{"damage":32,"enemies":"3 Cultists","floor":22,"turns":7},{"damage":16,"enemies":"Slaver and Parasite","floor":29,"turns":5},{"damage":35,"enemies":"Snake Plant","floor":31,"turns":6},{"damage":107,"enemies":"Champ","floor":33,"turns":13}],"seed_played":"-1485615529636489787","potions_obtained":[{"floor":1,"key":"LiquidBronze"},{"floor":6,"key":"Block Potion"},{"floor":10,"key":"SpeedPotion"},{"floor":17,"key":"Block Potion"}],"is_trial":false,"path_per_floor":["M","?","$","?","T","E","R","E","T","M","$","$","?","?","R","B",null,"M","?","M","?","M","R","T","R","T","$","R","M","?","M","R"],"character_chosen":"DEFECT","items_purchased":["Rip and Tear","Conserve Battery","Self Repair","Regal Pillow","Hello World","Force Field"],"campfire_rested":3,"item_purchase_floors":[3,3,11,27,27,27],"current_hp_per_floor":[73,73,73,73,73,59,59,40,40,40,40,40,40,25,47,34,80,71,71,57,57,48,72,82,82,82,82,82,82,82,65,90,0],"gold":136,"neow_bonus":"","is_prod":false,"is_daily":false,"chose_seed":false,"campfire_upgraded":3,"win_rate":0.0,"timestamp":1530248514,"path_taken":["M","?","?","?","?","E","R","E","T","?","?","$","?","?","R","BOSS","M","?","M","?","M","R","?","R","T","$","R","M","?","M","R","BOSS"],"build_version":"2018-06-28","purchased_purges":0,"victory":false,"max_hp_per_floor":[75,75,75,75,75,75,75,75,75,75,75,75,75,75,75,75,80,80,80,80,80,80,80,90,90,90,90,90,90,90,90,90,90],"card_choices":[{"not_picked":["Hello World","Steam"],"picked":"Conserve Battery","floor":1},{"not_picked":["Reboot","Coolheaded"],"picked":"FTL","floor":6},{"not_picked":["Cold Snap","Gash"],"picked":"Fusion","floor":8},{"not_picked":["Go for the Eyes","Scrape"],"picked":"Thunder Strike","floor":10},{"not_picked":["Biased Cognition","Multi-Cast","Buffer"],"picked":"Machine Learning","floor":16},{"not_picked":["Hologram","Cold Snap","Compile Driver"],"picked":"Chaos","floor":17},{"not_picked":["Conserve Battery","Coolheaded","Steam"],"picked":"Barrage","floor":18},{"not_picked":["Barrage","Beam Cell","White Noise"],"picked":"Chill+1","floor":20},{"not_picked":["Gash","Redo","Streamline"],"picked":"Multi-Cast","floor":22},{"not_picked":["Lockon","Leap","Gash"],"picked":"Capacitor","floor":29},{"not_picked":["Amplify","Go for the Eyes","Hologram"],"picked":"Storm+1","floor":31}],"player_experience":6073,"relics_obtained":[{"floor":5,"key":"Bird Faced Urn"},{"floor":6,"key":"Meat on the Bone"},{"floor":8,"key":"Ancient Tea Set"},{"floor":9,"key":"Matryoshka"},{"floor":24,"key":"Lantern"},{"floor":24,"key":"Pear"},{"floor":26,"key":"Oddly Smooth Stone"},{"floor":26,"key":"War Paint"}],"event_choices":[{"event_name":"Match and Keep!","player_choice":"2 cards matched","floor":2,"damage_taken":0},{"event_name":"The Cleric","player_choice":"Leave","floor":4,"damage_taken":0},{"event_name":"Accursed Blacksmith","player_choice":"Rummage","floor":13,"damage_taken":0},{"event_name":"Shining Light","player_choice":"Entered Light","floor":14,"damage_taken":0},{"event_name":"Upgrade Shrine","player_choice":"Upgraded","floor":19,"damage_taken":0},{"event_name":"Back to Basics","player_choice":"Simplicity","floor":21,"damage_taken":0},{"event_name":"Golden Shrine","player_choice":"Pray","floor":30,"damage_taken":0}],"boss_relics":[{"not_picked":["Orrery","Calling Bell"],"picked":"Tiny House"}],"items_purged_floors":[],"is_endless":false,"potions_floor_spawned":[1,6,10,18],"killed_by":"Champ","ascension_level":0}