{"gold_per_floor":[116,116,116,134,146,146,159,191,191,191,191,18,45,10,10,10],"floor_reached":16,"playtime":1289,"items_purged":[],"score":124,"play_id":"5204b808-54a9-4af3-b0e4-5aaa70d5387e","local_time":"20190225161800","is_ascension_mode":true,"campfire_choices":[{"floor":6,"key":"RECALL"},{"floor":10,"key":"REST"},{"data":"Armaments","floor":15,"key":"SMITH"}],"neow_cost":"NONE","seed_source_timestamp":729759661645900,"circlet_count":0,"master_deck":["Strike_R","Strike_R","Strike_R","Strike_R","Strike_R","Defend_R+1","Defend_R+1","Defend_R","Defend_R","Bash","Thunderclap","Pummel","Armaments+1","Rage","Anger","Clothesline","Second Wind"],"relics":["Burning Blood","Centennial Puzzle","Dodecahedron","Unceasing Top","Gambling Chip","Bag of Marbles","Anchor"],"potions_floor_usage":[7,16,16],"damage_taken":[{"damage":2,"enemies":"Jaw Worm","floor":1,"turns":3},{"damage":10,"enemies":"Small Slimes","floor":4,"turns":3},{"damage":6,"enemies":"2 Louse","floor":5,"turns":3},{"damage":1,"enemies":"Large Slime","floor":7,"turns":5},{"damage":27,"enemies":"3 Sentries","floor":8,"turns":9},{"damage":11,"enemies":"Gremlin Nob","floor":13,"turns":4},{"damage":77,"enemies":"Slime Boss","floor":16,"turns":12}],"seed_played":"-2711495719267886940","potions_obtained":[{"floor":1,"key":"Fire Potion"},{"floor":8,"key":"Swift Potion"},{"floor":13,"key":"SkillPotion"}],"is_trial":false,"path_per_floor":["M","?","?","M","M","R","M","E","T","R","?","$","E","?","R","B"],"character_chosen":"IRONCLAD","items_purchased":["Bag of Marbles","Clothesline"],"campfire_rested":1,"item_purchase_floors":[12,12],"current_hp_per_floor":[80,80,64,60,60,60,65,44,44,68,61,61,56,76,76,0],"gold":10,"neow_bonus":"RANDOM_COMMON_RELIC","is_prod":false,"is_daily":false,"chose_seed":false,"campfire_upgraded":1,"win_rate":0,"timestamp":1551111480,"path_taken":["M","?","?","M","M","R","M","E","T","R","?","$","E","?","R","BOSS"],"build_version":"2019-01-23","purchased_purges":0,"victory":false,"max_hp_per_floor":[80,80,80,80,80,80,80,80,80,80,80,80,80,80,80,80],"card_choices":[{"not_picked":["True Grit","Sword Boomerang"],"picked":"Thunderclap","floor":1},{"not_picked":["Carnage","Perfected Strike"],"picked":"Pummel","floor":4},{"not_picked":["Flex","Thunderclap"],"picked":"Armaments","floor":5},{"not_picked":["Wild Strike","Combust"],"picked":"Rage","floor":7},{"not_picked":["Pummel","Flex"],"picked":"Anger","floor":8},{"not_picked":["Dark Embrace","Corruption"],"picked":"Second Wind","floor":13}],"player_experience":222670,"relics_obtained":[{"floor":8,"key":"Dodecahedron"},{"floor":9,"key":"Unceasing Top"},{"floor":13,"key":"Anchor"}],"event_choices":[{"damage_healed":0,"gold_gain":0,"player_choice":"Ignored","damage_taken":0,"max_hp_gain":0,"max_hp_loss":0,"event_name":"Golden Wing","floor":2,"gold_loss":0},{"damage_healed":0,"gold_gain":0,"player_choice":"Entered Light","damage_taken":16,"max_hp_gain":0,"max_hp_loss":0,"event_name":"Shining Light","floor":3,"gold_loss":0,"cards_upgraded":["Defend_R","Defend_R"]},{"damage_healed":0,"gold_gain":0,"player_choice":"Success","damage_taken":7,"relics_obtained":["Gambling Chip"],"max_hp_gain":0,"max_hp_loss":0,"event_name":"Scrap Ooze","floor":11,"gold_loss":0},{"damage_healed":20,"gold_gain":0,"player_choice":"Healed","damage_taken":0,"max_hp_gain":0,"max_hp_loss":0,"event_name":"The Cleric","floor":14,"gold_loss":35}],"is_beta":false,"boss_relics":[],"items_purged_floors":[],"is_endless":false,"potions_floor_spawned":[1,8,13],"killed_by":"Slime Boss","ascension_level":3}