{"gold_per_floor":[110,110,122,122,102,128,128,161,187,38,38,55,71,83,83,83],"floor_reached":16,"playtime":352,"items_purged":[],"score":138,"play_id":"db589855-724c-4741-878d-3fed403650af","local_time":"20190626012644","is_ascension_mode":true,"campfire_choices":[{"floor":7,"key":"REST"},{"floor":11,"key":"REST"},{"data":"Hyperbeam","floor":15,"key":"SMITH"}],"neow_cost":"NONE","seed_source_timestamp":1000506932876900,"circlet_count":0,"master_deck":["Strike_B","Strike_B","Strike_B","Strike_B","Defend_B","Defend_B","Defend_B","Defend_B","Zap","Dualcast","Hyperbeam+1","Conserve Battery","Chill","Leap","Consume","Sunder","Genetic Algorithm","Streamline","Sunder","Conserve Battery"],"relics":["Cracked Core","Pen Nib","Sundial","Centennial Puzzle","Happy Flower"],"potions_floor_usage":[],"damage_taken":[{"damage":7,"enemies":"Jaw Worm","floor":1,"turns":3},{"damage":0,"enemies":"Small Slimes","floor":3,"turns":3},{"damage":27,"enemies":"Gremlin Nob","floor":6,"turns":4},{"damage":42,"enemies":"Lagavulin","floor":8,"turns":7},{"damage":0,"enemies":"Cultist","floor":12,"turns":3},{"damage":0,"enemies":"Lots of Slimes","floor":13,"turns":1},{"damage":8,"enemies":"Looter","floor":14,"turns":2},{"damage":35,"enemies":"Hexaghost","floor":16,"turns":9}],"seed_played":"-2886142861038203099","potions_obtained":[{"floor":1,"key":"Swift Potion"},{"floor":3,"key":"Block Potion"},{"floor":5,"key":"Dexterity Potion"},{"floor":6,"key":"SkillPotion"}],"is_trial":false,"path_per_floor":["M","?","M","?","?","E","R","E","T","$","R","M","M","M","R","B"],"character_chosen":"DEFECT","items_purchased":["Sunder","Genetic Algorithm"],"campfire_rested":2,"item_purchase_floors":[10,10],"current_hp_per_floor":[68,68,68,65,65,38,60,18,18,18,40,40,40,32,32,0],"gold":83,"neow_bonus":"ONE_RANDOM_RARE_CARD","is_prod":false,"is_daily":false,"chose_seed":false,"campfire_upgraded":1,"win_rate":0,"timestamp":1561526804,"path_taken":["M","?","M","?","?","E","R","E","T","$","R","M","M","?","R","BOSS"],"build_version":"2019-01-23","purchased_purges":0,"victory":false,"max_hp_per_floor":[75,75,75,75,75,75,75,75,75,75,75,75,75,75,75,75],"card_choices":[{"not_picked":["Melter","Heatsinks"],"picked":"Conserve Battery","floor":1},{"not_picked":["Double Energy","Recycle"],"picked":"Chill","floor":3},{"not_picked":["Hologram","Redo"],"picked":"Leap","floor":6},{"not_picked":["Turbo","Undo"],"picked":"Consume","floor":8},{"not_picked":["Beam Cell","Turbo"],"picked":"Streamline","floor":12},{"not_picked":["Hello World","Gash"],"picked":"Sunder","floor":13},{"not_picked":["Go for the Eyes","Undo"],"picked":"Conserve Battery","floor":14}],"player_experience":280706,"relics_obtained":[{"floor":6,"key":"Sundial"},{"floor":8,"key":"Centennial Puzzle"},{"floor":9,"key":"Happy Flower"}],"event_choices":[{"damage_healed":0,"gold_gain":0,"player_choice":"Ignored","damage_taken":0,"max_hp_gain":0,"max_hp_loss":0,"event_name":"Liars Game","floor":2,"gold_loss":0},{"damage_healed":0,"gold_gain":0,"player_choice":"Success","damage_taken":3,"relics_obtained":["Pen Nib"],"max_hp_gain":0,"max_hp_loss":0,"event_name":"Scrap Ooze","floor":4,"gold_loss":0},{"damage_healed":0,"gold_gain":0,"player_choice":"Bought 1 Potion","damage_taken":0,"max_hp_gain":0,"max_hp_loss":0,"event_name":"The Woman in Blue","floor":5,"gold_loss":0}],"is_beta":false,"boss_relics":[],"items_purged_floors":[],"is_endless":false,"potions_floor_spawned":[1,3,6],"killed_by":"Hexaghost","ascension_level":5}