{"gold_per_floor":[111,125,135,36,36,36,66,66,66,66,66,84,84,113,113,210,210,225,240,240,103,119,148,148,483,483,393,70,83,111,126,126,230,230,249,268,278,288,288,288],"floor_reached":40,"playtime":2211,"items_purged":["Strike_G","Writhe","Regret"],"score":697,"play_id":"46dfed0c-d184-4d79-9e6d-56f2db39d094","local_time":"20190628132741","is_ascension_mode":true,"campfire_choices":[{"data":"Deadly Poison","floor":6,"key":"SMITH"},{"data":"Corpse Explosion","floor":11,"key":"SMITH"},{"data":"Leg Sweep","floor":15,"key":"SMITH"},{"floor":24,"key":"REST"},{"floor":32,"key":"REST"}],"neow_cost":"NONE","seed_source_timestamp":1214705166634900,"circlet_count":0,"master_deck":["Defend_G","Defend_G","Defend_G","Defend_G+1","Defend_G","Strike_G+1","Strike_G","Survivor+1","Neutralize","Leg Sweep+1","Flying Knee","Backflip","Well Laid Plans","Deadly Poison+1","Corpse Explosion+1","Cloak And Dagger","Bouncing Flask","Burst","Footwork+1","Footwork","Noxious Fumes","Footwork+1","A Thousand Cuts","Caltrops+1","Catalyst+1","Blade Dance+1","Dramatic Entrance","Well Laid Plans"],"relics":["Ring of the Snake","Matryoshka","Blue Candle","Ninja Scroll","Mercury Hourglass","Cursed Key","Pen Nib","Bag of Preparation","Old Coin","PreservedInsect","Pantograph","OrangePellets","Letter Opener","Sozu"],"potions_floor_usage":[23,25],"damage_taken":[{"damage":0,"enemies":"Cultist","floor":1,"turns":7},{"damage":2,"enemies":"Jaw Worm","floor":2,"turns":6},{"damage":0,"enemies":"Small Slimes","floor":3,"turns":4},{"damage":17,"enemies":"3 Sentries","floor":7,"turns":14},{"damage":0,"enemies":"Red Slaver","floor":12,"turns":4},{"damage":0,"enemies":"Lagavulin","floor":14,"turns":5},{"damage":4,"enemies":"The Guardian","floor":16,"turns":8},{"damage":2,"enemies":"Shell Parasite","floor":18,"turns":4},{"damage":8,"enemies":"2 Thieves","floor":19,"turns":4},{"damage":14,"enemies":"Snake Plant","floor":22,"turns":4},{"damage":19,"enemies":"Book of Stabbing","floor":23,"turns":7},{"damage":15,"enemies":"Slavers","floor":25,"turns":3},{"damage":5,"enemies":"Cultist and Chosen","floor":29,"turns":5},{"damage":6,"enemies":"Gremlin Leader","floor":30,"turns":5},{"damage":0,"enemies":"Snecko","floor":31,"turns":7},{"damage":12,"enemies":"Champ","floor":33,"turns":12},{"damage":3,"enemies":"3 Darklings","floor":35,"turns":3},{"damage":0,"enemies":"Orb Walker","floor":36,"turns":4},{"damage":25,"enemies":"Jaw Worm Horde","floor":37,"turns":6},{"damage":13,"enemies":"Spire Growth","floor":38,"turns":5},{"damage":32,"enemies":"Nemesis","floor":40,"turns":3}],"seed_played":"1490282524407864914","potions_obtained":[{"floor":2,"key":"Weak Potion"},{"floor":3,"key":"Regen Potion"},{"floor":16,"key":"PowerPotion"},{"floor":29,"key":"Strength Potion"}],"is_trial":false,"path_per_floor":["M","M","M","$","?","R","E","?","T","$","R","M","$","E","R","B",null,"M","M","?","$","M","E","R","E","T","?","$","M","E","M","R","B",null,"M","M","M","M","?","E"],"character_chosen":"THE_SILENT","items_purchased":["Deadly Poison","Footwork","OrangePellets"],"campfire_rested":2,"item_purchase_floors":[4,21,28],"current_hp_per_floor":[63,61,61,61,61,61,44,30,30,30,30,30,30,30,30,26,59,57,49,49,49,35,28,49,34,34,34,34,29,23,23,44,57,67,64,64,39,26,26,0],"gold":288,"neow_bonus":"TRANSFORM_CARD","is_prod":false,"is_daily":false,"chose_seed":false,"campfire_upgraded":3,"win_rate":0,"timestamp":1561742861,"path_taken":["M","?","?","$","?","R","E","?","T","$","R","M","?","E","R","BOSS","M","M","?","$","M","E","R","E","T","?","$","M","E","?","R","BOSS","M","M","M","?","?","E"],"build_version":"2019-01-23","purchased_purges":3,"victory":false,"max_hp_per_floor":[70,70,70,70,70,70,70,70,70,70,70,70,70,70,70,70,70,70,70,70,70,70,70,70,70,70,70,70,70,70,70,70,70,70,70,70,70,70,70,70],"card_choices":[{"not_picked":["Underhanded Strike","Choke"],"picked":"Flying Knee","floor":1},{"not_picked":["Sucker Punch","Outmaneuver"],"picked":"Backflip","floor":2},{"not_picked":["Flying Knee","Acrobatics"],"picked":"Well Laid Plans","floor":3},{"not_picked":["Outmaneuver","Setup"],"picked":"Corpse Explosion","floor":7},{"not_picked":["Backflip","Endless Agony"],"picked":"Cloak And Dagger","floor":12},{"not_picked":["Finisher","Underhanded Strike"],"picked":"Bouncing Flask","floor":14},{"not_picked":["Unload","Phantasmal Killer"],"picked":"Burst","floor":16},{"not_picked":["Dagger Spray","Endless Agony","Flying Knee+1"],"picked":"SKIP","floor":18},{"not_picked":["Dagger Spray","All Out Attack"],"picked":"Footwork+1","floor":19},{"not_picked":["Acrobatics","Deadly Poison","Quick Slash+1"],"picked":"SKIP","floor":22},{"not_picked":["PiercingWail","Phantasmal Killer"],"picked":"Noxious Fumes","floor":23},{"not_picked":["Tactician","Heel Hook","Sucker Punch"],"picked":"SKIP","floor":25},{"not_picked":["Slice","Deadly Poison","Expertise"],"picked":"SKIP","floor":29},{"not_picked":["Quick Slash","Dagger Throw"],"picked":"Footwork+1","floor":30},{"not_picked":["Tactician","Endless Agony","Quick Slash"],"picked":"SKIP","floor":31},{"not_picked":["Burst","Bullet Time"],"picked":"A Thousand Cuts","floor":33},{"not_picked":["Bane","Bouncing Flask+1"],"picked":"Caltrops+1","floor":35},{"not_picked":["Quick Slash+1","Blade Dance"],"picked":"Catalyst+1","floor":36},{"not_picked":["Dash","Prepared+1"],"picked":"Blade Dance+1","floor":37},{"not_picked":["Reflex+1","Accuracy+1","Underhanded Strike+1"],"picked":"SKIP","floor":38}],"player_experience":296266,"relics_obtained":[{"floor":7,"key":"Matryoshka"},{"floor":9,"key":"Blue Candle"},{"floor":9,"key":"Ninja Scroll"},{"floor":14,"key":"Mercury Hourglass"},{"floor":23,"key":"Bag of Preparation"},{"floor":25,"key":"Old Coin"},{"floor":26,"key":"PreservedInsect"},{"floor":26,"key":"Pantograph"},{"floor":30,"key":"Letter Opener"}],"event_choices":[{"damage_healed":0,"gold_gain":0,"player_choice":"Ignored","damage_taken":0,"max_hp_gain":0,"max_hp_loss":0,"event_name":"Liars Game","floor":5,"gold_loss":0},{"damage_healed":0,"gold_gain":0,"player_choice":"Entered Light","damage_taken":14,"max_hp_gain":0,"max_hp_loss":0,"event_name":"Shining Light","floor":8,"gold_loss":0,"cards_upgraded":["Strike_G","Defend_G"]},{"damage_healed":0,"gold_gain":0,"player_choice":"Opened","damage_taken":0,"relics_obtained":["Pen Nib"],"max_hp_gain":0,"max_hp_loss":0,"event_name":"The Mausoleum","floor":20,"gold_loss":0,"cards_obtained":["Writhe"]},{"cards_removed":["Strike_G"],"damage_healed":0,"gold_gain":0,"player_choice":"Upgrade and Remove","damage_taken":0,"max_hp_gain":0,"max_hp_loss":0,"event_name":"Designer","floor":27,"gold_loss":90,"cards_upgraded":["Survivor"]},{"damage_healed":0,"gold_gain":0,"player_choice":"2 cards matched","damage_taken":0,"max_hp_gain":0,"max_hp_loss":0,"event_name":"Match and Keep!","floor":39,"gold_loss":0,"cards_obtained":["Dramatic Entrance","Well Laid Plans"]}],"is_beta":false,"boss_relics":[{"not_picked":["Eternal Feather","Calling Bell"],"picked":"Cursed Key"},{"not_picked":["Pandora\u0027s Box","Velvet Choker"],"picked":"Sozu"}],"items_purged_floors":[4,21,28],"is_endless":false,"potions_floor_spawned":[2,3,16,18,29,35],"killed_by":"Nemesis","ascension_level":9}