{"gold_per_floor":[117,132,151,151,151,212,212,212,261,295,60,9,40,59,59,156,156,169,169,91,102,102,128,128,146,146,166,176,206,217,1,1,1],"floor_reached":33,"playtime":2005,"items_purged":[],"score":456,"play_id":"f0d1d8db-aba5-49d2-be45-b1f304d64741","local_time":"20190410230718","is_ascension_mode":true,"campfire_choices":[{"floor":7,"key":"REST"},{"floor":15,"key":"RECALL"},{"floor":32,"key":"REST"}],"neow_cost":"NONE","seed_source_timestamp":713166744532200,"circlet_count":0,"master_deck":["Strike_R","Strike_R+1","Strike_R","Strike_R","Strike_R","Defend_R","Defend_R","Defend_R+1","Bash+1","Cleave","Flame Barrier","Cleave","Bloodletting+1","Regret","Power Through","Headbutt","Evolve","Shrug It Off","Flex","Anger","Flex","Immolate","Armaments+1","Pain","Inflame","Dropkick","Spot Weakness+1","Spot Weakness+1","Rage","Heavy Blade+1","Rage","Rupture","Hemokinesis","Whirlwind"],"relics":["Burning Blood","Anchor","Tiny Chest","Regal Pillow","Bronze Scales","Du-Vu Doll","Vajra","Whetstone","Fusion Hammer","WarpedTongs","Pen Nib","Champion Belt","Juzu Bracelet","War Paint"],"potions_floor_usage":[6,10,10,16,27,29,33],"damage_taken":[{"damage":20,"enemies":"Small Slimes","floor":1,"turns":3},{"damage":9,"enemies":"Jaw Worm","floor":2,"turns":4},{"damage":7,"enemies":"2 Louse","floor":3,"turns":3},{"damage":35,"enemies":"Lagavulin","floor":6,"turns":5},{"damage":10,"enemies":"3 Sentries","floor":10,"turns":6},{"damage":8,"enemies":"Lagavulin","floor":13,"turns":6},{"damage":2,"enemies":"Blue Slaver","floor":14,"turns":2},{"damage":53,"enemies":"The Guardian","floor":16,"turns":7},{"damage":2,"enemies":"Chosen","floor":18,"turns":3},{"damage":7,"enemies":"Shell Parasite","floor":21,"turns":3},{"damage":25,"enemies":"Slavers","floor":23,"turns":3},{"damage":7,"enemies":"Snake Plant","floor":25,"turns":4},{"damage":15,"enemies":"3 Cultists","floor":27,"turns":5},{"damage":0,"enemies":"Shelled Parasite and Fungi","floor":28,"turns":2},{"damage":0,"enemies":"Gremlin Leader","floor":29,"turns":4},{"damage":3,"enemies":"Sentry and Sphere","floor":30,"turns":3},{"damage":90,"enemies":"Champ","floor":33,"turns":8}],"seed_played":"4387368756725221075","potions_obtained":[{"floor":1,"key":"Dexterity Potion"},{"floor":2,"key":"Fire Potion"},{"floor":6,"key":"GamblersBrew"},{"floor":10,"key":"Weak Potion"},{"floor":16,"key":"FearPotion"},{"floor":25,"key":"Block Potion"},{"floor":28,"key":"PowerPotion"},{"floor":29,"key":"SpeedPotion"},{"floor":30,"key":"FearPotion"}],"is_trial":false,"path_per_floor":["M","M","M","?","?","E","R","?","T","E","$","$","E","M","R","B",null,"M","?","$","M","?","E","?","M","T","M","M","E","M","$","R","B"],"character_chosen":"IRONCLAD","items_purchased":["Vajra","Evolve","Shrug It Off","Flex","Inflame","War Paint","Whirlwind"],"campfire_rested":2,"item_purchase_floors":[11,11,11,12,20,31,31],"current_hp_per_floor":[74,71,70,70,70,41,67,64,64,60,60,60,58,62,62,15,88,88,88,88,87,87,68,68,67,67,58,64,70,73,73,88,0],"gold":1,"neow_bonus":"TEN_PERCENT_HP_BONUS","is_prod":false,"is_daily":false,"chose_seed":false,"campfire_upgraded":0,"win_rate":0,"timestamp":1554934038,"path_taken":["M","M","M","?","?","E","R","?","T","E","?","$","E","M","R","BOSS","M","?","$","?","?","E","?","M","T","?","?","E","M","?","R","BOSS"],"build_version":"2019-01-23","purchased_purges":0,"victory":false,"max_hp_per_floor":[88,88,88,88,88,88,88,88,88,88,88,88,88,88,88,88,88,88,88,88,88,88,88,88,88,88,88,88,88,88,88,88,88],"card_choices":[{"not_picked":["Ghostly Armor","Clothesline"],"picked":"Cleave","floor":1},{"not_picked":["Warcry","Searing Blow"],"picked":"Flame Barrier","floor":2},{"not_picked":["Clothesline","Pommel Strike"],"picked":"Cleave","floor":3},{"not_picked":["Brutality","Perfected Strike"],"picked":"Power Through","floor":6},{"not_picked":["Perfected Strike","Clash"],"picked":"Headbutt","floor":10},{"not_picked":["Twin Strike","Clash"],"picked":"Anger","floor":13},{"not_picked":["Seeing Red","Clash"],"picked":"Flex","floor":14},{"not_picked":["Limit Break","Bludgeon"],"picked":"Immolate","floor":16},{"not_picked":["Burning Pact","True Grit"],"picked":"Armaments+1","floor":18},{"not_picked":["Twin Strike+1","True Grit"],"picked":"Dropkick","floor":21},{"not_picked":["Cleave+1","Hemokinesis"],"picked":"Spot Weakness+1","floor":23},{"not_picked":["Pommel Strike","Wild Strike"],"picked":"Rage","floor":25},{"not_picked":["Clothesline","Body Slam"],"picked":"Heavy Blade+1","floor":27},{"not_picked":["Corruption","Warcry"],"picked":"Rage","floor":28},{"not_picked":["Armaments","Flex+1"],"picked":"Rupture","floor":29},{"not_picked":["Bloodletting","True Grit+1"],"picked":"Hemokinesis","floor":30}],"player_experience":474447,"relics_obtained":[{"floor":6,"key":"Tiny Chest"},{"floor":9,"key":"Bronze Scales"},{"floor":10,"key":"Du-Vu Doll"},{"floor":13,"key":"Whetstone"},{"floor":23,"key":"Pen Nib"},{"floor":26,"key":"Champion Belt"},{"floor":29,"key":"Juzu Bracelet"}],"event_choices":[{"damage_healed":0,"gold_gain":0,"cards_transformed":["Defend_R"],"player_choice":"Change","damage_taken":0,"max_hp_gain":0,"max_hp_loss":0,"event_name":"Living Wall","floor":4,"gold_loss":0,"cards_obtained":["Bloodletting"]},{"damage_healed":0,"gold_gain":0,"player_choice":"Box","damage_taken":0,"relics_obtained":["Anchor"],"max_hp_gain":0,"max_hp_loss":0,"event_name":"Big Fish","floor":5,"gold_loss":0,"cards_obtained":["Regret"]},{"damage_healed":0,"gold_gain":0,"player_choice":"Success","damage_taken":3,"relics_obtained":["Regal Pillow"],"max_hp_gain":0,"max_hp_loss":0,"event_name":"Scrap Ooze","floor":8,"gold_loss":0},{"damage_healed":0,"gold_gain":0,"player_choice":"Rummage","damage_taken":0,"relics_obtained":["WarpedTongs"],"max_hp_gain":0,"max_hp_loss":0,"event_name":"Accursed Blacksmith","floor":19,"gold_loss":0,"cards_obtained":["Pain"]},{"damage_healed":0,"gold_gain":0,"player_choice":"Ignored","damage_taken":0,"max_hp_gain":0,"max_hp_loss":0,"event_name":"Ghosts","floor":22,"gold_loss":0},{"damage_healed":0,"gold_gain":0,"player_choice":"Copied","damage_taken":0,"max_hp_gain":0,"max_hp_loss":0,"event_name":"Duplicator","floor":24,"gold_loss":0,"cards_obtained":["Spot Weakness"]}],"is_beta":false,"boss_relics":[{"not_picked":["Velvet Choker","White Beast Statue"],"picked":"Fusion Hammer"}],"items_purged_floors":[],"is_endless":false,"potions_floor_spawned":[1,2,6,10,16,25,28,29,30],"killed_by":"Champ","ascension_level":4}