{"gold_per_floor":[113,129,204,10,25,25,51,51,51,81,31,131,131,141,141,141],"floor_reached":16,"playtime":612,"items_purged":["Strike_R"],"score":140,"play_id":"4acc820d-6f8d-4ae0-90f9-277441d3b4eb","local_time":"20190519133219","is_ascension_mode":true,"campfire_choices":[{"data":"Armaments","floor":6,"key":"SMITH"},{"data":"Rampage","floor":8,"key":"SMITH"},{"data":"Corruption","floor":13,"key":"SMITH"},{"floor":15,"key":"REST"}],"neow_cost":"TEN_PERCENT_HP_LOSS","seed_source_timestamp":146291562318800,"circlet_count":0,"master_deck":["Strike_R","Strike_R","Strike_R","Strike_R","Defend_R","Defend_R","Defend_R","Defend_R","Bash","Reaper","Anger","Anger","Armaments+1","Rampage+1","Shrug It Off","Corruption+1","Headbutt"],"relics":["Burning Blood","Anchor","Pantograph","Smiling Mask","Bird Faced Urn"],"potions_floor_usage":[7],"damage_taken":[{"damage":2,"enemies":"2 Louse","floor":1,"turns":4},{"damage":1,"enemies":"Cultist","floor":2,"turns":3},{"damage":7,"enemies":"Small Slimes","floor":5,"turns":3},{"damage":40,"enemies":"Lagavulin","floor":7,"turns":6},{"damage":32,"enemies":"Gremlin Nob","floor":10,"turns":4},{"damage":9,"enemies":"Looter","floor":14,"turns":5},{"damage":59,"enemies":"Hexaghost","floor":16,"turns":9}],"seed_played":"1926541534015785773","potions_obtained":[{"floor":2,"key":"Explosive Potion"},{"floor":7,"key":"Ancient Potion"},{"floor":14,"key":"AttackPotion"}],"is_trial":false,"path_per_floor":["M","M","?","$","M","R","E","R","T","E","$","?","R","M","R","B"],"character_chosen":"IRONCLAD","items_purchased":["Anchor","Armaments"],"campfire_rested":1,"item_purchase_floors":[4,4],"current_hp_per_floor":[72,72,61,61,64,64,34,34,34,12,12,12,12,13,34,0],"gold":141,"neow_bonus":"THREE_RARE_CARDS","is_prod":false,"is_daily":false,"chose_seed":false,"campfire_upgraded":3,"win_rate":0,"timestamp":1558287139,"path_taken":["M","M","?","$","M","R","E","R","T","E","$","?","R","?","R","BOSS"],"build_version":"2019-01-23","purchased_purges":1,"victory":false,"max_hp_per_floor":[72,72,72,72,72,72,72,72,72,72,72,72,72,72,72,72],"card_choices":[{"not_picked":["Bludgeon","Brutality"],"picked":"Reaper","floor":0},{"not_picked":["Iron Wave","Feel No Pain"],"picked":"Anger","floor":1},{"not_picked":["Fire Breathing","Perfected Strike"],"picked":"Anger","floor":2},{"not_picked":["Perfected Strike","Fire Breathing"],"picked":"Rampage","floor":5},{"not_picked":["Sever Soul","Headbutt"],"picked":"Shrug It Off","floor":7},{"not_picked":["Sever Soul","Iron Wave"],"picked":"Corruption","floor":10},{"not_picked":["Carnage","Perfected Strike"],"picked":"Headbutt","floor":14}],"player_experience":226355,"relics_obtained":[{"floor":7,"key":"Pantograph"},{"floor":9,"key":"Smiling Mask"},{"floor":10,"key":"Bird Faced Urn"}],"event_choices":[{"damage_healed":0,"gold_gain":75,"player_choice":"Gather Gold","damage_taken":11,"max_hp_gain":0,"max_hp_loss":0,"event_name":"World of Goop","floor":3,"gold_loss":0},{"damage_healed":0,"gold_gain":100,"player_choice":"Pray","damage_taken":0,"max_hp_gain":0,"max_hp_loss":0,"event_name":"Golden Shrine","floor":12,"gold_loss":0}],"is_beta":false,"boss_relics":[],"items_purged_floors":[11],"is_endless":false,"potions_floor_spawned":[2,7,14],"killed_by":"Hexaghost","ascension_level":6}