{"gold_per_floor":[114,129,5,5,5,43,62,100,100,28,47,66,141,316,316,441,441,460,479,578,597,15,53,53,53,53,91,110,10,29,67,67,192,192,211,211,230,230,230,268,268,287,287,299,1,39,16,35,35,35],"floor_reached":50,"playtime":4541,"items_purged":[],"score":748,"play_id":"57bf887b-39e0-41e4-a579-534059e7c64d","local_time":"20190320215859","daily_mods":["Insanity","Diverse","Night Terrors"],"is_ascension_mode":false,"campfire_choices":[{"floor":15.0,"key":"REST"},{"data":"BootSequence","floor":24.0,"key":"SMITH"},{"floor":32,"key":"REST"},{"data":"Noxious Fumes","floor":41,"key":"SMITH"},{"floor":44,"key":"REST"},{"data":"Infinite Blades","floor":49,"key":"SMITH"}],"neow_cost":"","seed_source_timestamp":0,"circlet_count":0,"master_deck":["Dual Wield","Leap","Slice","Blade Dance","Body Slam","Quick Slash","Catalyst","Hologram","Crippling Poison","Tempest","Stack","Streamline","Clash","Deflect+1","Conserve Battery+1","Poisoned Stab","Terror","Body Slam","Clash","Pommel Strike","Beam Cell","Hologram","Deadly Poison","Dagger Spray","Acrobatics","Infinite Blades+1","Chaos","Flechettes","Dash","Glacier","Compile Driver","Havoc","Backflip","Anger","Corruption","Compile Driver","Heel Hook","Auto Shields","Conserve Battery","Conserve Battery","Cold Snap","Hologram","Warcry","Flex","Body Slam","Perfected Strike","Clothesline","Blade Dance","Slice","Auto Shields","Redo","Sweeping Beam","Turbo","Twin Strike","Sword Boomerang","Noxious Fumes+1","Defragment","Feed","Noxious Fumes","Beam Cell","Doubt","Hyperbeam","Turbo","Go for the Eyes","Dagger Throw","BootSequence+1","Bandage Up","Turbo","Rebound+1","Whirlwind","Loop","Coolheaded","Inflame","Echo Form","Ball Lightning","Spot Weakness","Flash of Steel","Apotheosis","Swift Strike","Iron Wave","Turbo+1","Slice","Madness","Quick Slash+1","Steam","Parasite","Bane","Distraction+1"],"special_seed":17975,"relics":["Ring of the Snake","Golden Idol","Du-Vu Doll","Smiling Mask","War Paint","Ornamental Fan","Runic Pyramid","Membership Card","Kunai","Turnip","Red Mask","Bottled Tornado","Matryoshka","Lee\u0027s Waffle","Potion Belt","WristBlade","Art of War","Dodecahedron","MawBank","PreservedInsect","MealTicket","Pen Nib","Prayer Wheel"],"potions_floor_usage":[31,31,35,48,50],"damage_taken":[{"damage":0.0,"enemies":"2 Louse","floor":1.0,"turns":2.0},{"damage":0.0,"enemies":"Jaw Worm","floor":2.0,"turns":1.0},{"damage":0.0,"enemies":"3 Sentries","floor":6.0,"turns":6.0},{"damage":0.0,"enemies":"Cultist","floor":7.0,"turns":2.0},{"damage":0.0,"enemies":"Lagavulin","floor":8.0,"turns":4.0},{"damage":13.0,"enemies":"Exordium Thugs","floor":11.0,"turns":3.0},{"damage":4.0,"enemies":"Large Slime","floor":12.0,"turns":5.0},{"damage":18.0,"enemies":"Slime Boss","floor":16.0,"turns":6.0},{"damage":16.0,"enemies":"Spheric Guardian","floor":18.0,"turns":4.0},{"damage":2.0,"enemies":"Shell Parasite","floor":19.0,"turns":5.0},{"damage":0.0,"enemies":"Snecko","floor":21.0,"turns":3.0},{"damage":9.0,"enemies":"Masked Bandits","floor":23.0,"turns":3.0},{"damage":0.0,"enemies":"Gremlin Leader","floor":27.0,"turns":4.0},{"damage":9.0,"enemies":"Chosen and Byrds","floor":28.0,"turns":5.0},{"damage":0.0,"enemies":"Centurion and Healer","floor":30.0,"turns":5.0},{"damage":44,"enemies":"Book of Stabbing","floor":31,"turns":7},{"damage":14,"enemies":"Champ","floor":33,"turns":11},{"damage":50,"enemies":"3 Darklings","floor":35,"turns":4},{"damage":14,"enemies":"3 Shapes","floor":37,"turns":4},{"damage":25,"enemies":"Giant Head","floor":40,"turns":8},{"damage":18,"enemies":"Sphere and 2 Shapes","floor":42,"turns":5},{"damage":10,"enemies":"Nemesis","floor":46,"turns":5},{"damage":12,"enemies":"Writhing Mass","floor":48,"turns":5},{"damage":57,"enemies":"Awakened One","floor":50,"turns":4}],"seed_played":"2839819356392919944","potions_obtained":[{"floor":1.0,"key":"Block Potion"},{"floor":7.0,"key":"AttackPotion"},{"floor":12.0,"key":"GamblersBrew"},{"floor":18.0,"key":"EssenceOfSteel"},{"floor":21.0,"key":"Dexterity Potion"},{"floor":30,"key":"Explosive Potion"},{"floor":33,"key":"Ancient Potion"},{"floor":42,"key":"Regen Potion"},{"floor":48,"key":"GhostInAJar"}],"is_trial":false,"path_per_floor":["M","M","$","?","?","E","M","E","T","$","M","M","T","?","R","B",null,"M","M","?","M","$","?","R","?","T","E","M","$","M","E","R","B",null,"M","?","M","?","?","E","R","M","T","R","$","E","$","M","R","B"],"character_chosen":"THE_SILENT","items_purchased":["Turbo","Twin Strike","Sword Boomerang","Noxious Fumes","Membership Card","Kunai","BootSequence","Bandage Up","Turnip","Turbo","Lee\u0027s Waffle","PreservedInsect","Slice","MealTicket","Pen Nib","Madness","Steam"],"campfire_rested":3,"item_purchase_floors":[3,3,3,10,22,22,22,22,22,22,29,45,45,45,45,45,47],"current_hp_per_floor":[70,70,70,70,53,53,53,53,53,53,40,39,39,39,68,50,68,52,50,50,50,50,45,45,45,45,45,36,75,78,38,73,62,76,26,26,12,2,66,41,41,27,27,61,61,51,51,53,53,0],"gold":35,"neow_bonus":"","is_prod":false,"is_daily":true,"chose_seed":false,"campfire_upgraded":3,"win_rate":0,"timestamp":1553119139,"path_taken":["M","M","$","?","?","E","M","E","T","?","?","M","?","?","R","BOSS","M","M","?","M","$","?","R","?","T","E","M","$","M","E","R","BOSS","M","?","M","?","?","E","R","?","T","R","$","E","?","M","R","BOSS"],"build_version":"2019-01-23","purchased_purges":0,"victory":false,"max_hp_per_floor":[70,70,70,70,70,70,70,70,70,70,70,73,73,73,68,68,68,68,68,68,68,68,68,68,68,68,68,68,75,78,78,73,76,76,76,76,76,76,66,66,66,66,66,61,61,61,61,61,61,61],"card_choices":[{"not_picked":["True Grit","Perfected Strike"],"picked":"Redo","floor":1.0},{"not_picked":["Expertise","Slice"],"picked":"Sweeping Beam","floor":2.0},{"not_picked":["Headbutt","Sentinel"],"picked":"Noxious Fumes","floor":6.0},{"not_picked":["Anger","Infernal Blade"],"picked":"Defragment","floor":7.0},{"not_picked":["Night Terror","Hologram"],"picked":"Feed","floor":8.0},{"not_picked":["Hologram","Terror"],"picked":"Beam Cell","floor":11.0},{"not_picked":["Steam","Slice"],"picked":"Quick Slash","floor":12.0},{"not_picked":["Seek","Berserk"],"picked":"Hyperbeam","floor":16.0},{"not_picked":["Prepared+1","Second Wind+1"],"picked":"Turbo","floor":18.0},{"not_picked":["Entrench","Backflip"],"picked":"Go for the Eyes","floor":19.0},{"not_picked":["Steam+1","Conserve Battery"],"picked":"Dagger Throw","floor":21.0},{"not_picked":["Steam","Power Through"],"picked":"Rebound+1","floor":23.0},{"not_picked":["Blood for Blood","Shrug It Off"],"picked":"Whirlwind","floor":27.0},{"not_picked":["Dual Wield","True Grit+1"],"picked":"Loop","floor":28.0},{"not_picked":["Sword Boomerang","Backflip"],"picked":"Coolheaded","floor":30},{"not_picked":["Dagger Spray+1","Exhume"],"picked":"Inflame","floor":31},{"not_picked":["Impervious","Amplify"],"picked":"Echo Form","floor":33},{"not_picked":["Sentinel+1","Reflex"],"picked":"Ball Lightning","floor":35},{"not_picked":["Reflex+1","Underhanded Strike+1"],"picked":"Spot Weakness","floor":37},{"not_picked":["Panacea","Forethought"],"picked":"Flash of Steel","floor":38},{"not_picked":["Trip","Good Instincts"],"picked":"Apotheosis","floor":38},{"not_picked":["Enlightenment","Trip"],"picked":"Swift Strike","floor":38},{"not_picked":["Predator+1","Genetic Algorithm"],"picked":"Iron Wave","floor":40},{"not_picked":["Steam+1","Flying Knee"],"picked":"Turbo+1","floor":42},{"not_picked":["Force Field","Masterful Stab"],"picked":"Quick Slash+1","floor":46},{"not_picked":["Shockwave+1","Carnage+1"],"picked":"Bane","floor":48},{"not_picked":["Sever Soul","Crippling Poison+1"],"picked":"Distraction+1","floor":48}],"player_experience":352639,"relics_obtained":[{"floor":6.0,"key":"Du-Vu Doll"},{"floor":8.0,"key":"Smiling Mask"},{"floor":9.0,"key":"War Paint"},{"floor":13.0,"key":"Ornamental Fan"},{"floor":23.0,"key":"Red Mask"},{"floor":26.0,"key":"Bottled Tornado"},{"floor":27.0,"key":"Matryoshka"},{"floor":31,"key":"Potion Belt"},{"floor":40,"key":"Art of War"},{"floor":43,"key":"Dodecahedron"},{"floor":43,"key":"MawBank"},{"floor":46,"key":"Prayer Wheel"}],"event_choices":[{"damage_healed":0.0,"max_hp_gain":0.0,"max_hp_loss":0.0,"gold_gain":0.0,"event_name":"The Cleric","player_choice":"Leave","floor":4.0,"gold_loss":0.0,"damage_taken":0.0},{"damage_healed":0.0,"max_hp_gain":0.0,"max_hp_loss":0.0,"gold_gain":0.0,"event_name":"Golden Idol","player_choice":"Take Damage","floor":5.0,"gold_loss":0.0,"damage_taken":17.0,"relics_obtained":["Golden Idol"]},{"damage_healed":0.0,"max_hp_gain":0.0,"max_hp_loss":0.0,"gold_gain":175.0,"event_name":"Liars Game","player_choice":"AGREE","floor":14.0,"gold_loss":0.0,"damage_taken":0.0,"cards_obtained":["Doubt"]},{"damage_healed":0.0,"max_hp_gain":0.0,"max_hp_loss":0.0,"gold_gain":99.0,"event_name":"Nest","player_choice":"Stole From Cult","floor":20.0,"gold_loss":0.0,"damage_taken":0.0},{"damage_healed":0.0,"max_hp_gain":0.0,"max_hp_loss":0.0,"gold_gain":0.0,"event_name":"Masked Bandits","player_choice":"Fought Bandits","floor":23.0,"gold_loss":0.0,"damage_taken":0.0},{"damage_healed":0.0,"max_hp_gain":0.0,"max_hp_loss":0.0,"gold_gain":0.0,"event_name":"Ghosts","player_choice":"Ignored","floor":25.0,"gold_loss":0.0,"damage_taken":0.0},{"cards_removed":["Quick Slash"],"damage_healed":0,"gold_gain":0,"player_choice":"Removed Attack","damage_taken":0,"max_hp_gain":0,"max_hp_loss":0,"event_name":"Falling","floor":36,"gold_loss":0},{"damage_healed":0,"gold_gain":0,"player_choice":"Memory 3","damage_taken":10,"max_hp_gain":0,"max_hp_loss":0,"event_name":"SensoryStone","floor":38,"gold_loss":0},{"damage_healed":66,"gold_gain":0,"player_choice":"Heal","damage_taken":0,"max_hp_gain":0,"max_hp_loss":10,"event_name":"The Moai Head","floor":39,"gold_loss":0}],"is_beta":false,"boss_relics":[{"not_picked":["Philosopher\u0027s Stone","Velvet Choker"],"picked":"Runic Pyramid"},{"not_picked":["Eternal Feather","Sozu"],"picked":"WristBlade"}],"items_purged_floors":[],"is_endless":false,"potions_floor_spawned":[1,7,12,18,21,30,33,42,48],"killed_by":"Awakened One","ascension_level":0}