{"gold_per_floor":[109,122,122,140,157,183,199,213,265,26,92,92,122,122,122,246,246,284,300,25,25,25,53,53,102,102,141,141],"floor_reached":28,"playtime":4053,"items_purged":[],"score":308,"play_id":"4f6a6fa2-1b4f-4239-9a4d-697835ce3a35","local_time":"20190329125808","is_ascension_mode":true,"campfire_choices":[{"floor":12,"key":"REST"},{"floor":15,"key":"REST"},{"floor":24,"key":"RECALL"}],"neow_cost":"PERCENT_DAMAGE","seed_source_timestamp":2402733660889500,"circlet_count":0,"master_deck":["Defend_G+1","Defend_G+1","Defend_G+1","Defend_G+1","Defend_G+1","Strike_G+1","Strike_G+1","Strike_G+1","Strike_G+1","Strike_G+1","Survivor","Neutralize","Violence","Apotheosis+1","Backstab","Caltrops","Dodge and Roll","Dagger Spray","Finisher","Finisher","Dagger Throw","Glass Knife","Footwork","HandOfGreed","Venomology+1","Deflect+1","Quick Slash+1","Swift Strike","Cloak And Dagger+1","All Out Attack+1","Blade Dance+1"],"relics":["Ring of the Snake","Singing Bowl","Matryoshka","Toxic Egg 2","Fusion Hammer","Sling","Pear","Dream Catcher","Oddly Smooth Stone","PreservedInsect"],"potions_floor_usage":[6,7,8,19,25,25,28],"damage_taken":[{"damage":0,"enemies":"Cultist","floor":1,"turns":3},{"damage":0,"enemies":"2 Louse","floor":2,"turns":1},{"damage":0,"enemies":"Small Slimes","floor":4,"turns":3},{"damage":1,"enemies":"Blue Slaver","floor":5,"turns":4},{"damage":23,"enemies":"Gremlin Nob","floor":6,"turns":3},{"damage":6,"enemies":"Exordium Thugs","floor":7,"turns":2},{"damage":0,"enemies":"Large Slime","floor":8,"turns":4},{"damage":36,"enemies":"Lagavulin","floor":13,"turns":5},{"damage":22,"enemies":"Hexaghost","floor":16,"turns":9},{"damage":11,"enemies":"Spheric Guardian","floor":18,"turns":3},{"damage":10,"enemies":"Shell Parasite","floor":19,"turns":6},{"damage":3,"enemies":"Book of Stabbing","floor":23,"turns":4},{"damage":32,"enemies":"Slavers","floor":25,"turns":5},{"damage":22,"enemies":"Sentry and Sphere","floor":27,"turns":5},{"damage":19,"enemies":"Centurion and Healer","floor":28,"turns":1}],"seed_played":"-5887376444691210959","potions_obtained":[{"floor":1,"key":"LiquidBronze"},{"floor":4,"key":"Strength Potion"},{"floor":6,"key":"SkillPotion"},{"floor":18,"key":"EssenceOfSteel"},{"floor":23,"key":"Regen Potion"}],"is_trial":false,"path_per_floor":["M","M","?","M","M","E","M","M","T","$","?","R","E","?","R","B",null,"M","M","$","?","?","E","R","E","T","M","M"],"character_chosen":"THE_SILENT","items_purchased":["Matryoshka","Sling","Swift Strike"],"campfire_rested":2,"item_purchase_floors":[10,20,20],"current_hp_per_floor":[49,49,49,49,48,25,19,19,19,19,19,40,4,4,25,3,70,59,49,49,49,49,56,56,38,38,16,0],"gold":141,"neow_bonus":"RANDOM_COLORLESS_2","is_prod":false,"is_daily":false,"chose_seed":false,"campfire_upgraded":0,"win_rate":0,"timestamp":1553864288,"path_taken":["M","?","?","M","M","E","?","M","T","?","?","R","E","?","R","BOSS","M","M","$","?","?","E","R","E","T","?","M"],"build_version":"2019-01-23","purchased_purges":0,"victory":false,"max_hp_per_floor":[70,70,70,70,70,70,70,70,70,70,70,70,70,70,70,70,70,70,70,70,70,70,80,80,80,80,80,80],"card_choices":[{"not_picked":["Deflect","Poisoned Stab"],"picked":"Backstab","floor":1},{"not_picked":["Slice","Cloak And Dagger"],"picked":"Caltrops","floor":2},{"not_picked":["Prepared","Cloak And Dagger"],"picked":"Dagger Spray","floor":4},{"not_picked":["Riddle With Holes","Acrobatics"],"picked":"Finisher","floor":5},{"not_picked":["Backflip","Tactician"],"picked":"Finisher","floor":6},{"not_picked":["Flying Knee","Predator"],"picked":"Dagger Throw","floor":7},{"not_picked":["Sucker Punch","Slice"],"picked":"Glass Knife","floor":8},{"not_picked":["Deadly Poison","Sucker Punch"],"picked":"Footwork","floor":13},{"not_picked":["Doppelganger+1","Malaise+1"],"picked":"Venomology+1","floor":16},{"not_picked":["Underhanded Strike+1","Blade Dance+1"],"picked":"Deflect+1","floor":18},{"not_picked":["Dagger Throw","Blur+1"],"picked":"Quick Slash+1","floor":19},{"not_picked":["PiercingWail+1","Infinite Blades"],"picked":"Cloak And Dagger+1","floor":23},{"not_picked":["Crippling Poison+1","Accuracy"],"picked":"All Out Attack+1","floor":25},{"not_picked":["Slice","Night Terror+1"],"picked":"Blade Dance+1","floor":27}],"player_experience":407936,"relics_obtained":[{"floor":6,"key":"Singing Bowl"},{"floor":13,"key":"Toxic Egg 2"},{"floor":23,"key":"Pear"},{"floor":25,"key":"Dream Catcher"},{"floor":26,"key":"Oddly Smooth Stone"},{"floor":26,"key":"PreservedInsect"}],"event_choices":[{"damage_healed":0,"gold_gain":0,"player_choice":"2 cards matched","damage_taken":0,"max_hp_gain":0,"max_hp_loss":0,"event_name":"Match and Keep!","floor":3,"gold_loss":0,"cards_obtained":["Enlightenment","Dodge and Roll"]},{"damage_healed":0,"gold_gain":66,"player_choice":"Gained Gold","damage_taken":0,"max_hp_gain":0,"max_hp_loss":0,"event_name":"Golden Wing","floor":11,"gold_loss":0},{"damage_healed":0,"gold_gain":0,"cards_transformed":["Enlightenment"],"player_choice":"Change","damage_taken":0,"max_hp_gain":0,"max_hp_loss":0,"event_name":"Living Wall","floor":14,"gold_loss":0,"cards_obtained":["HandOfGreed"]},{"damage_healed":0,"gold_gain":0,"player_choice":"Simplicity","damage_taken":0,"max_hp_gain":0,"max_hp_loss":0,"event_name":"Back to Basics","floor":21,"gold_loss":0,"cards_upgraded":["Defend_G","Defend_G","Defend_G","Defend_G","Defend_G","Strike_G","Strike_G","Strike_G","Strike_G","Strike_G"]},{"damage_healed":0,"gold_gain":0,"player_choice":"Upgraded","damage_taken":0,"max_hp_gain":0,"max_hp_loss":0,"event_name":"Upgrade Shrine","floor":22,"gold_loss":0,"cards_upgraded":["Apotheosis"]}],"is_beta":false,"boss_relics":[{"not_picked":["HoveringKite","Empty Cage"],"picked":"Fusion Hammer"}],"items_purged_floors":[],"is_endless":false,"potions_floor_spawned":[1,4,6,18,23],"killed_by":"Centurion and Healer","ascension_level":3}