{"gold_per_floor":[114,129,129,144,129,159,174,174,174,174,189,189,204,234,234,334,334,349,349,6,6,21,21,121,121,121,151,87,102,132,132],"floor_reached":31,"playtime":13721,"items_purged":[],"score":285,"play_id":"84b41e01-8f16-42dd-8e63-5fcb1cac7adc","local_time":"20190410223041","daily_mods":["Heirloom","Diverse","Night Terrors"],"is_ascension_mode":false,"campfire_choices":[{"floor":8,"key":"REST"},{"data":"Tempest","floor":10,"key":"SMITH"},{"data":"Defragment","floor":12,"key":"SMITH"},{"floor":15,"key":"REST"},{"data":"Rainbow","floor":23,"key":"SMITH"},{"data":"White Noise","floor":25,"key":"SMITH"}],"neow_cost":"","seed_source_timestamp":0,"circlet_count":0,"master_deck":["Strike_B","Strike_B","Strike_B","Strike_B","Defend_B","Defend_B","Defend_B","Zap","Dualcast","Defragment+1","Prepared","Amplify","Cleave","Tempest+1","Iron Wave","Rip and Tear","Conserve Battery","White Noise+1","All Out Attack","Rainbow+1","Slice","Loop+1","Body Slam","Finesse","Ghostly Armor","Dagger Spray+1","Turbo+1","Infinite Blades","Chill+1","Infernal Blade+1"],"special_seed":17996,"relics":["Cracked Core","Thread and Needle","DataDisk","Emotion Chip","Juzu Bracelet","Sozu","Anchor","StoneCalendar","The Courier","Toxic Egg 2","Symbiotic Virus","Dream Catcher"],"potions_floor_usage":[6,16,16,16],"damage_taken":[{"damage":0,"enemies":"Small Slimes","floor":1,"turns":3},{"damage":0,"enemies":"Cultist","floor":2,"turns":4},{"damage":2,"enemies":"Jaw Worm","floor":4,"turns":3},{"damage":10,"enemies":"Exordium Thugs","floor":5,"turns":4},{"damage":27,"enemies":"Gremlin Nob","floor":6,"turns":4},{"damage":14,"enemies":"2 Fungi Beasts","floor":7,"turns":4},{"damage":10,"enemies":"3 Louse","floor":11,"turns":3},{"damage":7,"enemies":"Large Slime","floor":13,"turns":4},{"damage":20,"enemies":"Lagavulin","floor":14,"turns":4},{"damage":19,"enemies":"The Guardian","floor":16,"turns":6},{"damage":1,"enemies":"Shell Parasite","floor":18,"turns":4},{"damage":0,"enemies":"Spheric Guardian","floor":22,"turns":3},{"damage":6,"enemies":"Colosseum Slavers","floor":24,"turns":2},{"damage":18,"enemies":"Colosseum Nobs","floor":24,"turns":4},{"damage":10,"enemies":"Book of Stabbing","floor":27,"turns":4},{"damage":17,"enemies":"Snake Plant","floor":29,"turns":5},{"damage":9,"enemies":"Gremlin Leader","floor":30,"turns":5},{"damage":6,"enemies":"Snecko","floor":31,"turns":2}],"seed_played":"-2123263057779283965","potions_obtained":[{"floor":4,"key":"Strength Potion"},{"floor":6,"key":"Strength Potion"},{"floor":11,"key":"Ancient Potion"},{"floor":14,"key":"Explosive Potion"}],"is_trial":false,"path_per_floor":["M","M","?","M","M","E","M","R","T","R","M","R","M","E","R","B",null,"M","?","$","?","M","R","?","R","T","E","$","M","E","M"],"character_chosen":"DEFECT","items_purchased":["Anchor","Loop","Body Slam","Finesse","Infinite Blades"],"campfire_rested":2,"item_purchase_floors":[20,20,20,20,28],"current_hp_per_floor":[75,75,75,73,63,36,22,70,70,70,60,60,53,33,65,46,65,64,64,64,64,64,64,40,40,40,30,30,13,4,0],"gold":132,"neow_bonus":"","is_prod":false,"is_daily":true,"chose_seed":false,"campfire_upgraded":4,"win_rate":0,"timestamp":1554931841,"path_taken":["M","M","?","?","M","E","M","R","T","R","?","R","M","E","R","BOSS","M","?","?","?","M","R","?","R","T","E","$","M","E","M"],"build_version":"2019-01-23","purchased_purges":0,"victory":false,"max_hp_per_floor":[75,75,75,75,75,75,75,70,70,70,70,70,70,70,65,65,65,65,65,65,65,65,65,65,65,65,65,65,65,65,65],"card_choices":[{"not_picked":["Acrobatics","Iron Wave"],"picked":"Defragment","floor":1},{"not_picked":["Steam Power","Streamline"],"picked":"Prepared","floor":2},{"not_picked":["Force Field","Disarm"],"picked":"Cleave","floor":4},{"not_picked":["Leap","Rebound"],"picked":"Tempest","floor":5},{"not_picked":["Deflect","Glacier"],"picked":"Iron Wave","floor":6},{"not_picked":["Wild Strike","Deadly Poison"],"picked":"Rip and Tear","floor":7},{"not_picked":["Carnage","Scrape"],"picked":"Conserve Battery","floor":11},{"not_picked":["Outmaneuver","Underhanded Strike"],"picked":"White Noise","floor":13},{"not_picked":["Ball Lightning","Glass Knife"],"picked":"All Out Attack","floor":14},{"not_picked":["Seek","Bullet Time"],"picked":"Rainbow","floor":16},{"not_picked":["Whirlwind+1","Compile Driver+1"],"picked":"Slice","floor":18},{"not_picked":["Body Slam","Sword Boomerang"],"picked":"Ghostly Armor","floor":22},{"not_picked":["Hemokinesis","Reinforced Body+1"],"picked":"Dagger Spray+1","floor":24},{"not_picked":["Riddle With Holes","Cloak And Dagger+1"],"picked":"Turbo+1","floor":27},{"not_picked":["Anger+1","Capacitor+1"],"picked":"Chill+1","floor":29},{"not_picked":["Sunder","Heatsinks+1"],"picked":"Infernal Blade+1","floor":30}],"player_experience":460726,"relics_obtained":[{"floor":6,"key":"DataDisk"},{"floor":9,"key":"Emotion Chip"},{"floor":14,"key":"Juzu Bracelet"},{"floor":24,"key":"StoneCalendar"},{"floor":24,"key":"The Courier"},{"floor":26,"key":"Toxic Egg 2"},{"floor":27,"key":"Symbiotic Virus"},{"floor":30,"key":"Dream Catcher"}],"event_choices":[{"damage_healed":0,"gold_gain":0,"player_choice":"1 cards matched","damage_taken":0,"max_hp_gain":0,"max_hp_loss":0,"event_name":"Match and Keep!","floor":3,"gold_loss":0,"cards_obtained":["Amplify"]},{"cards_removed":["Defend_B"],"damage_healed":0,"gold_gain":0,"player_choice":"Offered Basic","damage_taken":0,"max_hp_gain":0,"max_hp_loss":0,"event_name":"Bonfire Elementals","floor":19,"gold_loss":0},{"damage_healed":0,"gold_gain":0,"player_choice":"Upgraded","damage_taken":0,"max_hp_gain":0,"max_hp_loss":0,"event_name":"Upgrade Shrine","floor":21,"gold_loss":0,"cards_upgraded":["Loop"]},{"damage_healed":0,"gold_gain":0,"player_choice":"Fight","damage_taken":0,"max_hp_gain":0,"max_hp_loss":0,"event_name":"Colosseum","floor":24,"gold_loss":0},{"damage_healed":0,"gold_gain":0,"player_choice":"Fought Nobs","damage_taken":0,"max_hp_gain":0,"max_hp_loss":0,"event_name":"Colosseum","floor":24,"gold_loss":0}],"is_beta":false,"boss_relics":[{"not_picked":["Cursed Key","White Beast Statue"],"picked":"Sozu"}],"items_purged_floors":[],"is_endless":false,"potions_floor_spawned":[4,6,11,14,22,27],"killed_by":"Snecko","ascension_level":0}