{"gold_per_floor":[360,360,360,43,57,86,86,116,141,152,170,234,267,277,277,382,382,393,76,76,76,28,61,81,81,128,141,170,187,206,240,240,337,337,347,358,8,108,108,135,135,170,170,170,185,204,204,235,235,235,235,235,56,90,90],"floor_reached":55,"playtime":2769,"items_purged":["Corruption"],"score":991,"play_id":"ff950e2a-3ea5-4163-b326-208827e9add1","local_time":"20190221174327","is_ascension_mode":true,"campfire_choices":[{"floor":15.0,"key":"REST"},{"floor":25.0,"key":"REST"},{"floor":32.0,"key":"RECALL"},{"floor":44,"key":"REST"},{"floor":49,"key":"REST"},{"floor":52,"key":"REST"}],"neow_cost":"PERCENT_DAMAGE","seed_source_timestamp":0,"circlet_count":0,"master_deck":["Strike_R+1","Strike_R+1","Strike_R+1","Strike_R+1","Strike_R+1","Defend_R+1","Defend_R+1","Defend_R+1","Bash","Iron Wave","Thunderclap+1","Heavy Blade+1","Seeing Red","Blood for Blood+1","Perfected Strike+1","Rage","Thunderclap+1","Clash+1","Shrug It Off","Feed+1","Inflame","Twin Strike+1","Anger+1","Ghostly Armor","Perfected Strike+1","Blood for Blood+1","Combust","Spot Weakness+1","Wild Strike+1","Perfected Strike+1","Immolate+1","Dropkick+1","Searing Blow+1","Reaper+1","Hemokinesis+1","Clothesline+1","PanicButton","Flash of Steel+1","Mind Blast+1","Dual Wield","Anger+1","Cold Snap+1","Distraction+1","Pommel Strike+1","Sadistic Nature","Blade Dance+1"],"special_seed":0,"relics":["Burning Blood","Bag of Marbles","Molten Egg 2","Du-Vu Doll","CultistMask","Blood Vial","Pear","Gremlin Horn","Sozu","Orichalcum","Boot","Ancient Tea Set","Shuriken","Bottled Flame","Fusion Hammer","PrismaticShard","Unceasing Top","Potion Belt","Ornamental Fan","Bottled Lightning","Happy Flower","Ice Cream"],"potions_floor_usage":[],"damage_taken":[{"damage":1.0,"enemies":"Small Slimes","floor":1.0,"turns":3.0},{"damage":6.0,"enemies":"2 Louse","floor":5.0,"turns":2.0},{"damage":39.0,"enemies":"Lagavulin","floor":6.0,"turns":6.0},{"damage":10.0,"enemies":"Gremlin Nob","floor":8.0,"turns":3.0},{"damage":0.0,"enemies":"Cultist","floor":10.0,"turns":2.0},{"damage":13.0,"enemies":"2 Fungi Beasts","floor":11.0,"turns":3.0},{"damage":10.0,"enemies":"3 Sentries","floor":12.0,"turns":4.0},{"damage":19.0,"enemies":"Lagavulin","floor":13.0,"turns":5.0},{"damage":3.0,"enemies":"Blue Slaver","floor":14.0,"turns":2.0},{"damage":26.0,"enemies":"Hexaghost","floor":16.0,"turns":6.0},{"damage":24.0,"enemies":"Shell Parasite","floor":18.0,"turns":3.0},{"damage":24.0,"enemies":"Gremlin Leader","floor":23.0,"turns":4.0},{"damage":0.0,"enemies":"Chosen","floor":24.0,"turns":3.0},{"damage":2.0,"enemies":"Snake Plant","floor":27.0,"turns":3.0},{"damage":3.0,"enemies":"Slavers","floor":28.0,"turns":4.0},{"damage":5.0,"enemies":"Chosen and Byrds","floor":29.0,"turns":2.0},{"damage":0.0,"enemies":"Snecko","floor":30.0,"turns":2.0},{"damage":22.0,"enemies":"Gremlin Leader","floor":31.0,"turns":3.0},{"damage":32.0,"enemies":"Collector","floor":33.0,"turns":6.0},{"damage":0,"enemies":"Orb Walker","floor":35,"turns":1},{"damage":1,"enemies":"3 Darklings","floor":36,"turns":2},{"damage":17,"enemies":"Mind Bloom Boss Battle","floor":38,"turns":3},{"damage":24,"enemies":"Giant Head","floor":40,"turns":6},{"damage":0,"enemies":"Nemesis","floor":42,"turns":3},{"damage":4,"enemies":"Maw","floor":45,"turns":4},{"damage":12,"enemies":"Writhing Mass","floor":46,"turns":2},{"damage":12,"enemies":"Reptomancer","floor":48,"turns":3},{"damage":57,"enemies":"Time Eater","floor":50,"turns":6},{"damage":0,"enemies":"Shield and Spear","floor":54,"turns":3},{"damage":130,"enemies":"The Heart","floor":55,"turns":5}],"seed_played":"-6332164358454377643","potions_obtained":[{"floor":1.0,"key":"EssenceOfSteel"},{"floor":8.0,"key":"Fire Potion"},{"floor":12.0,"key":"Weak Potion"},{"floor":13.0,"key":"FearPotion"},{"floor":16.0,"key":"Regen Potion"}],"is_trial":false,"path_per_floor":["M","?","?","$","M","E","?","E","T","M","M","?","E","M","R","B",null,"M","$","?","?","$","E","M","R","T","M","E","M","M","E","R","B",null,"M","M","$","?","?","E","?","E","T","R","M","M","?","E","R","B",null,"R","$","E","B"],"character_chosen":"IRONCLAD","items_purchased":["Molten Egg 2","Thunderclap+1","Heavy Blade+1","Inflame","Twin Strike+1","Orichalcum","Anger+1","PrismaticShard","Reaper+1","Hemokinesis+1","Sadistic Nature"],"campfire_rested":5,"item_purchase_floors":[4,4,4,19,19,19,22,37,37,37,53],"current_hp_per_floor":[61,54,54,54,54,21,21,17,17,25,20,28,17,22,49,31,90,81,81,81,62,62,50,58,88,88,94,99,102,103,87,87,63,103,103,103,103,92,82,74,74,82,82,103,103,97,97,101,103,52,103,103,103,103,0],"gold":90,"neow_bonus":"TWO_FIFTY_GOLD","is_prod":false,"is_daily":false,"chose_seed":false,"campfire_upgraded":0,"win_rate":0,"timestamp":1550771007,"path_taken":["M","?","?","$","M","E","?","E","T","M","?","?","E","M","R","BOSS","M","$","?","?","?","E","M","R","T","M","E","M","?","E","R","BOSS","M","M","$","?","?","E","?","E","T","R","M","M","?","E","R","BOSS","R","$","E","BOSS"],"build_version":"2019-01-23","purchased_purges":1,"victory":false,"max_hp_per_floor":[80,80,80,80,80,80,80,80,80,80,80,90,90,90,90,90,90,94,94,94,99,99,103,103,103,103,103,103,103,103,103,103,103,103,103,103,103,103,103,103,103,103,103,103,103,103,103,103,103,103,103,103,103,103,103],"card_choices":[{"not_picked":["Perfected Strike","Feel No Pain"],"picked":"Iron Wave","floor":1.0},{"not_picked":["Entrench","Havoc"],"picked":"Seeing Red","floor":5.0},{"not_picked":["Power Through","Dual Wield"],"picked":"Blood for Blood+1","floor":6.0},{"not_picked":["Iron Wave+1","Anger+1"],"picked":"Perfected Strike+1","floor":8.0},{"not_picked":["Headbutt+1","Shrug It Off"],"picked":"Rage","floor":10.0},{"not_picked":["Body Slam+1","Barricade"],"picked":"Thunderclap+1","floor":11.0},{"not_picked":["Dual Wield","Entrench"],"picked":"Corruption","floor":12.0},{"not_picked":["Brutality","Shrug It Off"],"picked":"Clash+1","floor":13.0},{"not_picked":["Seeing Red","Body Slam+1"],"picked":"Shrug It Off","floor":14.0},{"not_picked":["Offering","Immolate+1"],"picked":"Feed+1","floor":16.0},{"not_picked":["Ghostly Armor","Burning Pact"],"picked":"Iron Wave+1","floor":18.0},{"not_picked":["Warcry","Rupture"],"picked":"Ghostly Armor","floor":23.0},{"not_picked":["Battle Trance","Shrug It Off"],"picked":"Perfected Strike+1","floor":24.0},{"not_picked":["Flame Barrier","Armaments"],"picked":"Blood for Blood+1","floor":27.0},{"not_picked":["Barricade","Searing Blow+1"],"picked":"Combust","floor":28.0},{"not_picked":["Shrug It Off","Armaments"],"picked":"Spot Weakness+1","floor":29.0},{"not_picked":["Sword Boomerang+1","True Grit"],"picked":"Wild Strike+1","floor":30.0},{"not_picked":["Uppercut+1","Headbutt+1"],"picked":"Perfected Strike+1","floor":31.0},{"not_picked":["Limit Break","Exhume"],"picked":"Immolate+1","floor":33.0},{"not_picked":["Wild Strike+1","True Grit"],"picked":"Dropkick+1","floor":35},{"not_picked":["Armaments+1","Sentinel+1"],"picked":"Searing Blow+1","floor":36},{"not_picked":["Prepared","Consume"],"picked":"Clothesline+1","floor":38},{"not_picked":["Bandage Up","Metamorphosis"],"picked":"PanicButton","floor":39},{"not_picked":["Deep Breath","Magnetism"],"picked":"Flash of Steel+1","floor":39},{"not_picked":["Swift Strike+1","Flash of Steel+1"],"picked":"Mind Blast+1","floor":39},{"not_picked":["Havoc","Masterful Stab+1"],"picked":"Dual Wield","floor":40},{"not_picked":["True Grit+1","Dual Wield"],"picked":"Anger+1","floor":42},{"not_picked":["Calculated Gamble","Clothesline+1"],"picked":"Cold Snap+1","floor":45},{"not_picked":["Tempest+1","Steam+1"],"picked":"Distraction+1","floor":46},{"not_picked":["Dark Embrace","Blur+1"],"picked":"Pommel Strike+1","floor":48},{"not_picked":["Dropkick+1","Sever Soul+1"],"picked":"Blade Dance+1","floor":54}],"player_experience":198123,"relics_obtained":[{"floor":6.0,"key":"Du-Vu Doll"},{"floor":8.0,"key":"Blood Vial"},{"floor":12.0,"key":"Pear"},{"floor":13.0,"key":"Gremlin Horn"},{"floor":23.0,"key":"Boot"},{"floor":26.0,"key":"Ancient Tea Set"},{"floor":28.0,"key":"Shuriken"},{"floor":31.0,"key":"Bottled Flame"},{"floor":38,"key":"Unceasing Top"},{"floor":40,"key":"Potion Belt"},{"floor":42,"key":"Ornamental Fan"},{"floor":43,"key":"Bottled Lightning"},{"floor":48,"key":"Happy Flower"},{"floor":54,"key":"Ice Cream"}],"event_choices":[{"cards_removed":["Defend_R"],"damage_healed":0.0,"max_hp_gain":0.0,"max_hp_loss":0.0,"gold_gain":0.0,"event_name":"Golden Wing","player_choice":"Card Removal","floor":2.0,"gold_loss":0.0,"damage_taken":7.0},{"damage_healed":0.0,"max_hp_gain":0.0,"max_hp_loss":0.0,"gold_gain":0.0,"event_name":"Big Fish","player_choice":"Box","floor":3.0,"gold_loss":0.0,"damage_taken":0.0,"relics_obtained":["Bag of Marbles"],"cards_obtained":["Regret"]},{"damage_healed":0.0,"max_hp_gain":0.0,"max_hp_loss":0.0,"gold_gain":0.0,"event_name":"FaceTrader","player_choice":"Trade","floor":7.0,"gold_loss":0.0,"damage_taken":0.0,"relics_obtained":["CultistMask"]},{"damage_healed":0.0,"max_hp_gain":0.0,"max_hp_loss":0.0,"gold_gain":0.0,"event_name":"Dead Adventurer","player_choice":"Searched \u00271\u0027 times","floor":12.0,"gold_loss":0.0,"damage_taken":0.0},{"damage_healed":0.0,"max_hp_gain":0.0,"max_hp_loss":0.0,"gold_gain":0.0,"event_name":"Back to Basics","player_choice":"Simplicity","floor":20.0,"gold_loss":0.0,"damage_taken":0.0,"cards_upgraded":["Strike_R","Strike_R","Strike_R","Strike_R","Strike_R","Defend_R","Defend_R","Defend_R"]},{"damage_healed":0.0,"max_hp_gain":5.0,"max_hp_loss":0.0,"gold_gain":0.0,"event_name":"Forgotten Altar","player_choice":"Shed Blood","floor":21.0,"gold_loss":0.0,"damage_taken":24.0},{"damage_healed":0,"gold_gain":0,"player_choice":"Fight","damage_taken":0,"max_hp_gain":0,"max_hp_loss":0,"event_name":"MindBloom","floor":38,"gold_loss":0},{"damage_healed":0,"gold_gain":0,"player_choice":"Memory 3","damage_taken":10,"max_hp_gain":0,"max_hp_loss":0,"event_name":"SensoryStone","floor":39,"gold_loss":0},{"cards_removed":["Iron Wave"],"damage_healed":0,"gold_gain":0,"player_choice":"Removed Attack","damage_taken":0,"max_hp_gain":0,"max_hp_loss":0,"event_name":"Falling","floor":41,"gold_loss":0},{"cards_removed":["Regret"],"damage_healed":0,"gold_gain":0,"player_choice":"Card Removal","damage_taken":0,"max_hp_gain":0,"max_hp_loss":0,"event_name":"Wheel of Change","floor":47,"gold_loss":0}],"is_beta":false,"boss_relics":[{"not_picked":["Astrolabe","Snecko Eye"],"picked":"Sozu"},{"not_picked":["Pandora\u0027s Box","Runic Pyramid"],"picked":"Fusion Hammer"}],"items_purged_floors":[19],"is_endless":false,"potions_floor_spawned":[1,8,12,13,16,27,29,31,36,38,45,46,48,54],"killed_by":"The Heart","ascension_level":2}