{"gold_per_floor":[109,124,144,162,175,175,193,209,209,209,219,230,243,183],"floor_reached":14,"playtime":839,"items_purged":[],"score":180,"play_id":"83f744d5-3cca-4f61-98cd-55e9f9993ced","local_time":"20190629120744","is_ascension_mode":true,"campfire_choices":[{"data":"Bouncing Flask","floor":6,"key":"SMITH"}],"neow_cost":"NONE","seed_source_timestamp":831268287916900,"circlet_count":0,"master_deck":["AscendersBane","Defend_G","Defend_G","Defend_G","Defend_G","Defend_G","Strike_G","Strike_G","Strike_G","Strike_G","Strike_G","Survivor","Neutralize","Outmaneuver","Backstab","Bouncing Flask+1","Cloak And Dagger","Prepared","Deflect","Tactician","Underhanded Strike","Deadly Poison","Storm of Steel"],"special_seed":0,"relics":["Runic Pyramid","Pear"],"potions_floor_usage":[4,7,11,14],"damage_taken":[{"damage":0.0,"enemies":"2 Louse","floor":1.0,"turns":3.0},{"damage":1.0,"enemies":"Small Slimes","floor":2.0,"turns":4.0},{"damage":3,"enemies":"Cultist","floor":3,"turns":5},{"damage":12,"enemies":"Large Slime","floor":4,"turns":8},{"damage":8,"enemies":"3 Louse","floor":5,"turns":4},{"damage":5,"enemies":"Exordium Thugs","floor":7,"turns":5},{"damage":5,"enemies":"Gremlin Gang","floor":8,"turns":6},{"damage":4,"enemies":"Red Slaver","floor":11,"turns":3},{"damage":14,"enemies":"Large Slime","floor":12,"turns":8},{"damage":6,"enemies":"3 Louse","floor":13,"turns":4},{"damage":14,"enemies":"Exordium Thugs","floor":14,"turns":3}],"seed_played":"-5691025489999700758","potions_obtained":[{"floor":2.0,"key":"Poison Potion"},{"floor":4,"key":"Energy Potion"},{"floor":5,"key":"PowerPotion"},{"floor":12,"key":"FearPotion"},{"floor":13,"key":"PowerPotion"}],"is_trial":false,"path_per_floor":["M","M","M","M","M","R","M","M","T","?","M","M","M","M"],"character_chosen":"THE_SILENT","items_purchased":[],"campfire_rested":0,"item_purchase_floors":[],"current_hp_per_floor":[59,58,55,43,35,35,30,25,35,35,31,17,11,0],"gold":183,"neow_bonus":"BOSS_RELIC","is_prod":false,"is_daily":false,"chose_seed":false,"campfire_upgraded":1,"win_rate":0,"timestamp":1561777664,"path_taken":["M","M","M","M","M","R","M","M","T","?","M","M","M","M"],"build_version":"2019-01-23","purchased_purges":0,"victory":false,"max_hp_per_floor":[66,66,66,66,66,66,66,66,76,76,76,76,76,76],"card_choices":[{"not_picked":["Cloak And Dagger","Infinite Blades"],"picked":"Outmaneuver","floor":1.0},{"not_picked":["Predator","Crippling Poison"],"picked":"Backstab","floor":2.0},{"not_picked":["Outmaneuver","Dodge and Roll"],"picked":"Bouncing Flask","floor":3},{"not_picked":["Caltrops","Blade Dance"],"picked":"Cloak And Dagger","floor":4},{"not_picked":["Caltrops","Bouncing Flask"],"picked":"Prepared","floor":5},{"not_picked":["Infinite Blades","Concentrate"],"picked":"Deflect","floor":7},{"not_picked":["Flechettes","Cloak And Dagger"],"picked":"Tactician","floor":8},{"not_picked":["Blade Dance","Flying Knee"],"picked":"Underhanded Strike","floor":11},{"not_picked":["All Out Attack","Prepared"],"picked":"Deadly Poison","floor":12},{"not_picked":["Slice","Cloak And Dagger"],"picked":"Storm of Steel","floor":13}],"player_experience":1047988,"relics_obtained":[{"floor":9,"key":"Pear"}],"event_choices":[{"damage_healed":0,"gold_gain":0,"player_choice":"Ignored","damage_taken":0,"max_hp_gain":0,"max_hp_loss":0,"event_name":"Shining Light","floor":10,"gold_loss":0}],"is_beta":false,"boss_relics":[],"items_purged_floors":[],"is_endless":false,"potions_floor_spawned":[2,4,5,12,13],"killed_by":"Exordium Thugs","ascension_level":20}