{"gold_per_floor":[114,129,4,18,18,18,50,50,50,79,79,94,94,169,169,273,273,292,342,357,60,0,0,30,30,30,30,30],"floor_reached":28,"playtime":1047,"items_purged":["Defend_R","Strike_R"],"score":242,"play_id":"98aad438-6b55-46a3-b051-f54024d1390f","local_time":"20181024000324","is_ascension_mode":false,"campfire_choices":[{"data":"Dual Wield","floor":6,"key":"SMITH"},{"data":"Inflame","floor":8,"key":"SMITH"},{"data":"Anger","floor":13,"key":"SMITH"},{"floor":15,"key":"REST"},{"data":"Burning Pact","floor":23,"key":"SMITH"},{"data":"Barricade","floor":25,"key":"SMITH"},{"data":"Anger","floor":27,"key":"SMITH"}],"neow_cost":"NONE","seed_source_timestamp":1170653426109996,"circlet_count":0,"master_deck":["Strike_R","Strike_R","Strike_R","Defend_R","Defend_R+1","Defend_R+1","Bash","Clothesline+1","Inflame+1","Dual Wield+1","Anger+1","Anger","Iron Wave+1","Anger+1","Barricade+1","Burning Pact+1","Pommel Strike","Inflame+1"],"relics":["Burning Blood","Matryoshka","Darkstone Periapt","War Paint","Bag of Preparation","Runic Cube","Orichalcum","Whetstone","Potion Belt","Kunai"],"potions_floor_usage":[16,24,24],"damage_taken":[{"damage":1,"enemies":"Cultist","floor":1,"turns":3},{"damage":6,"enemies":"2 Louse","floor":2,"turns":2},{"damage":6,"enemies":"Jaw Worm","floor":4,"turns":4},{"damage":21,"enemies":"Gremlin Nob","floor":7,"turns":4},{"damage":19,"enemies":"3 Sentries","floor":10,"turns":8},{"damage":13,"enemies":"Blue Slaver","floor":12,"turns":3},{"damage":48,"enemies":"Hexaghost","floor":16,"turns":11},{"damage":41,"enemies":"Spheric Guardian","floor":18,"turns":6},{"damage":15,"enemies":"3 Byrds","floor":20,"turns":6},{"damage":29,"enemies":"Book of Stabbing","floor":24,"turns":5},{"damage":19,"enemies":"Shelled Parasite and Fungi","floor":28,"turns":2}],"seed_played":"-7310948409196992363","potions_obtained":[{"floor":1,"key":"SteroidPotion"},{"floor":7,"key":"SpeedPotion"},{"floor":10,"key":"Weak Potion"},{"floor":20,"key":"Fruit Juice"}],"is_trial":false,"path_per_floor":["M","M","$","M","?","R","E","R","T","E","?","M","R","?","R","B",null,"M","?","M","$","?","R","E","R","T","R"],"character_chosen":"IRONCLAD","items_purchased":["Anger","Orichalcum","Pommel Strike"],"campfire_rested":1,"item_purchase_floors":[3,21,21],"current_hp_per_floor":[80,80,80,80,80,80,65,65,65,52,45,38,38,27,51,9,80,45,45,36,36,36,36,18,18,18,18,0],"gold":30,"neow_bonus":"THREE_CARDS","is_prod":false,"is_daily":false,"chose_seed":false,"campfire_upgraded":6,"win_rate":0.0,"timestamp":1540353804,"path_taken":["M","M","$","M","?","R","E","R","T","E","?","?","R","?","R","BOSS","M","?","?","$","?","R","E","R","T","R","?"],"build_version":"2018-10-18","purchased_purges":2,"victory":false,"max_hp_per_floor":[80,80,80,80,80,80,80,80,80,80,80,80,80,80,80,80,80,80,80,80,80,80,80,85,85,85,85,85],"card_choices":[{"not_picked":["Evolve","Sword Boomerang"],"picked":"Clothesline","floor":0},{"not_picked":["Intimidate","Body Slam"],"picked":"Inflame","floor":1},{"not_picked":["Pummel","Carnage"],"picked":"Dual Wield","floor":2},{"not_picked":["Havoc","Sword Boomerang"],"picked":"Anger","floor":4},{"not_picked":["Clash","Feed"],"picked":"Iron Wave","floor":7},{"not_picked":["Iron Wave","Reckless Charge","Clothesline"],"picked":"SKIP","floor":10},{"not_picked":["Warcry","Body Slam"],"picked":"Anger","floor":12},{"not_picked":["Immolate","Dark Embrace"],"picked":"Barricade","floor":16},{"not_picked":["Dual Wield","Disarm","Perfected Strike"],"picked":"SKIP","floor":18},{"not_picked":["Havoc+1","Twin Strike"],"picked":"Burning Pact","floor":20},{"not_picked":["Disarm","Body Slam+1"],"picked":"Inflame+1","floor":24}],"player_experience":68501,"relics_obtained":[{"floor":7,"key":"Matryoshka"},{"floor":9,"key":"Darkstone Periapt"},{"floor":9,"key":"War Paint"},{"floor":10,"key":"Bag of Preparation"},{"floor":24,"key":"Whetstone"},{"floor":26,"key":"Potion Belt"},{"floor":26,"key":"Kunai"}],"event_choices":[{"damage_healed":0,"gold_gain":0,"player_choice":"Leave","damage_taken":0,"max_hp_gain":0,"max_hp_loss":0,"event_name":"The Cleric","floor":5,"gold_loss":0},{"cards_removed":["Strike_R"],"damage_healed":0,"gold_gain":0,"player_choice":"Card Removal","damage_taken":7,"max_hp_gain":0,"max_hp_loss":0,"event_name":"Golden Wing","floor":11,"gold_loss":0},{"damage_healed":0,"gold_gain":75,"player_choice":"Gather Gold","damage_taken":11,"max_hp_gain":0,"max_hp_loss":0,"event_name":"World of Goop","floor":14,"gold_loss":0},{"damage_healed":0,"gold_gain":100,"player_choice":"Bet on Murderer","damage_taken":0,"max_hp_gain":0,"max_hp_loss":0,"event_name":"The Joust","floor":19,"gold_loss":50},{"damage_healed":0,"gold_gain":0,"player_choice":"Paid Fearfully","damage_taken":0,"max_hp_gain":0,"max_hp_loss":0,"event_name":"Masked Bandits","floor":22,"gold_loss":60}],"is_beta":false,"boss_relics":[{"not_picked":["Cursed Key","Snecko Eye"],"picked":"Runic Cube"}],"items_purged_floors":[3,21],"is_endless":false,"potions_floor_spawned":[1,7,10,20],"killed_by":"Shelled Parasite and Fungi","ascension_level":0}