{"gold_per_floor":[114,114,129,144,25,55,55,85,85,85,115,115,115,145,145,245,245,260,260,275,290,290,290,320,420,470,500,515,545,575,605,605,705,705,720,735,735,750,750,780,780,1080,1080,1095,1125,1150,86,116,116,116],"floor_reached":51,"playtime":3625,"items_purged":[],"score":1282,"play_id":"16cce143-c4f0-4e5c-9ee2-ed896c64d81b","local_time":"20190330095137","daily_mods":["Cursed Run","Colorless Cards","Elite Swarm"],"is_ascension_mode":false,"campfire_choices":[{"floor":7,"key":"REST"},{"floor":10,"key":"REST"},{"floor":12,"key":"REST"},{"data":"Storm of Steel","floor":15,"key":"SMITH"},{"floor":23,"key":"REST"},{"floor":32,"key":"REST"},{"data":"1","floor":41,"key":"LIFT"},{"data":"2","floor":49,"key":"LIFT"}],"neow_cost":"","seed_source_timestamp":0,"circlet_count":0,"master_deck":["Defend_G","Defend_G","Defend_G","Defend_G","Defend_G","Strike_G+1","Strike_G","Strike_G+1","Strike_G","Strike_G","Survivor","Neutralize","Cloak And Dagger","Violence","Slice","Backflip","Backflip","Storm of Steel+1","Die Die Die","Shame","Adrenaline","Adrenaline","Parasite","Tools of the Trade+1","Deflect+1","Clumsy","Slice","A Thousand Cuts+1","Thinking Ahead","Cloak And Dagger","Writhe","Dagger Spray","Glass Knife","Mayhem+1","Envenom+1","Regret","Adrenaline","Dodge and Roll","Dagger Spray","Backflip+1","Mind Blast","Finesse","Dark Shackles","Panache+1","Shame","Concentrate","Panache+1","Violence","Accuracy+1","Slice","Prepared","Acrobatics","Trip","Master of Strategy","Jack Of All Trades","Outmaneuver","Dagger Spray","Unload"],"special_seed":17985,"relics":["Cursed Key","Darkstone Periapt","Du-Vu Doll","Lantern","Singing Bowl","Frozen Egg 2","Turnip","Bag of Marbles","Black Star","Nunchaku","Whetstone","Ice Cream","WingedGreaves","Ornamental Fan","Art of War","Unceasing Top","Dead Branch","Mercury Hourglass","Pen Nib","Centennial Puzzle","Regal Pillow","The Specimen","The Courier","Sozu","Girya","Shuriken","Dodecahedron","Omamori","Prayer Wheel","Anchor","Strawberry","Frozen Eye","Juzu Bracelet","Pear","Blue Candle"],"potions_floor_usage":[8,11,18,25,28,31,33],"damage_taken":[{"damage":0,"enemies":"2 Louse","floor":1,"turns":2},{"damage":0,"enemies":"Cultist","floor":3,"turns":4},{"damage":0,"enemies":"Small Slimes","floor":4,"turns":3},{"damage":62,"enemies":"Gremlin Nob","floor":6,"turns":7},{"damage":16,"enemies":"3 Sentries","floor":8,"turns":12},{"damage":0,"enemies":"Gremlin Nob","floor":11,"turns":2},{"damage":0,"enemies":"3 Sentries","floor":14,"turns":3},{"damage":54,"enemies":"Hexaghost","floor":16,"turns":13},{"damage":10,"enemies":"2 Thieves","floor":18,"turns":3},{"damage":0,"enemies":"Shell Parasite","floor":20,"turns":4},{"damage":21,"enemies":"Snecko","floor":21,"turns":5},{"damage":30,"enemies":"Book of Stabbing","floor":24,"turns":6},{"damage":0,"enemies":"Colosseum Slavers","floor":25,"turns":2},{"damage":7,"enemies":"Colosseum Nobs","floor":25,"turns":3},{"damage":11,"enemies":"Gremlin Leader","floor":27,"turns":5},{"damage":0,"enemies":"Centurion and Healer","floor":28,"turns":2},{"damage":0,"enemies":"Book of Stabbing","floor":29,"turns":3},{"damage":0,"enemies":"Slavers","floor":30,"turns":2},{"damage":0,"enemies":"Gremlin Leader","floor":31,"turns":2},{"damage":1,"enemies":"Collector","floor":33,"turns":6},{"damage":2,"enemies":"Orb Walker","floor":35,"turns":2},{"damage":0,"enemies":"3 Shapes","floor":36,"turns":1},{"damage":8,"enemies":"Maw","floor":38,"turns":5},{"damage":3,"enemies":"Nemesis","floor":40,"turns":3},{"damage":0,"enemies":"3 Darklings","floor":44,"turns":2},{"damage":11,"enemies":"Giant Head","floor":45,"turns":3},{"damage":0,"enemies":"Reptomancer","floor":48,"turns":1},{"damage":8,"enemies":"Donu and Deca","floor":50,"turns":3}],"seed_played":"5798064951903659498","potions_obtained":[{"floor":1,"key":"Ancient Potion"},{"floor":8,"key":"SteroidPotion"},{"floor":14,"key":"SmokeBomb"},{"floor":16,"key":"SteroidPotion"},{"floor":24,"key":"EssenceOfSteel"},{"floor":25,"key":"Ancient Potion"},{"floor":27,"key":"Block Potion"},{"floor":31,"key":"Ancient Potion"}],"is_trial":false,"path_per_floor":["M","?","M","M","$","E","R","E","T","R","E","R","?","E","R","B",null,"M","T","M","M","?","R","E","?","T","E","M","E","E","E","R","B",null,"M","M","?","M","?","E","R","?","T","M","E","T","$","E","R","B",null],"character_chosen":"THE_SILENT","items_purchased":["Footwork","Backflip","Strawberry","Violence","Accuracy+1","Slice","Prepared","Acrobatics","Trip","Master of Strategy","Jack Of All Trades","Frozen Eye","Juzu Bracelet","Outmaneuver","Dagger Spray"],"campfire_rested":5,"item_purchase_floors":[5,5,47,47,47,47,47,47,47,47,47,47,47,47,47],"current_hp_per_floor":[70,70,70,70,70,8,29,13,19,41,41,63,76,76,76,28,82,72,78,78,57,57,83,53,46,52,43,43,43,43,43,86,91,102,100,100,100,92,82,79,79,79,85,85,74,74,81,91,91,83],"gold":116,"neow_bonus":"","is_prod":false,"is_daily":true,"chose_seed":false,"campfire_upgraded":1,"win_rate":0,"timestamp":1553939497,"path_taken":["M","?","?","M","$","E","R","E","T","R","E","R","?","E","R","BOSS","M","?","?","M","?","R","E","?","T","E","?","E","E","E","R","BOSS","M","?","?","M","?","E","R","?","T","?","E","?","$","E","R","BOSS"],"build_version":"2019-01-23","purchased_purges":0,"victory":true,"max_hp_per_floor":[70,70,70,70,70,70,70,70,76,76,76,76,76,76,76,82,82,82,88,88,88,88,88,88,88,94,96,96,96,96,96,96,102,102,102,102,102,102,102,102,102,102,108,108,108,108,115,125,125,125],"card_choices":[{"not_picked":["Dodge and Roll","Deadly Poison"],"picked":"Cloak And Dagger","floor":1},{"not_picked":["Poisoned Stab","PanicButton"],"picked":"Slice","floor":3},{"not_picked":["Prepared","Sucker Punch"],"picked":"Backflip","floor":4},{"not_picked":["Mayhem","Panache"],"picked":"Storm of Steel","floor":6},{"not_picked":["The Bomb","Transmutation"],"picked":"Die Die Die","floor":8},{"not_picked":["HandOfGreed","Metamorphosis"],"picked":"Adrenaline","floor":11},{"not_picked":["Envenom+1","Burst"],"picked":"Adrenaline","floor":14},{"not_picked":["Burst","Corpse Explosion"],"picked":"Tools of the Trade+1","floor":16},{"not_picked":["Deadly Poison","Dodge and Roll+1"],"picked":"Deflect+1","floor":18},{"not_picked":["Setup+1","Dodge and Roll"],"picked":"Slice","floor":20},{"not_picked":["Trip","Cloak And Dagger"],"picked":"A Thousand Cuts+1","floor":21},{"not_picked":["Malaise","Storm of Steel"],"picked":"Thinking Ahead","floor":24},{"not_picked":["Predator","Acrobatics+1"],"picked":"Cloak And Dagger","floor":25},{"not_picked":["Corpse Explosion","Tools of the Trade+1","Phantasmal Killer"],"picked":"Singing Bowl","floor":27},{"not_picked":["Quick Slash","Deadly Poison"],"picked":"Dagger Spray","floor":28},{"not_picked":["Master of Strategy","Burst"],"picked":"Glass Knife","floor":29},{"not_picked":["Burst","Doppelganger"],"picked":"Mayhem+1","floor":30},{"not_picked":["Thinking Ahead","Tools of the Trade+1"],"picked":"Envenom+1","floor":31},{"not_picked":["Grand Finale","Apotheosis"],"picked":"Adrenaline","floor":33},{"not_picked":["PiercingWail","Well Laid Plans+1"],"picked":"Dodge and Roll","floor":35},{"not_picked":["Dodge and Roll+1","Deadly Poison"],"picked":"Dagger Spray","floor":36},{"not_picked":["Leg Sweep","Noxious Fumes+1"],"picked":"Backflip+1","floor":38},{"not_picked":["Finesse","Impatience"],"picked":"Mind Blast","floor":39},{"not_picked":["Blind","Enlightenment"],"picked":"Finesse","floor":39},{"not_picked":["Madness","Impatience"],"picked":"Dark Shackles","floor":39},{"not_picked":["Doppelganger","Bullet Time"],"picked":"Panache+1","floor":40},{"not_picked":["Deflect","Cloak And Dagger"],"picked":"Concentrate","floor":44},{"not_picked":["The Bomb","Grand Finale"],"picked":"Panache+1","floor":45},{"not_picked":["HandOfGreed","Metamorphosis"],"picked":"Unload","floor":48}],"player_experience":413721,"relics_obtained":[{"floor":6,"key":"Lantern"},{"floor":8,"key":"Singing Bowl"},{"floor":9,"key":"Frozen Egg 2"},{"floor":11,"key":"Turnip"},{"floor":14,"key":"Bag of Marbles"},{"floor":19,"key":"Nunchaku"},{"floor":24,"key":"Whetstone"},{"floor":24,"key":"Ice Cream"},{"floor":25,"key":"WingedGreaves"},{"floor":25,"key":"Ornamental Fan"},{"floor":26,"key":"Art of War"},{"floor":27,"key":"Unceasing Top"},{"floor":27,"key":"Dead Branch"},{"floor":29,"key":"Mercury Hourglass"},{"floor":29,"key":"Pen Nib"},{"floor":30,"key":"Centennial Puzzle"},{"floor":30,"key":"Regal Pillow"},{"floor":31,"key":"The Specimen"},{"floor":31,"key":"The Courier"},{"floor":40,"key":"Girya"},{"floor":40,"key":"Shuriken"},{"floor":43,"key":"Dodecahedron"},{"floor":45,"key":"Omamori"},{"floor":45,"key":"Prayer Wheel"},{"floor":46,"key":"Anchor"},{"floor":48,"key":"Pear"},{"floor":48,"key":"Blue Candle"}],"event_choices":[{"damage_healed":0,"gold_gain":0,"player_choice":"1 cards matched","damage_taken":0,"max_hp_gain":0,"max_hp_loss":0,"event_name":"Match and Keep!","floor":2,"gold_loss":0,"cards_obtained":["Violence"]},{"cards_removed":["Footwork"],"damage_healed":13,"gold_gain":0,"player_choice":"Offered Uncommon","damage_taken":0,"max_hp_gain":0,"max_hp_loss":0,"event_name":"Bonfire Elementals","floor":13,"gold_loss":0},{"damage_healed":0,"gold_gain":0,"player_choice":"Ignored","damage_taken":0,"max_hp_gain":0,"max_hp_loss":0,"event_name":"Beggar","floor":22,"gold_loss":0},{"damage_healed":0,"gold_gain":0,"player_choice":"Fight","damage_taken":0,"max_hp_gain":0,"max_hp_loss":0,"event_name":"Colosseum","floor":25,"gold_loss":0},{"damage_healed":0,"gold_gain":0,"player_choice":"Fought Nobs","damage_taken":0,"max_hp_gain":0,"max_hp_loss":0,"event_name":"Colosseum","floor":25,"gold_loss":0},{"damage_healed":0,"gold_gain":0,"player_choice":"Ignored","damage_taken":0,"max_hp_gain":0,"max_hp_loss":0,"event_name":"Tomb of Lord Red Mask","floor":37,"gold_loss":0},{"damage_healed":0,"gold_gain":0,"player_choice":"Memory 3","damage_taken":10,"max_hp_gain":0,"max_hp_loss":0,"event_name":"SensoryStone","floor":39,"gold_loss":0},{"damage_healed":0,"gold_gain":300,"player_choice":"Gold","damage_taken":0,"max_hp_gain":0,"max_hp_loss":0,"event_name":"Wheel of Change","floor":42,"gold_loss":0}],"is_beta":false,"boss_relics":[{"not_picked":["Orrery","Astrolabe"],"picked":"Black Star"},{"not_picked":["Runic Pyramid","Eternal Feather"],"picked":"Sozu"}],"items_purged_floors":[],"is_endless":false,"potions_floor_spawned":[1,8,14,16,24,25,25,27,31,36,38,40],"ascension_level":0}