{"gold_per_floor":[119,119,135,10,29,63,63,96,96,161,171,171,171,200,200,298,298,313,313,18,18,41,41,69,69,138,38,58,58,69,84,84,179,229,244,244,255,130,142,176,176,193,220,0,0,18,30,45,45,45],"floor_reached":51,"playtime":6339,"items_purged":["Pain","Injury","Strike_G"],"score":740,"play_id":"22622b86-1327-4bb3-be57-d5e22c9833c3","local_time":"20190629021854","is_ascension_mode":false,"campfire_choices":[{"data":"Noxious Fumes","floor":7,"key":"SMITH"},{"floor":13,"key":"REST"},{"floor":15,"key":"REST"},{"data":"Catalyst","floor":23,"key":"SMITH"},{"floor":25,"key":"REST"},{"data":"Dodge and Roll","floor":29,"key":"SMITH"},{"floor":32,"key":"REST"},{"floor":41,"key":"REST"},{"data":"Footwork","floor":45,"key":"SMITH"},{"floor":49,"key":"REST"}],"neow_cost":"NONE","seed_source_timestamp":2609370987227814,"circlet_count":0,"master_deck":["Defend_G","Defend_G","Defend_G","Defend_G+1","Defend_G","Strike_G","Strike_G","Strike_G","Strike_G","Survivor","Neutralize","Bullet Time","Deadly Poison+1","Blur","Noxious Fumes+1","PiercingWail","Poisoned Stab","Backstab","Dash","Catalyst+1","Quick Slash","Leg Sweep","Burst","Clumsy","Dodge and Roll+1","Well Laid Plans","All Out Attack","Footwork+1","Dagger Spray","Tools of the Trade","Backflip","Dagger Spray","Enlightenment","Endless Agony","Endless Agony","Acrobatics+1","Quick Slash+1"],"relics":["Ring of the Snake","Ancient Tea Set","Sundial","Letter Opener","Vajra","Paper Crane","Calling Bell","Centennial Puzzle","Shuriken","StoneCalendar","Nilry\u0027s Codex","Anchor","Oddly Smooth Stone","Bag of Preparation","Bottled Lightning","Tiny House","Regal Pillow","Potion Belt","Red Mask"],"potions_floor_usage":[33,35,35,40,46,50,50],"damage_taken":[{"damage":0,"enemies":"2 Louse","floor":1,"turns":3},{"damage":2,"enemies":"Jaw Worm","floor":3,"turns":4},{"damage":0,"enemies":"Small Slimes","floor":5,"turns":4},{"damage":13,"enemies":"Lagavulin","floor":6,"turns":6},{"damage":9,"enemies":"3 Sentries","floor":8,"turns":7},{"damage":32,"enemies":"3 Sentries","floor":10,"turns":9},{"damage":1,"enemies":"3 Louse","floor":11,"turns":3},{"damage":15,"enemies":"Lagavulin","floor":14,"turns":6},{"damage":19,"enemies":"The Guardian","floor":16,"turns":8},{"damage":8,"enemies":"Spheric Guardian","floor":18,"turns":5},{"damage":13,"enemies":"Slavers","floor":24,"turns":6},{"damage":0,"enemies":"2 Thieves","floor":28,"turns":4},{"damage":5,"enemies":"Snecko","floor":30,"turns":7},{"damage":3,"enemies":"Chosen and Byrds","floor":31,"turns":4},{"damage":35,"enemies":"Collector","floor":33,"turns":8},{"damage":32,"enemies":"3 Darklings","floor":35,"turns":6},{"damage":12,"enemies":"Orb Walker","floor":37,"turns":5},{"damage":5,"enemies":"Transient","floor":39,"turns":5},{"damage":0,"enemies":"Reptomancer","floor":40,"turns":2},{"damage":0,"enemies":"4 Shapes","floor":42,"turns":4},{"damage":6,"enemies":"Sphere and 2 Shapes","floor":46,"turns":5},{"damage":27,"enemies":"Writhing Mass","floor":47,"turns":6},{"damage":16,"enemies":"Spire Growth","floor":48,"turns":4},{"damage":50,"enemies":"Awakened One","floor":50,"turns":13}],"seed_played":"2090106295843133711","potions_obtained":[{"floor":1,"key":"Strength Potion"},{"floor":5,"key":"FairyPotion"},{"floor":6,"key":"Dexterity Potion"},{"floor":8,"key":"GhostInAJar"},{"floor":18,"key":"GhostInAJar"},{"floor":33,"key":"Fire Potion"},{"floor":35,"key":"Poison Potion"},{"floor":40,"key":"SpeedPotion"},{"floor":42,"key":"SkillPotion"}],"is_trial":false,"path_per_floor":["M","?","M","$","M","E","R","E","T","?","M","?","R","E","R","B",null,"M","?","$","?","T","R","E","R","T","$","M","R","M","M","R","B",null,"M","?","M","$","M","E","R","M","T","?","R","M","M","M","R","B",null],"character_chosen":"THE_SILENT","items_purchased":["Noxious Fumes","PiercingWail","Anchor","Well Laid Plans"],"campfire_rested":6,"item_purchase_floors":[4,4,20,20],"current_hp_per_floor":[70,70,68,68,68,55,55,46,46,14,13,13,34,19,40,21,70,62,46,46,33,33,33,20,42,42,42,42,42,37,34,56,21,80,48,48,36,36,31,31,70,70,70,70,70,64,37,21,60,10],"gold":45,"neow_bonus":"ONE_RANDOM_RARE_CARD","is_prod":false,"is_daily":false,"chose_seed":false,"campfire_upgraded":4,"win_rate":0.0,"timestamp":1561789134,"path_taken":["M","?","M","$","M","E","R","E","T","?","M","?","R","E","R","BOSS","M","?","$","?","?","R","E","R","T","$","M","R","M","M","R","BOSS","M","?","M","$","M","E","R","M","T","?","R","M","M","M","R","BOSS"],"build_version":"2019-01-23","purchased_purges":3,"victory":true,"max_hp_per_floor":[70,70,70,70,70,70,70,70,70,70,70,70,70,70,70,70,70,70,70,70,75,75,75,75,75,75,75,75,75,75,75,75,75,80,80,80,80,80,80,80,80,80,80,80,80,80,80,80,80,80],"card_choices":[{"not_picked":["Expertise","Escape Plan"],"picked":"Deadly Poison","floor":1},{"not_picked":["Outmaneuver","Flying Knee"],"picked":"Blur","floor":3},{"not_picked":["Masterful Stab","Distraction"],"picked":"Poisoned Stab","floor":5},{"not_picked":["Infinite Blades","Blur"],"picked":"Backstab","floor":6},{"not_picked":["Blade Dance","Calculated Gamble"],"picked":"Dash","floor":8},{"not_picked":["Leg Sweep","Sucker Punch"],"picked":"Catalyst","floor":10},{"not_picked":["Expertise","Escape Plan"],"picked":"Quick Slash","floor":11},{"not_picked":["Deadly Poison","Poisoned Stab"],"picked":"Leg Sweep","floor":14},{"not_picked":["Venomology","Malaise"],"picked":"Burst","floor":16},{"not_picked":["Poisoned Stab","Tactician+1"],"picked":"Dodge and Roll","floor":18},{"not_picked":["Tactician","Poisoned Stab","Heel Hook+1"],"picked":"SKIP","floor":24},{"not_picked":["Eviscerate+1","Sucker Punch"],"picked":"All Out Attack","floor":28},{"not_picked":["PiercingWail","Flying Knee"],"picked":"Footwork","floor":30},{"not_picked":["Tactician","Choke+1"],"picked":"Dagger Spray","floor":31},{"not_picked":["Doppelganger","Glass Knife"],"picked":"Tools of the Trade","floor":33},{"not_picked":["Deadly Poison","Dagger Throw"],"picked":"Backflip","floor":34},{"not_picked":["Poisoned Stab","Choke+1"],"picked":"Dagger Spray","floor":35},{"not_picked":["Dark Shackles","Purity"],"picked":"Enlightenment","floor":36},{"not_picked":["Bane","Bouncing Flask","Dodge and Roll+1"],"picked":"SKIP","floor":37},{"not_picked":["Deadly Poison+1","Underhanded Strike+1"],"picked":"Endless Agony","floor":39},{"not_picked":["Outmaneuver","All Out Attack"],"picked":"Endless Agony","floor":40},{"not_picked":["Unload","Outmaneuver+1"],"picked":"Acrobatics+1","floor":42},{"not_picked":["Distraction+1","Terror+1"],"picked":"Quick Slash+1","floor":46},{"not_picked":["Flying Knee","Slice+1","All Out Attack+1"],"picked":"SKIP","floor":47},{"not_picked":["Deflect","Heel Hook","Blade Dance+1"],"picked":"SKIP","floor":48}],"player_experience":10729,"relics_obtained":[{"floor":6,"key":"Ancient Tea Set"},{"floor":8,"key":"Sundial"},{"floor":9,"key":"Letter Opener"},{"floor":10,"key":"Vajra"},{"floor":14,"key":"Paper Crane"},{"floor":17,"key":"Centennial Puzzle"},{"floor":17,"key":"Shuriken"},{"floor":17,"key":"StoneCalendar"},{"floor":19,"key":"Nilry\u0027s Codex"},{"floor":22,"key":"Oddly Smooth Stone"},{"floor":24,"key":"Bag of Preparation"},{"floor":26,"key":"Bottled Lightning"},{"floor":40,"key":"Regal Pillow"},{"floor":43,"key":"Potion Belt"}],"event_choices":[{"damage_healed":0,"gold_gain":0,"player_choice":"Grow","damage_taken":0,"max_hp_gain":0,"max_hp_loss":0,"event_name":"Living Wall","floor":2,"gold_loss":0,"cards_upgraded":["Deadly Poison"]},{"damage_healed":0,"gold_gain":0,"player_choice":"Searched \u00272\u0027 times","damage_taken":0,"max_hp_gain":0,"max_hp_loss":0,"event_name":"Dead Adventurer","floor":10,"gold_loss":0},{"damage_healed":0,"gold_gain":0,"player_choice":"Ignored","damage_taken":0,"max_hp_gain":0,"max_hp_loss":0,"event_name":"Golden Idol","floor":12,"gold_loss":0},{"damage_healed":0,"gold_gain":0,"player_choice":"Obtained Book","damage_taken":16,"max_hp_gain":0,"max_hp_loss":0,"event_name":"Cursed Tome","floor":19,"gold_loss":0},{"damage_healed":0,"gold_gain":0,"player_choice":"Shed Blood","damage_taken":18,"max_hp_gain":5,"max_hp_loss":0,"event_name":"Forgotten Altar","floor":21,"gold_loss":0},{"damage_healed":0,"gold_gain":0,"player_choice":"Memory 1","damage_taken":0,"max_hp_gain":0,"max_hp_loss":0,"event_name":"SensoryStone","floor":36,"gold_loss":0},{"damage_healed":0,"gold_gain":0,"player_choice":"Paid","damage_taken":0,"relics_obtained":["Red Mask"],"max_hp_gain":0,"max_hp_loss":0,"event_name":"Tomb of Lord Red Mask","floor":44,"gold_loss":220}],"is_beta":false,"boss_relics":[{"not_picked":["Astrolabe","Ectoplasm"],"picked":"Calling Bell"},{"not_picked":["Coffee Dripper","Snecko Eye"],"picked":"Tiny House"}],"items_purged_floors":[20,27,38],"is_endless":false,"potions_floor_spawned":[1,5,6,8,11,18,33,35,40,42],"ascension_level":0}