{"gold_per_floor":[114,74,1,176,191,221,221,90,140,155,155,170,185,215,215,315,315,330,330,45,60,75,105,120,120,145,160,174,204,219,19,19,19],"floor_reached":33,"playtime":2582,"items_purged":[],"score":321,"play_id":"264cb00a-519b-4b27-9705-3a83157e3413","local_time":"20190314193059","daily_mods":["Heirloom","Green Cards","Binary"],"is_ascension_mode":false,"campfire_choices":[{"data":"Infinite Blades","floor":11,"key":"SMITH"},{"data":"Footwork","floor":15,"key":"SMITH"},{"data":"Searing Blow","floor":25,"key":"SMITH"},{"data":"Searing Blow+1","floor":32,"key":"SMITH"}],"neow_cost":"","seed_source_timestamp":0,"circlet_count":0,"master_deck":["Strike_R","Strike_R","Strike_R","Strike_R","Strike_R","Defend_R","Defend_R","Defend_R","Defend_R","Bash","Escape Plan","Deflect","Headbutt","Dodge and Roll","Twin Strike","Infinite Blades+1","Blade Dance","All Out Attack","Footwork+1","Outmaneuver","Twin Strike","Adrenaline","Clash+1","Endless Agony","Deflect","Searing Blow+2","Dagger Spray","Quick Slash","Reckless Charge","Cloak And Dagger","Sever Soul","Leg Sweep+1","Flying Knee"],"special_seed":17969,"relics":["Burning Blood","Magic Flower","PreservedInsect","Spirit Poop","Dream Catcher","Bottled Tornado","Coffee Dripper","Lantern","Pocketwatch","Orichalcum","Red Mask","Art of War","Brimstone"],"potions_floor_usage":[5,6,6,12,12,14,16,23,24,29],"damage_taken":[{"damage":10,"enemies":"Jaw Worm","floor":1,"turns":4},{"damage":4,"enemies":"Cultist","floor":5,"turns":4},{"damage":11,"enemies":"3 Sentries","floor":6,"turns":14},{"damage":0,"enemies":"2 Louse","floor":10,"turns":3},{"damage":0,"enemies":"2 Fungi Beasts","floor":12,"turns":3},{"damage":13,"enemies":"Lots of Slimes","floor":13,"turns":4},{"damage":0,"enemies":"Lagavulin","floor":14,"turns":4},{"damage":52,"enemies":"The Guardian","floor":16,"turns":15},{"damage":10,"enemies":"Spheric Guardian","floor":18,"turns":4},{"damage":9,"enemies":"2 Thieves","floor":21,"turns":4},{"damage":20,"enemies":"Snake Plant","floor":22,"turns":4},{"damage":18,"enemies":"Gremlin Leader","floor":23,"turns":6},{"damage":1,"enemies":"Snecko","floor":24,"turns":4},{"damage":19,"enemies":"Centurion and Healer","floor":27,"turns":6},{"damage":13,"enemies":"Masked Bandits","floor":28,"turns":5},{"damage":28,"enemies":"Book of Stabbing","floor":29,"turns":5},{"damage":6,"enemies":"Sentry and Sphere","floor":30,"turns":6},{"damage":58,"enemies":"Champ","floor":33,"turns":6}],"seed_played":"-4649029589415809822","potions_obtained":[{"floor":2,"key":"Energy Potion"},{"floor":2,"key":"Swift Potion"},{"floor":2,"key":"GamblersBrew"},{"floor":5,"key":"Dexterity Potion"},{"floor":6,"key":"Weak Potion"},{"floor":10,"key":"SpeedPotion"},{"floor":13,"key":"SteroidPotion"},{"floor":22,"key":"EssenceOfSteel"},{"floor":23,"key":"Regen Potion"},{"floor":28,"key":"AttackPotion"}],"is_trial":false,"path_per_floor":["M","?","$","?","M","E","?","$","T","M","R","M","M","E","R","B",null,"M","?","$","M","M","E","M","R","T","M","?","E","M","$","R","B"],"character_chosen":"IRONCLAD","items_purchased":["Deflect","Headbutt","Infinite Blades","Blade Dance","Lantern","Endless Agony","Deflect","Brimstone"],"campfire_rested":0,"item_purchase_floors":[3,3,8,8,20,20,20,31],"current_hp_per_floor":[79,79,79,79,80,78,78,78,78,80,80,80,76,80,80,37,80,79,79,79,79,68,59,80,80,80,70,66,47,50,50,50,0],"gold":19,"neow_bonus":"","is_prod":false,"is_daily":true,"chose_seed":false,"campfire_upgraded":4,"win_rate":0,"timestamp":1552591859,"path_taken":["M","?","?","?","M","E","?","$","T","?","R","M","M","E","R","BOSS","M","?","?","M","M","E","M","R","T","?","?","E","M","?","R","BOSS"],"build_version":"2019-01-23","purchased_purges":0,"victory":false,"max_hp_per_floor":[80,80,80,80,80,80,80,80,80,80,80,80,80,80,80,80,80,80,80,80,80,80,80,80,80,80,80,80,80,80,80,80,80],"card_choices":[{"not_picked":["Flex"],"picked":"Escape Plan","floor":1},{"not_picked":["Deflect"],"picked":"Dodge and Roll","floor":5},{"not_picked":["Deflect"],"picked":"Twin Strike","floor":6},{"not_picked":["Deflect"],"picked":"All Out Attack","floor":10},{"not_picked":["Headbutt"],"picked":"Footwork","floor":12},{"not_picked":["Bane"],"picked":"Outmaneuver","floor":13},{"not_picked":["Sever Soul"],"picked":"Twin Strike","floor":14},{"not_picked":["Corpse Explosion"],"picked":"Adrenaline","floor":16},{"not_picked":["Wild Strike"],"picked":"Clash+1","floor":18},{"not_picked":["PiercingWail"],"picked":"Searing Blow","floor":21},{"not_picked":["Dual Wield+1"],"picked":"Dagger Spray","floor":22},{"not_picked":["Sucker Punch"],"picked":"Quick Slash","floor":23},{"not_picked":["Calculated Gamble"],"picked":"Reckless Charge","floor":24},{"not_picked":["Tactician"],"picked":"Cloak And Dagger","floor":27},{"not_picked":["Acrobatics"],"picked":"Sever Soul","floor":28},{"not_picked":["Havoc"],"picked":"Leg Sweep+1","floor":29},{"not_picked":["Deadly Poison+1"],"picked":"Flying Knee","floor":30}],"player_experience":306477,"relics_obtained":[{"floor":6,"key":"PreservedInsect"},{"floor":9,"key":"Dream Catcher"},{"floor":14,"key":"Bottled Tornado"},{"floor":23,"key":"Pocketwatch"},{"floor":26,"key":"Orichalcum"},{"floor":28,"key":"Red Mask"},{"floor":29,"key":"Art of War"}],"event_choices":[{"damage_healed":0,"gold_gain":0,"player_choice":"Bought 3 Potions","damage_taken":0,"max_hp_gain":0,"max_hp_loss":0,"event_name":"The Woman in Blue","floor":2,"gold_loss":0},{"damage_healed":0,"gold_gain":175,"player_choice":"AGREE","damage_taken":0,"max_hp_gain":0,"max_hp_loss":0,"event_name":"Liars Game","floor":4,"gold_loss":0,"cards_obtained":["Doubt"]},{"cards_removed":["Doubt"],"damage_healed":0,"gold_gain":0,"player_choice":"Offered Curse","damage_taken":0,"relics_obtained":["Spirit Poop"],"max_hp_gain":0,"max_hp_loss":0,"event_name":"Bonfire Elementals","floor":7,"gold_loss":0},{"damage_healed":0,"gold_gain":0,"player_choice":"Ignored","damage_taken":0,"max_hp_gain":0,"max_hp_loss":0,"event_name":"N\u0027loth","floor":19,"gold_loss":0},{"damage_healed":0,"gold_gain":0,"player_choice":"Fought Bandits","damage_taken":0,"max_hp_gain":0,"max_hp_loss":0,"event_name":"Masked Bandits","floor":28,"gold_loss":0}],"is_beta":false,"boss_relics":[{"not_picked":["Astrolabe","Tiny House"],"picked":"Coffee Dripper"}],"items_purged_floors":[],"is_endless":false,"potions_floor_spawned":[5,6,10,13,22,23,28],"killed_by":"Champ","ascension_level":0}