{"gold_per_floor":[111,12,30,30,30,62,86,273,312,324],"floor_reached":10,"playtime":510,"items_purged":[],"score":76,"play_id":"887b6111-1899-4225-a660-8df8048402bb","local_time":"20190317175557","is_ascension_mode":true,"campfire_choices":[],"neow_cost":"NONE","seed_source_timestamp":1387359400605100,"circlet_count":0,"master_deck":["Defend_G","Defend_G","Defend_G","Defend_G","Defend_G","Strike_G","Strike_G","Strike_G","Strike_G","Strike_G","Survivor","Neutralize","Infinite Blades","Blade Dance","Dagger Throw","Deflect","Backflip","Blur","Doubt"],"relics":["Ring of the Snake","MawBank"],"potions_floor_usage":[6,10],"damage_taken":[{"damage":0,"enemies":"Cultist","floor":1,"turns":5},{"damage":0,"enemies":"2 Louse","floor":3,"turns":2},{"damage":27,"enemies":"Gremlin Nob","floor":6,"turns":5},{"damage":10,"enemies":"Small Slimes","floor":7,"turns":3},{"damage":80,"enemies":"Gremlin Nob","floor":10,"turns":6}],"seed_played":"-5480417325462355062","potions_obtained":[{"floor":1,"key":"SpeedPotion"},{"floor":6,"key":"GhostInAJar"}],"is_trial":false,"path_per_floor":["M","$","M","$","?","E","M","?","T","?"],"character_chosen":"THE_SILENT","items_purchased":["Blade Dance","Dagger Throw"],"campfire_rested":0,"item_purchase_floors":[2,2],"current_hp_per_floor":[77,77,77,77,77,50,40,40,40,0],"gold":324,"neow_bonus":"TEN_PERCENT_HP_BONUS","is_prod":false,"is_daily":false,"chose_seed":false,"campfire_upgraded":0,"win_rate":0,"timestamp":1552845357,"path_taken":["M","?","M","$","?","E","M","?","T","?"],"build_version":"2019-01-23","purchased_purges":0,"victory":false,"max_hp_per_floor":[77,77,77,77,77,77,77,77,77,77],"card_choices":[{"not_picked":["Prepared","Deadly Poison"],"picked":"Infinite Blades","floor":1},{"not_picked":["Poisoned Stab","Flying Knee"],"picked":"Deflect","floor":3},{"not_picked":["Deflect","Crippling Poison"],"picked":"Backflip","floor":6},{"not_picked":["Acrobatics","Night Terror"],"picked":"Blur","floor":7}],"player_experience":333136,"relics_obtained":[{"floor":6,"key":"MawBank"}],"event_choices":[{"damage_healed":0,"gold_gain":0,"player_choice":"Leave","damage_taken":0,"max_hp_gain":0,"max_hp_loss":0,"event_name":"The Cleric","floor":5,"gold_loss":0},{"damage_healed":0,"gold_gain":175,"player_choice":"AGREE","damage_taken":0,"max_hp_gain":0,"max_hp_loss":0,"event_name":"Liars Game","floor":8,"gold_loss":0,"cards_obtained":["Doubt"]},{"damage_healed":0,"gold_gain":0,"player_choice":"Searched \u00271\u0027 times","damage_taken":0,"max_hp_gain":0,"max_hp_loss":0,"event_name":"Dead Adventurer","floor":10,"gold_loss":0}],"is_beta":false,"boss_relics":[],"items_purged_floors":[],"is_endless":false,"potions_floor_spawned":[1,6],"killed_by":"Gremlin Nob","ascension_level":3}