{"gold_per_floor":[213,12,12,27,37,67,67,78,78,103,78,91,91,101,101,197,197,197,197,13,13,13,13,13,13,13,13,13,13,13,13,13,13,13,13,13,13,13,13,13,13,13,13,13,13,13,13,13,13,13],"floor_reached":50,"playtime":2661,"items_purged":[],"score":914,"play_id":"02b5cd70-8ef9-4ece-b483-802dcb1564b6","local_time":"20190625190851","is_ascension_mode":true,"campfire_choices":[{"floor":7,"key":"REST"},{"floor":13,"key":"REST"},{"data":"Footwork","floor":15,"key":"SMITH"},{"data":"Noxious Fumes","floor":23,"key":"SMITH"},{"data":"Bouncing Flask","floor":27,"key":"SMITH"},{"data":"Malaise","floor":32,"key":"SMITH"},{"data":"Deflect","floor":41,"key":"SMITH"},{"floor":45,"key":"RECALL"},{"floor":49,"key":"REST"}],"neow_cost":"NONE","seed_source_timestamp":975519918899300,"circlet_count":0,"master_deck":["Defend_G","Defend_G","Defend_G","Defend_G","Defend_G","Strike_G","Strike_G","Strike_G","Strike_G","Survivor","Neutralize","PiercingWail","Bouncing Flask+1","Footwork+1","Noxious Fumes+1","Cloak And Dagger","Deflect+1","Backflip","Bullet Time","Cloak And Dagger","Malaise+1","Well Laid Plans","After Image+1","PiercingWail","After Image+1","Footwork+1","Bouncing Flask+1","Acrobatics","Escape Plan+1","Catalyst+1"],"relics":["Ring of the Snake","TwistedFunnel","Bag of Marbles","Matryoshka","The Courier","Anchor","Vajra","Ectoplasm","Oddly Smooth Stone","Frozen Egg 2","Bag of Preparation","Art of War","Gambling Chip","Sozu","Gremlin Horn","Juzu Bracelet","Pen Nib"],"potions_floor_usage":[37],"damage_taken":[{"damage":2,"enemies":"Cultist","floor":1,"turns":5},{"damage":3,"enemies":"Small Slimes","floor":4,"turns":4},{"damage":7,"enemies":"Jaw Worm","floor":5,"turns":2},{"damage":41,"enemies":"3 Sentries","floor":6,"turns":12},{"damage":15,"enemies":"Large Slime","floor":8,"turns":7},{"damage":8,"enemies":"Lagavulin","floor":10,"turns":6},{"damage":0,"enemies":"Exordium Wildlife","floor":12,"turns":2},{"damage":0,"enemies":"2 Fungi Beasts","floor":14,"turns":3},{"damage":4,"enemies":"Hexaghost","floor":16,"turns":9},{"damage":0,"enemies":"3 Byrds","floor":18,"turns":4},{"damage":0,"enemies":"Shell Parasite","floor":19,"turns":6},{"damage":0,"enemies":"Snake Plant","floor":22,"turns":5},{"damage":12,"enemies":"Book of Stabbing","floor":24,"turns":7},{"damage":0,"enemies":"Snecko","floor":30,"turns":5},{"damage":10,"enemies":"Gremlin Leader","floor":31,"turns":8},{"damage":24,"enemies":"Champ","floor":33,"turns":16},{"damage":0,"enemies":"3 Shapes","floor":35,"turns":4},{"damage":0,"enemies":"3 Darklings","floor":36,"turns":8},{"damage":14,"enemies":"Spire Growth","floor":37,"turns":6},{"damage":0,"enemies":"Maw","floor":38,"turns":8},{"damage":0,"enemies":"Nemesis","floor":40,"turns":9},{"damage":0,"enemies":"Giant Head","floor":42,"turns":7},{"damage":26,"enemies":"Reptomancer","floor":47,"turns":7},{"damage":40,"enemies":"Awakened One","floor":50,"turns":2}],"seed_played":"-6612044399038415547","potions_obtained":[{"floor":4,"key":"SneckoOil"},{"floor":8,"key":"Weak Potion"},{"floor":12,"key":"Regen Potion"},{"floor":16,"key":"Explosive Potion"},{"floor":18,"key":"Block Potion"},{"floor":24,"key":"LiquidBronze"}],"is_trial":false,"path_per_floor":["M","$","T","M","M","E","R","M","T","E","?","M","R","M","R","B",null,"M","M","$","?","M","R","E","?","T","R","$","?","M","E","R","B",null,"M","M","M","M","$","E","R","E","T","?","R","$","E","?","R","B"],"character_chosen":"THE_SILENT","items_purchased":["TwistedFunnel","Oddly Smooth Stone","Well Laid Plans"],"campfire_rested":3,"item_purchase_floors":[2,20,20],"current_hp_per_floor":[61,61,61,58,51,10,31,16,16,8,8,8,29,29,29,25,59,59,59,59,59,59,59,47,47,47,47,47,47,47,37,37,13,56,56,56,42,42,42,42,42,42,42,42,42,42,16,16,37,0],"gold":13,"neow_bonus":"HUNDRED_GOLD","is_prod":false,"is_daily":false,"chose_seed":false,"campfire_upgraded":5,"win_rate":0,"timestamp":1561504131,"path_taken":["M","$","?","M","M","E","R","M","T","E","?","M","R","M","R","BOSS","M","M","$","?","M","R","E","?","T","R","$","?","M","E","R","BOSS","M","M","M","M","$","E","R","E","T","?","R","$","E","?","R","BOSS"],"build_version":"2019-01-23","purchased_purges":0,"victory":false,"max_hp_per_floor":[70,70,70,70,70,70,70,70,70,70,70,70,70,70,70,70,70,70,70,70,70,70,70,70,70,70,70,70,70,70,70,70,70,70,70,70,70,70,70,70,70,70,70,70,70,70,70,70,70,70],"card_choices":[{"not_picked":["Quick Slash","Choke"],"picked":"PiercingWail","floor":1},{"not_picked":["Sucker Punch","Caltrops"],"picked":"Bouncing Flask","floor":4},{"not_picked":["Distraction","Phantasmal Killer"],"picked":"Footwork","floor":5},{"not_picked":["Blade Dance","Deadly Poison"],"picked":"Noxious Fumes","floor":6},{"not_picked":["Flying Knee","Blade Dance"],"picked":"Cloak And Dagger","floor":8},{"not_picked":["Flechettes","Terror"],"picked":"Deflect","floor":10},{"not_picked":["Blade Dance","Outmaneuver","Bane"],"picked":"SKIP","floor":12},{"not_picked":["Finisher","Dagger Throw"],"picked":"Backflip","floor":14},{"not_picked":["Phantasmal Killer","Grand Finale"],"picked":"Bullet Time","floor":16},{"not_picked":["Dagger Spray","Dagger Throw+1"],"picked":"Cloak And Dagger","floor":18},{"not_picked":["Dodge and Roll+1","Outmaneuver"],"picked":"Malaise","floor":19},{"not_picked":["Dagger Spray","Outmaneuver","Dagger Throw+1"],"picked":"SKIP","floor":22},{"not_picked":["Concentrate","Slice+1"],"picked":"After Image","floor":24},{"not_picked":["Outmaneuver","Quick Slash","Cloak And Dagger"],"picked":"SKIP","floor":30},{"not_picked":["Quick Slash","Setup"],"picked":"PiercingWail","floor":31},{"not_picked":["Glass Knife","Doppelganger"],"picked":"After Image+1","floor":33},{"not_picked":["Outmaneuver","Underhanded Strike+1"],"picked":"Footwork+1","floor":35},{"not_picked":["Backflip","Dagger Throw"],"picked":"Bouncing Flask+1","floor":36},{"not_picked":["Riddle With Holes","Underhanded Strike"],"picked":"Acrobatics","floor":37},{"not_picked":["Deadly Poison","Well Laid Plans+1"],"picked":"Escape Plan+1","floor":38},{"not_picked":["Terror","Dash"],"picked":"Catalyst+1","floor":40},{"not_picked":["Backstab","Bane+1","Distraction"],"picked":"SKIP","floor":42},{"not_picked":["Concentrate","Blade Dance","Underhanded Strike"],"picked":"SKIP","floor":47}],"player_experience":270353,"relics_obtained":[{"floor":3,"key":"Bag of Marbles"},{"floor":6,"key":"Matryoshka"},{"floor":9,"key":"The Courier"},{"floor":9,"key":"Anchor"},{"floor":10,"key":"Vajra"},{"floor":24,"key":"Frozen Egg 2"},{"floor":26,"key":"Bag of Preparation"},{"floor":26,"key":"Art of War"},{"floor":31,"key":"Gambling Chip"},{"floor":40,"key":"Gremlin Horn"},{"floor":42,"key":"Juzu Bracelet"},{"floor":47,"key":"Pen Nib"}],"event_choices":[{"damage_healed":0,"gold_gain":0,"player_choice":"Left Gold","damage_taken":0,"max_hp_gain":0,"max_hp_loss":0,"event_name":"World of Goop","floor":11,"gold_loss":25},{"damage_healed":0,"gold_gain":99,"player_choice":"Stole From Cult","damage_taken":0,"max_hp_gain":0,"max_hp_loss":0,"event_name":"Nest","floor":25,"gold_loss":0},{"damage_healed":0,"gold_gain":0,"player_choice":"Ignored","damage_taken":0,"max_hp_gain":0,"max_hp_loss":0,"event_name":"Beggar","floor":29,"gold_loss":0},{"cards_removed":["Strike_G"],"damage_healed":0,"gold_gain":0,"player_choice":"Removed Attack","damage_taken":0,"max_hp_gain":0,"max_hp_loss":0,"event_name":"Falling","floor":44,"gold_loss":0},{"damage_healed":0,"gold_gain":0,"player_choice":"Ignored","damage_taken":0,"max_hp_gain":0,"max_hp_loss":0,"event_name":"Mysterious Sphere","floor":48,"gold_loss":0}],"is_beta":false,"boss_relics":[{"not_picked":["Calling Bell","Tiny House"],"picked":"Ectoplasm"},{"not_picked":["Coffee Dripper","Orrery"],"picked":"Sozu"}],"items_purged_floors":[],"is_endless":false,"potions_floor_spawned":[4,8,12,14,16,18,24,30,36,37,40],"killed_by":"Awakened One","ascension_level":8}