{"gold_per_floor":[110,122,141,26,46,46,58,58,81,104,104,29,43,62,62,139,189,199,212,31,51,61,61,61],"floor_reached":24,"playtime":1401,"items_purged":["Strike_G","Strike_G"],"score":384,"play_id":"3f22d4b1-1ea4-4f25-890c-d281e25e0a71","local_time":"20190629123215","is_ascension_mode":true,"campfire_choices":[{"data":"Bouncing Flask","floor":6.0,"key":"SMITH"},{"data":"Deadly Poison","floor":15.0,"key":"SMITH"},{"data":"Neutralize","floor":23.0,"key":"SMITH"}],"neow_cost":"NONE","seed_source_timestamp":832170570997700,"circlet_count":0,"master_deck":["AscendersBane","Defend_G","Defend_G+1","Defend_G","Defend_G","Defend_G","Strike_G","Strike_G","Strike_G","Survivor","Neutralize+1","Dagger Spray","Well Laid Plans","Deadly Poison+1","Bouncing Flask+1","Well Laid Plans","Backstab","PiercingWail","Bane","Blur","Grand Finale","Escape Plan","Well Laid Plans","Quick Slash","Dagger Throw"],"special_seed":0,"relics":["Ring of the Snake","Vajra","Odd Mushroom","Tiny House"],"potions_floor_usage":[],"damage_taken":[{"damage":4.0,"enemies":"Small Slimes","floor":1.0,"turns":3.0},{"damage":0.0,"enemies":"Cultist","floor":2.0,"turns":4.0},{"damage":0.0,"enemies":"Jaw Worm","floor":3.0,"turns":4.0},{"damage":31.0,"enemies":"Exordium Wildlife","floor":5.0,"turns":4.0},{"damage":7.0,"enemies":"Large Slime","floor":7.0,"turns":6.0},{"damage":19.0,"enemies":"The Mushroom Lair","floor":10.0,"turns":4.0},{"damage":7.0,"enemies":"Lots of Slimes","floor":13.0,"turns":3.0},{"damage":4.0,"enemies":"Exordium Wildlife","floor":14.0,"turns":3.0},{"damage":21.0,"enemies":"The Guardian","floor":16.0,"turns":9.0},{"damage":4.0,"enemies":"Chosen","floor":18.0,"turns":3.0},{"damage":9.0,"enemies":"3 Byrds","floor":19.0,"turns":5.0},{"damage":3.0,"enemies":"3 Cultists","floor":21.0,"turns":4.0},{"damage":36.0,"enemies":"Centurion and Healer","floor":22.0,"turns":7.0},{"damage":34,"enemies":"Chosen and Byrds","floor":24,"turns":4}],"seed_played":"8685783790658427778","potions_obtained":[{"floor":1.0,"key":"Energy Potion"},{"floor":3.0,"key":"SpeedPotion"},{"floor":14.0,"key":"Energy Potion"},{"floor":16.0,"key":"Poison Potion"},{"floor":19.0,"key":"Weak Potion"}],"is_trial":false,"path_per_floor":["M","M","M","$","M","R","M","?","T","?","?","$","M","M","R","B",null,"M","M","$","M","M","R","M"],"character_chosen":"THE_SILENT","items_purchased":["Bouncing Flask","Well Laid Plans","Regen Potion"],"campfire_rested":0,"item_purchase_floors":[4,4,20],"current_hp_per_floor":[61,61,61,61,30,30,23,23,23,4,72,72,65,61,61,40,69,65,56,56,65,29,29,0],"gold":61,"neow_bonus":"TEN_PERCENT_HP_BONUS","is_prod":false,"is_daily":false,"chose_seed":false,"campfire_upgraded":3,"win_rate":0,"timestamp":1561779135,"path_taken":["M","M","M","$","M","R","M","?","T","?","?","$","M","?","R","BOSS","M","M","$","M","M","R","M"],"build_version":"2019-01-23","purchased_purges":2,"victory":false,"max_hp_per_floor":[72,72,72,72,72,72,72,72,72,72,72,72,72,72,72,72,77,77,77,77,77,77,77,77],"card_choices":[{"not_picked":["Catalyst","Eviscerate"],"picked":"Dagger Spray","floor":1.0},{"not_picked":["Acrobatics","Riddle With Holes"],"picked":"Well Laid Plans","floor":2.0},{"not_picked":["PiercingWail","Caltrops"],"picked":"Deadly Poison","floor":3.0},{"not_picked":["Bane","Tools of the Trade"],"picked":"Backstab","floor":5.0},{"not_picked":["Prepared","Slice"],"picked":"Masterful Stab","floor":7.0},{"not_picked":["All Out Attack","Flying Knee"],"picked":"PiercingWail","floor":10.0},{"not_picked":["Deflect","All Out Attack"],"picked":"Bane","floor":13.0},{"not_picked":["Flying Knee","Deflect"],"picked":"Blur","floor":14.0},{"not_picked":["Tools of the Trade","Bullet Time"],"picked":"Grand Finale","floor":16.0},{"not_picked":["Quick Slash","Backflip"],"picked":"Escape Plan","floor":17.0},{"not_picked":["Heel Hook","Choke"],"picked":"Well Laid Plans","floor":18.0},{"not_picked":["Skewer+1","Choke"],"picked":"Quick Slash","floor":19.0},{"not_picked":["Dagger Spray","Masterful Stab"],"picked":"Dagger Throw","floor":21.0},{"not_picked":["Dagger Spray+1","Poisoned Stab","Blade Dance+1"],"picked":"SKIP","floor":22.0}],"player_experience":1048827,"relics_obtained":[{"floor":9.0,"key":"Vajra"},{"floor":10.0,"key":"Odd Mushroom"}],"event_choices":[{"damage_healed":0.0,"max_hp_gain":0.0,"max_hp_loss":0.0,"gold_gain":0.0,"event_name":"Scrap Ooze","player_choice":"Fled","floor":8.0,"gold_loss":0.0,"damage_taken":0.0},{"damage_healed":0.0,"max_hp_gain":0.0,"max_hp_loss":0.0,"gold_gain":0.0,"event_name":"Mushrooms","player_choice":"Fought Mushrooms","floor":10.0,"gold_loss":0.0,"damage_taken":0.0},{"cards_removed":["Masterful Stab"],"damage_healed":68.0,"max_hp_gain":0.0,"max_hp_loss":0.0,"gold_gain":0.0,"event_name":"Bonfire Elementals","player_choice":"Offered Uncommon","floor":11.0,"gold_loss":0.0,"damage_taken":0.0}],"is_beta":false,"boss_relics":[{"not_picked":["WristBlade","Philosopher\u0027s Stone"],"picked":"Tiny House"}],"items_purged_floors":[12,20],"is_endless":false,"potions_floor_spawned":[1,3,14,16,19],"killed_by":"Chosen and Byrds","ascension_level":20}