{"gold_per_floor":[109,122,135,135,148,175,195,195,219,229,179,206,206,222,222,323,323,335,335,351,368,378,378,410,410,433,447,481,13,13,13,13,117,117,136,136,100,113,125,150,150,182,231,231,244,279,293,304,304,304,304,304,20,55,55],"floor_reached":55,"playtime":2426,"items_purged":["Defend_B"],"score":998,"play_id":"83806ae6-f98b-46c6-bc6d-559610dbbee8","local_time":"20190519153210","is_ascension_mode":true,"campfire_choices":[{"data":"Defragment","floor":8,"key":"SMITH"},{"floor":15,"key":"REST"},{"data":"Creative AI","floor":23,"key":"SMITH"},{"data":"Defragment","floor":30,"key":"SMITH"},{"floor":32,"key":"REST"},{"data":"Blizzard","floor":41,"key":"SMITH"},{"floor":44,"key":"RECALL"},{"data":"Fission","floor":49,"key":"SMITH"},{"data":"Defragment","floor":52,"key":"SMITH"}],"neow_cost":"NONE","seed_source_timestamp":151665859736600,"circlet_count":0,"master_deck":["Defend_B","Defend_B","Defend_B","Zap","Dualcast","Beam Cell","Gash","Defragment+1","Coolheaded","Rebound","Electrodynamics+1","Ball Lightning+1","Steam","Loop+1","Creative AI+1","Glacier","Steam","Cold Snap","Undo","Defragment+1","Compile Driver+1","Defragment+1","Blizzard+1","Fission+1","Steam+1","Self Repair","Barrage+1","Doom and Gloom+1","Fusion+1","Defragment+1","Glacier+1","Loop+1"],"relics":["Cracked Core","Orichalcum","Bag of Preparation","Oddly Smooth Stone","Nuclear Battery","Anchor","Pen Nib","Strawberry","OrangePellets","DataDisk","Philosopher\u0027s Stone","Regal Pillow","Boot","Dream Catcher","Runic Capacitor","Vajra"],"potions_floor_usage":[6,24,45,46,55,55],"damage_taken":[{"damage":2,"enemies":"Jaw Worm","floor":1,"turns":3},{"damage":2,"enemies":"2 Louse","floor":2,"turns":4},{"damage":0,"enemies":"Small Slimes","floor":3,"turns":3},{"damage":5,"enemies":"Blue Slaver","floor":5,"turns":3},{"damage":25,"enemies":"Gremlin Nob","floor":6,"turns":4},{"damage":0,"enemies":"Lots of Slimes","floor":7,"turns":1},{"damage":6,"enemies":"Exordium Wildlife","floor":10,"turns":2},{"damage":21,"enemies":"Lagavulin","floor":12,"turns":5},{"damage":0,"enemies":"Exordium Thugs","floor":14,"turns":3},{"damage":0,"enemies":"Slime Boss","floor":16,"turns":6},{"damage":0,"enemies":"3 Byrds","floor":18,"turns":2},{"damage":6,"enemies":"Chosen","floor":20,"turns":4},{"damage":8,"enemies":"Shelled Parasite and Fungi","floor":21,"turns":6},{"damage":17,"enemies":"Snake Plant","floor":22,"turns":6},{"damage":23,"enemies":"Gremlin Leader","floor":24,"turns":5},{"damage":0,"enemies":"Centurion and Healer","floor":27,"turns":5},{"damage":6,"enemies":"Book of Stabbing","floor":28,"turns":7},{"damage":12,"enemies":"Champ","floor":33,"turns":9},{"damage":0,"enemies":"3 Darklings","floor":35,"turns":4},{"damage":0,"enemies":"Orb Walker","floor":38,"turns":4},{"damage":2,"enemies":"4 Shapes","floor":39,"turns":3},{"damage":31,"enemies":"Giant Head","floor":40,"turns":12},{"damage":8,"enemies":"Nemesis","floor":42,"turns":7},{"damage":0,"enemies":"Transient","floor":45,"turns":5},{"damage":19,"enemies":"Reptomancer","floor":46,"turns":6},{"damage":0,"enemies":"Jaw Worm Horde","floor":47,"turns":2},{"damage":13,"enemies":"Spire Growth","floor":48,"turns":4},{"damage":22,"enemies":"Time Eater","floor":50,"turns":13},{"damage":14,"enemies":"Shield and Spear","floor":54,"turns":5},{"damage":101,"enemies":"The Heart","floor":55,"turns":6}],"seed_played":"4497862471244390821","potions_obtained":[{"floor":2,"key":"LiquidBronze"},{"floor":3,"key":"Strength Potion"},{"floor":5,"key":"Swift Potion"},{"floor":6,"key":"PowerPotion"},{"floor":18,"key":"Fire Potion"},{"floor":27,"key":"Fire Potion"},{"floor":47,"key":"FearPotion"}],"is_trial":false,"path_per_floor":["M","M","M","?","M","E","M","R","T","M","?","E","?","M","R","B",null,"M","?","M","M","M","R","E","?","T","M","E","$","R","$","R","B",null,"M","?","$","M","M","E","R","E","T","R","M","E","M","M","R","B",null,"R","$","E","B"],"character_chosen":"DEFECT","items_purchased":["Defragment","OrangePellets","DataDisk","Blizzard","Self Repair","Runic Capacitor"],"campfire_rested":2,"item_purchase_floors":[29,29,29,29,37,53],"current_hp_per_floor":[73,71,71,76,71,46,46,46,46,40,40,19,3,3,27,27,80,80,80,74,66,49,49,26,26,26,26,27,27,27,27,53,41,87,87,87,87,87,87,63,63,62,62,62,69,57,57,44,44,29,87,87,87,80,0],"gold":55,"neow_bonus":"TRANSFORM_CARD","is_prod":false,"is_daily":false,"chose_seed":false,"campfire_upgraded":6,"win_rate":0,"timestamp":1558294330,"path_taken":["M","M","M","?","M","E","M","R","T","M","?","E","?","M","R","BOSS","M","?","M","?","M","R","E","?","T","?","E","$","R","?","R","BOSS","M","?","$","M","M","E","R","E","T","R","M","E","M","?","R","BOSS","R","$","E","BOSS"],"build_version":"2019-01-23","purchased_purges":1,"victory":false,"max_hp_per_floor":[75,75,75,80,80,80,80,80,80,80,80,80,80,80,80,80,80,80,80,80,80,80,80,80,80,80,80,87,87,87,87,87,87,87,87,87,87,87,87,87,87,87,87,87,87,87,87,87,87,87,87,87,87,87,87],"card_choices":[{"not_picked":["Hologram","Rebound"],"picked":"Gash","floor":1},{"not_picked":["Tempest","Recycle"],"picked":"Defragment","floor":2},{"not_picked":["Chaos","Go for the Eyes"],"picked":"Coolheaded","floor":3},{"not_picked":["Barrage","Reinforced Body"],"picked":"Rebound","floor":5},{"not_picked":["Ball Lightning","Sweeping Beam"],"picked":"Electrodynamics","floor":6},{"not_picked":["Undo","Melter"],"picked":"Ball Lightning","floor":7},{"not_picked":["Recycle","Chaos"],"picked":"Steam","floor":10},{"not_picked":["Leap","Steam"],"picked":"Loop","floor":12},{"not_picked":["Recycle","Reprogram","Auto Shields"],"picked":"SKIP","floor":14},{"not_picked":["Seek","Amplify"],"picked":"Creative AI","floor":16},{"not_picked":["Double Energy","Self Repair"],"picked":"Glacier","floor":18},{"not_picked":["Go for the Eyes","Beam Cell"],"picked":"Steam","floor":20},{"not_picked":["Heatsinks","Turbo"],"picked":"Cold Snap","floor":21},{"not_picked":["Darkness","Chill"],"picked":"Undo","floor":22},{"not_picked":["Stack","Sweeping Beam"],"picked":"Defragment+1","floor":24},{"not_picked":["Sweeping Beam","Rip and Tear+1"],"picked":"Compile Driver+1","floor":27},{"not_picked":["Steam Power","Coolheaded","Cold Snap+1"],"picked":"SKIP","floor":28},{"not_picked":["Seek","Hyperbeam"],"picked":"Fission","floor":33},{"not_picked":["Rip and Tear+1","Streamline+1"],"picked":"Steam+1","floor":35},{"not_picked":["Hello World","Ball Lightning+1"],"picked":"Barrage+1","floor":38},{"not_picked":["Hyperbeam","Skim","Steam+1"],"picked":"SKIP","floor":39},{"not_picked":["Beam Cell","Blizzard"],"picked":"Doom and Gloom+1","floor":40},{"not_picked":["Scrape","Auto Shields+1","Doom and Gloom+1"],"picked":"SKIP","floor":42},{"not_picked":["Redo","Storm+1"],"picked":"Fusion+1","floor":45},{"not_picked":["Steam+1","Hello World+1","Compile Driver"],"picked":"SKIP","floor":46},{"not_picked":["Steam","FTL+1"],"picked":"Defragment","floor":47},{"not_picked":["Double Energy+1","Compile Driver"],"picked":"Glacier+1","floor":48},{"not_picked":["Hyperbeam","Hello World"],"picked":"Loop+1","floor":54}],"player_experience":229309,"relics_obtained":[{"floor":6,"key":"Orichalcum"},{"floor":9,"key":"Bag of Preparation"},{"floor":12,"key":"Oddly Smooth Stone"},{"floor":24,"key":"Anchor"},{"floor":26,"key":"Pen Nib"},{"floor":28,"key":"Strawberry"},{"floor":40,"key":"Regal Pillow"},{"floor":42,"key":"Boot"},{"floor":46,"key":"Dream Catcher"},{"floor":54,"key":"Vajra"}],"event_choices":[{"damage_healed":0,"gold_gain":0,"player_choice":"Donut","damage_taken":0,"max_hp_gain":5,"max_hp_loss":0,"event_name":"Big Fish","floor":4,"gold_loss":0},{"cards_removed":["Strike_B"],"damage_healed":0,"gold_gain":0,"player_choice":"Card Removal","damage_taken":0,"max_hp_gain":0,"max_hp_loss":0,"event_name":"The Cleric","floor":11,"gold_loss":50},{"damage_healed":0,"gold_gain":0,"player_choice":"Entered Light","damage_taken":16,"max_hp_gain":0,"max_hp_loss":0,"event_name":"Shining Light","floor":13,"gold_loss":0,"cards_upgraded":["Electrodynamics","Ball Lightning"]},{"damage_healed":0,"gold_gain":0,"player_choice":"Forge","damage_taken":0,"max_hp_gain":0,"max_hp_loss":0,"event_name":"Accursed Blacksmith","floor":19,"gold_loss":0,"cards_upgraded":["Loop"]},{"cards_removed":["Strike_B"],"damage_healed":0,"gold_gain":0,"player_choice":"Purged","damage_taken":0,"max_hp_gain":0,"max_hp_loss":0,"event_name":"Purifier","floor":25,"gold_loss":0},{"cards_removed":["Strike_B"],"damage_healed":0,"gold_gain":0,"player_choice":"Offered Basic","damage_taken":0,"max_hp_gain":0,"max_hp_loss":0,"event_name":"Bonfire Elementals","floor":36,"gold_loss":0}],"is_beta":false,"boss_relics":[{"not_picked":["Coffee Dripper","White Beast Statue"],"picked":"Nuclear Battery"},{"not_picked":["Astrolabe","Eternal Feather"],"picked":"Philosopher\u0027s Stone"}],"items_purged_floors":[53],"is_endless":false,"potions_floor_spawned":[2,3,5,6,14,18,27,28,33,35,39,40,42,47],"killed_by":"The Heart","ascension_level":4}