{"gold_per_floor":[14,14,14,39,52,52,88,13,13,51,51,75,75,99,99,230,230,250,349,60,85,104,118,41,41,64,108,108],"floor_reached":28,"playtime":1370,"items_purged":["Strike_B"],"score":285,"play_id":"ac90e04e-70d1-4871-b0ad-9d4d5fc44050","local_time":"20181028113415","is_ascension_mode":true,"campfire_choices":[{"data":"Zap","floor":6,"key":"SMITH"},{"data":"Echo Form","floor":13,"key":"SMITH"},{"data":"Dualcast","floor":15,"key":"SMITH"},{"data":"Redo","floor":25,"key":"SMITH"}],"neow_cost":"NO_GOLD","seed_source_timestamp":1557386779669825,"circlet_count":0,"master_deck":["Strike_B","Strike_B","Defend_B","Defend_B","Defend_B","Zap+1","Dualcast+1","Cold Snap","FTL","Coolheaded","Redo+1","Reinforced Body","Ball Lightning+1","Conserve Battery","Echo Form+1","All For One+1","White Noise","BootSequence","Capacitor+1","Loop","Self Repair","Cold Snap+1"],"relics":["Cracked Core","Golden Idol","Molten Egg 2","Meat on the Bone","Centennial Puzzle","White Beast Statue","Pear","Dream Catcher","Blue Candle"],"potions_floor_usage":[27,27,27,28],"damage_taken":[{"damage":10,"enemies":"Small Slimes","floor":1,"turns":2},{"damage":2,"enemies":"Jaw Worm","floor":4,"turns":3},{"damage":0,"enemies":"Cultist","floor":5,"turns":3},{"damage":8,"enemies":"Lagavulin","floor":7,"turns":7},{"damage":9,"enemies":"3 Sentries","floor":10,"turns":8},{"damage":3,"enemies":"Exordium Wildlife","floor":12,"turns":3},{"damage":1,"enemies":"Looter","floor":14,"turns":2},{"damage":4,"enemies":"Slime Boss","floor":16,"turns":8},{"damage":10,"enemies":"Shell Parasite","floor":18,"turns":4},{"damage":10,"enemies":"Chosen","floor":21,"turns":3},{"damage":6,"enemies":"Shelled Parasite and Fungi","floor":22,"turns":5},{"damage":9,"enemies":"Centurion and Healer","floor":23,"turns":6},{"damage":44,"enemies":"Book of Stabbing","floor":27,"turns":7},{"damage":30,"enemies":"Sentry and Sphere","floor":28,"turns":5}],"seed_played":"-1948152998201288940","potions_obtained":[{"floor":5,"key":"Dexterity Potion"},{"floor":10,"key":"Swift Potion"},{"floor":12,"key":"Dexterity Potion"},{"floor":18,"key":"Fire Potion"},{"floor":27,"key":"Ancient Potion"}],"is_trial":false,"path_per_floor":["M","?","?","M","M","R","E","$","T","E","?","M","R","M","R","B",null,"M","?","$","M","M","M","$","R","T","E"],"character_chosen":"DEFECT","items_purchased":["Pear","White Noise","Self Repair"],"campfire_rested":0,"item_purchase_floors":[20,20,24],"current_hp_per_floor":[65,65,47,45,45,45,37,37,37,40,45,42,42,41,41,49,80,70,70,80,70,64,55,55,55,55,23,0],"gold":108,"neow_bonus":"TRANSFORM_TWO_CARDS","is_prod":false,"is_daily":false,"chose_seed":false,"campfire_upgraded":4,"win_rate":0,"timestamp":1540740855,"path_taken":["M","?","?","?","M","R","E","$","T","E","?","?","R","M","R","BOSS","M","?","$","M","M","?","?","R","T","E","M"],"build_version":"2018-10-25v2","purchased_purges":1,"victory":false,"max_hp_per_floor":[75,75,75,75,75,75,75,75,75,75,80,80,80,80,80,80,80,80,80,90,90,90,90,90,90,90,90,90],"card_choices":[{"not_picked":["Gash","Compile Driver"],"picked":"Coolheaded","floor":1},{"not_picked":["Gash","FTL"],"picked":"Redo","floor":4},{"not_picked":["BootSequence","Streamline"],"picked":"Reinforced Body","floor":5},{"not_picked":["Chaos","Compile Driver"],"picked":"Ball Lightning","floor":7},{"not_picked":["Consume","Turbo"],"picked":"Conserve Battery","floor":10},{"not_picked":["Leap","Doom and Gloom+1"],"picked":"Echo Form","floor":12},{"not_picked":["Gash+1","Redo","BootSequence"],"picked":"SKIP","floor":14},{"not_picked":["Machine Learning","Reboot"],"picked":"All For One+1","floor":16},{"not_picked":["FTL+1","Go for the Eyes+1","Auto Shields"],"picked":"SKIP","floor":18},{"not_picked":["Gash+1","Barrage+1"],"picked":"BootSequence","floor":21},{"not_picked":["Gash+1","Storm"],"picked":"Capacitor+1","floor":22},{"not_picked":["Redo","Turbo+1"],"picked":"Loop","floor":23},{"not_picked":["Sweeping Beam+1","Reinforced Body"],"picked":"Cold Snap+1","floor":27}],"player_experience":109358,"relics_obtained":[{"floor":7,"key":"Molten Egg 2"},{"floor":9,"key":"Meat on the Bone"},{"floor":10,"key":"Centennial Puzzle"},{"floor":26,"key":"Dream Catcher"},{"floor":27,"key":"Blue Candle"}],"event_choices":[{"damage_healed":0,"gold_gain":0,"player_choice":"Leave","damage_taken":0,"max_hp_gain":0,"max_hp_loss":0,"event_name":"The Cleric","floor":2,"gold_loss":0},{"damage_healed":0,"gold_gain":0,"player_choice":"Take Damage","damage_taken":18,"relics_obtained":["Golden Idol"],"max_hp_gain":0,"max_hp_loss":0,"event_name":"Golden Idol","floor":3,"gold_loss":0},{"damage_healed":0,"gold_gain":0,"player_choice":"Donut","damage_taken":0,"max_hp_gain":5,"max_hp_loss":0,"event_name":"Big Fish","floor":11,"gold_loss":0},{"damage_healed":0,"gold_gain":99,"player_choice":"Stole From Cult","damage_taken":0,"max_hp_gain":0,"max_hp_loss":0,"event_name":"Nest","floor":19,"gold_loss":0}],"is_beta":false,"boss_relics":[{"not_picked":["Runic Dome","Runic Pyramid"],"picked":"White Beast Statue"}],"items_purged_floors":[8],"is_endless":false,"potions_floor_spawned":[5,10,12,16,18,21,22,23,27],"killed_by":"Sentry and Sphere","ascension_level":1}