{"gold_per_floor":[117,117,117,117,42,42,85,85,109,124,137,37,52,93,93,219,219,238,238,337,351,375,375,394,394,418,437,457,457,500,519,519,650,650,666,687,687,687,687,687,723,723,723,723],"floor_reached":44,"playtime":2286,"items_purged":["Strike_B","Strike_B"],"score":491,"play_id":"89f6ea01-c6f9-4cf6-86e3-64a4497a2f49","local_time":"20181025224421","is_ascension_mode":false,"campfire_choices":[{"data":"Reinforced Body","floor":6,"key":"SMITH"},{"data":"Doom and Gloom","floor":8,"key":"SMITH"},{"data":"Capacitor","floor":15,"key":"SMITH"},{"data":"Redo","floor":23,"key":"SMITH"},{"data":"Buffer","floor":25,"key":"SMITH"},{"floor":29,"key":"REST"},{"floor":32,"key":"REST"},{"data":"Creative AI","floor":40,"key":"SMITH"},{"data":"Echo Form","floor":42,"key":"SMITH"}],"neow_cost":"NONE","seed_source_timestamp":1337473675645838,"circlet_count":0,"master_deck":["Strike_B","Defend_B","Defend_B+1","Defend_B","Zap+1","Dualcast+1","Reinforced Body+1","Doom and Gloom+1","Redo+1","Steam+1","Capacitor+1","Buffer+1","Auto Shields+1","Coolheaded+1","Tempest+1","Barrage","Darkness+1","Machine Learning","Creative AI+1","Electrodynamics","Cold Snap","Echo Form+1"],"relics":["Cracked Core","NeowsBlessing","Golden Idol","Gambling Chip","Dream Catcher","Toxic Egg 2","Sozu","Potion Belt","War Paint","Black Star","Bird Faced Urn","Nunchaku","WingedGreaves"],"potions_floor_usage":[16,22],"damage_taken":[{"damage":0,"enemies":"Jaw Worm","floor":1,"turns":1},{"damage":0,"enemies":"3 Sentries","floor":7,"turns":1},{"damage":0,"enemies":"2 Louse","floor":10,"turns":1},{"damage":0,"enemies":"Small Slimes","floor":11,"turns":1},{"damage":0,"enemies":"2 Fungi Beasts","floor":13,"turns":2},{"damage":10,"enemies":"Gremlin Nob","floor":14,"turns":3},{"damage":15,"enemies":"Hexaghost","floor":16,"turns":8},{"damage":8,"enemies":"Shell Parasite","floor":18,"turns":6},{"damage":25,"enemies":"2 Thieves","floor":21,"turns":5},{"damage":22,"enemies":"Sentry and Sphere","floor":22,"turns":8},{"damage":0,"enemies":"3 Cultists","floor":24,"turns":5},{"damage":7,"enemies":"Snake Plant","floor":27,"turns":3},{"damage":1,"enemies":"Sentry and Sphere","floor":28,"turns":8},{"damage":33,"enemies":"Book of Stabbing","floor":30,"turns":7},{"damage":9,"enemies":"Centurion and Healer","floor":31,"turns":5},{"damage":24,"enemies":"Collector","floor":33,"turns":8},{"damage":8,"enemies":"3 Shapes","floor":35,"turns":3},{"damage":10,"enemies":"3 Darklings","floor":36,"turns":3},{"damage":6,"enemies":"Nemesis","floor":41,"turns":11},{"damage":75,"enemies":"Reptomancer","floor":44,"turns":3}],"seed_played":"1668021966460387341","potions_obtained":[{"floor":1,"key":"Regen Potion"},{"floor":7,"key":"Strength Potion"},{"floor":11,"key":"Poison Potion"}],"is_trial":false,"path_per_floor":["M","?","?","?","$","R","E","R","T","M","M","$","M","E","R","B",null,"M","?","?","M","M","R","M","R","T","M","M","R","E","M","R","B",null,"M","M","?","?","?","R","E","R","T"],"character_chosen":"DEFECT","items_purchased":[],"campfire_rested":2,"item_purchase_floors":[],"current_hp_per_floor":[75,57,57,57,57,57,57,57,57,57,57,57,57,47,47,32,75,67,67,67,42,35,35,35,35,35,28,27,49,16,7,29,5,75,67,57,57,57,66,66,60,60,60,0],"gold":723,"neow_bonus":"THREE_ENEMY_KILL","is_prod":false,"is_daily":false,"chose_seed":false,"campfire_upgraded":7,"win_rate":0.0,"timestamp":1540521861,"path_taken":["M","?","?","?","$","R","E","R","T","M","M","$","M","E","R","BOSS","M","?","?","M","M","R","M","R","T","M","M","R","E","?","R","BOSS","M","M","?","?","?","R","E","R","T","E"],"build_version":"2018-10-25","purchased_purges":2,"victory":false,"max_hp_per_floor":[75,75,75,75,75,75,75,75,75,75,75,75,75,75,75,75,75,75,75,75,75,75,75,75,75,75,75,75,75,75,75,75,75,75,75,75,75,75,66,66,66,66,66,66],"card_choices":[{"not_picked":["Turbo","Sweeping Beam"],"picked":"Reinforced Body","floor":1},{"not_picked":["Steam","Reprogram"],"picked":"Doom and Gloom","floor":7},{"not_picked":["Hologram","Go for the Eyes"],"picked":"Redo","floor":10},{"not_picked":["Steam Power","Go for the Eyes","Consume"],"picked":"SKIP","floor":11},{"not_picked":["Rebound","Go for the Eyes"],"picked":"Steam","floor":13},{"not_picked":["Streamline","Auto Shields"],"picked":"Capacitor","floor":14},{"not_picked":["Reboot+1","Thunder Strike"],"picked":"Buffer","floor":16},{"not_picked":["Steam Power+1","Conserve Battery+1"],"picked":"Auto Shields+1","floor":18},{"not_picked":["Streamline","Gash"],"picked":"Coolheaded+1","floor":21},{"not_picked":["Hello World","Leap+1","Streamline"],"picked":"SKIP","floor":22},{"not_picked":["Ball Lightning","Heatsinks"],"picked":"Tempest+1","floor":24},{"not_picked":["Beam Cell","Lockon"],"picked":"Barrage","floor":27},{"not_picked":["Conserve Battery+1","Turbo+1"],"picked":"Darkness+1","floor":28},{"not_picked":["Seek+1","Turbo+1"],"picked":"Machine Learning","floor":30},{"not_picked":["Gash","Leap+1","Coolheaded+1"],"picked":"SKIP","floor":31},{"not_picked":["Heatsinks","Conserve Battery+1"],"picked":"Creative AI","floor":32},{"not_picked":["Hyperbeam","Thunder Strike"],"picked":"Electrodynamics","floor":33},{"not_picked":["Conserve Battery+1","Stack+1","Rebound"],"picked":"SKIP","floor":35},{"not_picked":["Gash+1","Rip and Tear"],"picked":"Cold Snap","floor":36},{"not_picked":["Cold Snap","Static Discharge+1"],"picked":"Echo Form","floor":41}],"player_experience":85476,"relics_obtained":[{"floor":7,"key":"Gambling Chip"},{"floor":9,"key":"Dream Catcher"},{"floor":14,"key":"Toxic Egg 2"},{"floor":26,"key":"Potion Belt"},{"floor":30,"key":"War Paint"},{"floor":41,"key":"Bird Faced Urn"},{"floor":41,"key":"Nunchaku"},{"floor":43,"key":"WingedGreaves"}],"event_choices":[{"damage_healed":0,"gold_gain":0,"player_choice":"Take Damage","damage_taken":18,"relics_obtained":["Golden Idol"],"max_hp_gain":0,"max_hp_loss":0,"event_name":"Golden Idol","floor":2,"gold_loss":0},{"damage_healed":0,"gold_gain":0,"player_choice":"Forge","damage_taken":0,"max_hp_gain":0,"max_hp_loss":0,"event_name":"Accursed Blacksmith","floor":3,"gold_loss":0,"cards_upgraded":["Zap"]},{"damage_healed":0,"gold_gain":0,"player_choice":"Grow","damage_taken":0,"max_hp_gain":0,"max_hp_loss":0,"event_name":"Living Wall","floor":4,"gold_loss":0,"cards_upgraded":["Dualcast"]},{"damage_healed":0,"gold_gain":0,"player_choice":"Ignored","damage_taken":0,"max_hp_gain":0,"max_hp_loss":0,"event_name":"Ghosts","floor":19,"gold_loss":0},{"damage_healed":0,"gold_gain":99,"player_choice":"Stole From Cult","damage_taken":0,"max_hp_gain":0,"max_hp_loss":0,"event_name":"Nest","floor":20,"gold_loss":0},{"cards_removed":["Defend_B"],"damage_healed":0,"gold_gain":0,"player_choice":"Offered Basic","damage_taken":0,"max_hp_gain":0,"max_hp_loss":0,"event_name":"Bonfire Elementals","floor":37,"gold_loss":0},{"cards_removed":["Strike_B"],"damage_healed":0,"gold_gain":0,"player_choice":"Removed Attack","damage_taken":0,"max_hp_gain":0,"max_hp_loss":0,"event_name":"Falling","floor":38,"gold_loss":0},{"damage_healed":66,"gold_gain":0,"player_choice":"Heal","damage_taken":0,"max_hp_gain":0,"max_hp_loss":9,"event_name":"The Moai Head","floor":39,"gold_loss":0}],"is_beta":false,"boss_relics":[{"not_picked":["Runic Pyramid","Orrery"],"picked":"Sozu"},{"not_picked":["Tiny House","FrozenCore"],"picked":"Black Star"}],"items_purged_floors":[5,12],"is_endless":false,"potions_floor_spawned":[1,7,11,22,28,30,31,33,41],"killed_by":"Reptomancer","ascension_level":0}