{"gold_per_floor":[119,136,136,155,155,198,213,18,65,65],"floor_reached":10,"playtime":467,"items_purged":[],"score":82,"play_id":"eaf66f9c-626b-4af8-8d23-e19108d85917","local_time":"20190511221955","is_ascension_mode":true,"campfire_choices":[],"neow_cost":"NONE","seed_source_timestamp":672866443457900,"circlet_count":0,"master_deck":["Defend_G","Defend_G","Defend_G","Defend_G","Defend_G","Strike_G","Strike_G","Strike_G","Strike_G","Strike_G","Survivor","Neutralize","Footwork","PiercingWail","Regret","Skewer+1","Crippling Poison","Footwork","Backflip"],"relics":["Ring of the Snake","NeowsBlessing","Molten Egg 2","Golden Idol","Bronze Scales","Vajra","Pen Nib"],"potions_floor_usage":[6,6],"damage_taken":[{"damage":0,"enemies":"Cultist","floor":1,"turns":1},{"damage":0,"enemies":"Small Slimes","floor":2,"turns":1},{"damage":0,"enemies":"Jaw Worm","floor":4,"turns":1},{"damage":33,"enemies":"Gremlin Nob","floor":6,"turns":4},{"damage":14,"enemies":"Blue Slaver","floor":7,"turns":2},{"damage":8,"enemies":"3 Sentries","floor":10,"turns":4}],"seed_played":"1310941650164519382","potions_obtained":[{"floor":1,"key":"Strength Potion"},{"floor":4,"key":"Explosive Potion"}],"is_trial":false,"path_per_floor":["M","M","?","M","?","E","M","$","T","E"],"character_chosen":"THE_SILENT","items_purchased":["Backflip","Vajra"],"campfire_rested":0,"item_purchase_floors":[8,8],"current_hp_per_floor":[70,70,70,70,53,20,6,6,6,0],"gold":65,"neow_bonus":"THREE_ENEMY_KILL","is_prod":false,"is_daily":false,"chose_seed":false,"campfire_upgraded":0,"win_rate":0,"timestamp":1557609595,"path_taken":["M","M","?","M","?","E","M","$","T","E"],"build_version":"2019-01-23","purchased_purges":0,"victory":false,"max_hp_per_floor":[70,70,70,70,70,70,70,70,70,70],"card_choices":[{"not_picked":["Reflex","Finisher"],"picked":"Footwork","floor":1},{"not_picked":["Calculated Gamble","Catalyst"],"picked":"PiercingWail","floor":2},{"not_picked":["Deadly Poison","Finisher+1"],"picked":"Skewer+1","floor":4},{"not_picked":["Slice+1","Caltrops"],"picked":"Crippling Poison","floor":6},{"not_picked":["Riddle With Holes+1","Calculated Gamble"],"picked":"Footwork","floor":7}],"player_experience":677434,"relics_obtained":[{"floor":6,"key":"Bronze Scales"},{"floor":9,"key":"Pen Nib"}],"event_choices":[{"damage_healed":0,"gold_gain":0,"player_choice":"Box","damage_taken":0,"relics_obtained":["Molten Egg 2"],"max_hp_gain":0,"max_hp_loss":0,"event_name":"Big Fish","floor":3,"gold_loss":0,"cards_obtained":["Regret"]},{"damage_healed":0,"gold_gain":0,"player_choice":"Take Damage","damage_taken":17,"relics_obtained":["Golden Idol"],"max_hp_gain":0,"max_hp_loss":0,"event_name":"Golden Idol","floor":5,"gold_loss":0}],"is_beta":false,"boss_relics":[],"items_purged_floors":[],"is_endless":false,"potions_floor_spawned":[1,4],"killed_by":"3 Sentries","ascension_level":4}