{"gold_per_floor":[115,115,134,152,9,35,10,10,10,44,59,94,94,126,126,230,230,245,63,74,174,174,174,202,202,202,229,229,259,277,297,297,395,395,408,50,65,65,65,97,97,112,112,129,161,14,114,145,145,145],"floor_reached":51,"playtime":3794,"items_purged":[],"score":1033,"play_id":"90a3b0ca-72fe-46ba-af2e-e3486e052684","local_time":"20190622130939","is_ascension_mode":true,"campfire_choices":[{"floor":13,"key":"REST"},{"floor":15,"key":"REST"},{"data":"Fiend Fire","floor":23,"key":"SMITH"},{"floor":25,"key":"REST"},{"data":"Juggernaut","floor":32,"key":"SMITH"},{"floor":41,"key":"RECALL"},{"data":"Barricade","floor":49,"key":"SMITH"}],"neow_cost":"NONE","seed_source_timestamp":186655618846800,"circlet_count":0,"master_deck":["Defend_R","Defend_R","Defend_R","Defend_R","Bash","Armaments","Disarm","Cleave","Fiend Fire+1","Havoc","Corruption","Searing Blow","Wild Strike","Clothesline","Reaper","Battle Trance","Intimidate","Body Slam+1","Feel No Pain+1","Bite","Bite","Bite","Bite","Bite","Juggernaut+1","Havoc+1","Second Wind+1","Flex","Barricade+1","Ghostly Armor","Entrench+1","Feel No Pain+1","Iron Wave","Rampage","Havoc+1","Dual Wield","Power Through+1","Immolate"],"relics":["Burning Blood","WarpedTongs","Oddly Smooth Stone","Charon\u0027s Ashes","Turnip","Pen Nib","Kunai","Bronze Scales","Runic Pyramid","StoneCalendar","Gremlin Horn","Anchor","Vajra","Potion Belt","Torii","Coffee Dripper","Orichalcum","Toolbox","Meat on the Bone","Pantograph","Lantern","Ancient Tea Set","Calipers","Toxic Egg 2"],"potions_floor_usage":[6,14,24,33,40,45,47,48,50,50,50,50],"damage_taken":[{"damage":6,"enemies":"Jaw Worm","floor":1,"turns":5},{"damage":6,"enemies":"Cultist","floor":3,"turns":4},{"damage":3,"enemies":"2 Louse","floor":4,"turns":3},{"damage":25,"enemies":"Lagavulin","floor":6,"turns":6},{"damage":12,"enemies":"3 Sentries","floor":10,"turns":5},{"damage":24,"enemies":"Exordium Thugs","floor":11,"turns":4},{"damage":15,"enemies":"Lagavulin","floor":12,"turns":5},{"damage":20,"enemies":"3 Sentries","floor":14,"turns":4},{"damage":26,"enemies":"Slime Boss","floor":16,"turns":7},{"damage":4,"enemies":"Spheric Guardian","floor":18,"turns":4},{"damage":16,"enemies":"2 Thieves","floor":20,"turns":3},{"damage":29,"enemies":"Colosseum Slavers","floor":21,"turns":5},{"damage":11,"enemies":"Colosseum Nobs","floor":21,"turns":3},{"damage":16,"enemies":"Book of Stabbing","floor":24,"turns":5},{"damage":0,"enemies":"Gremlin Leader","floor":27,"turns":2},{"damage":20,"enemies":"Slavers","floor":29,"turns":3},{"damage":0,"enemies":"Cultist and Chosen","floor":30,"turns":4},{"damage":7,"enemies":"Snake Plant","floor":31,"turns":4},{"damage":30,"enemies":"Collector","floor":33,"turns":4},{"damage":0,"enemies":"Orb Walker","floor":35,"turns":4},{"damage":13,"enemies":"3 Darklings","floor":37,"turns":3},{"damage":1,"enemies":"Giant Head","floor":40,"turns":7},{"damage":32,"enemies":"Transient","floor":42,"turns":5},{"damage":2,"enemies":"4 Shapes","floor":44,"turns":2},{"damage":26,"enemies":"Reptomancer","floor":45,"turns":3},{"damage":4,"enemies":"Mind Bloom Boss Battle","floor":47,"turns":6},{"damage":1,"enemies":"Giant Head","floor":48,"turns":6},{"damage":29,"enemies":"Awakened One","floor":50,"turns":7}],"seed_played":"-533617496884554533","potions_obtained":[{"floor":3,"key":"Strength Potion"},{"floor":6,"key":"FearPotion"},{"floor":12,"key":"Block Potion"},{"floor":14,"key":"Energy Potion"},{"floor":21,"key":"LiquidBronze"},{"floor":24,"key":"Regen Potion"},{"floor":30,"key":"BloodPotion"},{"floor":33,"key":"FearPotion"},{"floor":42,"key":"SkillPotion"},{"floor":45,"key":"FearPotion"},{"floor":47,"key":"BloodPotion"},{"floor":48,"key":"PowerPotion"}],"is_trial":false,"path_per_floor":["M","?","M","M","$","E","$","?","T","E","M","E","R","E","R","B",null,"M","$","M","?","?","R","E","R","T","E","?","E","M","M","R","B",null,"M","$","M","$","?","E","R","M","T","M","E","$","?","E","R","B",null],"character_chosen":"IRONCLAD","items_purchased":["Oddly Smooth Stone","Havoc","Intimidate","Blood Vial","Orichalcum","Toolbox","Ancient Tea Set"],"campfire_rested":3,"item_purchase_floors":[5,7,19,19,36,36,46],"current_hp_per_floor":[88,88,88,88,88,69,69,69,69,63,45,36,62,48,74,54,88,88,88,78,62,62,62,56,82,82,88,88,78,87,88,88,79,88,88,88,88,88,88,88,88,63,63,88,68,68,88,88,88,88],"gold":145,"neow_bonus":"TEN_PERCENT_HP_BONUS","is_prod":false,"is_daily":false,"chose_seed":false,"campfire_upgraded":3,"win_rate":0,"timestamp":1561205379,"path_taken":["M","?","M","M","?","E","$","?","T","E","?","E","R","E","R","BOSS","M","$","M","?","?","R","E","R","T","E","?","E","M","M","R","BOSS","M","$","?","?","?","E","R","M","T","?","E","?","?","E","R","BOSS"],"build_version":"2019-01-23","purchased_purges":0,"victory":true,"max_hp_per_floor":[88,88,88,88,88,88,88,88,88,88,88,88,88,88,88,88,88,88,88,88,88,88,88,88,88,88,88,88,88,88,88,88,88,88,88,88,88,88,88,88,88,88,88,88,88,88,88,88,88,88],"card_choices":[{"not_picked":["Wild Strike","Body Slam"],"picked":"Armaments","floor":1},{"not_picked":["Sword Boomerang","Dropkick"],"picked":"Disarm","floor":3},{"not_picked":["Sword Boomerang","Pommel Strike"],"picked":"Cleave","floor":4},{"not_picked":["Armaments","Spot Weakness"],"picked":"Fiend Fire","floor":6},{"not_picked":["Whirlwind","Entrench"],"picked":"Corruption","floor":10},{"not_picked":["Wild Strike","Perfected Strike"],"picked":"Searing Blow","floor":11},{"not_picked":["Evolve","Hemokinesis"],"picked":"Wild Strike","floor":12},{"not_picked":["Combust","Fire Breathing"],"picked":"Clothesline","floor":14},{"not_picked":["Bludgeon","Double Tap"],"picked":"Reaper","floor":16},{"not_picked":["Pommel Strike","Perfected Strike"],"picked":"Battle Trance","floor":18},{"not_picked":["Reckless Charge","Pummel"],"picked":"Body Slam+1","floor":20},{"not_picked":["Armaments+1","Perfected Strike"],"picked":"Feel No Pain+1","floor":21},{"not_picked":["Uppercut","Dark Embrace"],"picked":"Burning Pact+1","floor":24},{"not_picked":["Reckless Charge","Searing Blow"],"picked":"Juggernaut","floor":27},{"not_picked":["Clothesline","Perfected Strike"],"picked":"Havoc+1","floor":29},{"not_picked":["Wild Strike+1","Warcry"],"picked":"Second Wind+1","floor":30},{"not_picked":["Heavy Blade","Rupture"],"picked":"Flex","floor":31},{"not_picked":["Offering","Double Tap"],"picked":"Barricade","floor":33},{"not_picked":["Heavy Blade","Corruption"],"picked":"Ghostly Armor","floor":35},{"not_picked":["Searing Blow+1","Clash+1"],"picked":"Entrench+1","floor":37},{"not_picked":["Pummel+1","Battle Trance+1"],"picked":"Iron Wave","floor":40},{"not_picked":["Disarm+1","Warcry"],"picked":"Rampage","floor":42},{"not_picked":["Shrug It Off","Clash"],"picked":"Havoc+1","floor":44},{"not_picked":["Clothesline+1","Shrug It Off"],"picked":"Dual Wield","floor":45},{"not_picked":["Warcry","Thunderclap"],"picked":"Power Through+1","floor":47},{"not_picked":["Clothesline","Perfected Strike"],"picked":"Immolate","floor":48}],"player_experience":823505,"relics_obtained":[{"floor":6,"key":"Charon\u0027s Ashes"},{"floor":9,"key":"Turnip"},{"floor":10,"key":"Pen Nib"},{"floor":12,"key":"Kunai"},{"floor":14,"key":"Bronze Scales"},{"floor":21,"key":"StoneCalendar"},{"floor":21,"key":"Gremlin Horn"},{"floor":24,"key":"Anchor"},{"floor":26,"key":"Vajra"},{"floor":27,"key":"Potion Belt"},{"floor":29,"key":"Torii"},{"floor":40,"key":"Meat on the Bone"},{"floor":43,"key":"Pantograph"},{"floor":45,"key":"Lantern"},{"floor":47,"key":"Calipers"},{"floor":48,"key":"Toxic Egg 2"}],"event_choices":[{"damage_healed":0,"gold_gain":0,"player_choice":"Rummage","damage_taken":0,"relics_obtained":["WarpedTongs"],"max_hp_gain":0,"max_hp_loss":0,"event_name":"Accursed Blacksmith","floor":2,"gold_loss":0,"cards_obtained":["Pain"]},{"cards_removed":["Pain"],"damage_healed":0,"gold_gain":0,"player_choice":"Removed Curses","damage_taken":0,"max_hp_gain":0,"max_hp_loss":0,"event_name":"Fountain of Cleansing","floor":8,"gold_loss":0},{"damage_healed":0,"gold_gain":0,"player_choice":"Fight","damage_taken":0,"max_hp_gain":0,"max_hp_loss":0,"event_name":"Colosseum","floor":21,"gold_loss":0},{"damage_healed":0,"gold_gain":0,"player_choice":"Fought Nobs","damage_taken":0,"max_hp_gain":0,"max_hp_loss":0,"event_name":"Colosseum","floor":21,"gold_loss":0},{"damage_healed":0,"gold_gain":0,"player_choice":"Became a vampire (Vial)","damage_taken":0,"max_hp_gain":0,"max_hp_loss":0,"event_name":"Vampires","floor":22,"relics_lost":["Blood Vial"],"gold_loss":0,"cards_obtained":["Bite","Bite","Bite","Bite","Bite"]},{"cards_removed":["Burning Pact"],"damage_healed":0,"gold_gain":0,"player_choice":"Offered Uncommon","damage_taken":0,"max_hp_gain":0,"max_hp_loss":0,"event_name":"Bonfire Elementals","floor":28,"gold_loss":0},{"damage_healed":0,"gold_gain":0,"player_choice":"Copied","damage_taken":0,"max_hp_gain":0,"max_hp_loss":0,"event_name":"Duplicator","floor":39,"gold_loss":0,"cards_obtained":["Feel No Pain"]},{"damage_healed":0,"gold_gain":0,"player_choice":"Fight","damage_taken":0,"max_hp_gain":0,"max_hp_loss":0,"event_name":"MindBloom","floor":47,"gold_loss":0}],"is_beta":false,"boss_relics":[{"not_picked":["Orrery","Philosopher\u0027s Stone"],"picked":"Runic Pyramid"},{"not_picked":["Mark of Pain","Black Star"],"picked":"Coffee Dripper"}],"items_purged_floors":[],"is_endless":false,"potions_floor_spawned":[3,6,12,14,21,24,30,33,42,45,47,48],"ascension_level":4}