{"gold_per_floor":[110,62,81,92,112,124,139,172,195,195,212,238,238,188,188,288,288,306,15,15,15,15],"floor_reached":22,"playtime":1208,"items_purged":[],"score":221,"play_id":"20db5c6a-7ac9-4f36-9eba-da0536d0a191","local_time":"20181021225600","is_ascension_mode":false,"campfire_choices":[{"data":"Armaments","floor":10,"key":"SMITH"},{"data":"Strike_R","floor":13,"key":"PURGE"},{"data":"Strike_R","floor":15,"key":"PURGE"}],"neow_cost":"NONE","seed_source_timestamp":993643216326347,"circlet_count":0,"master_deck":["Defend_R","Defend_R","Defend_R","Defend_R+1","Bash","Flame Barrier+1","Armaments+1","Cleave","Pommel Strike","Dual Wield","Spot Weakness","True Grit","Body Slam","Fiend Fire","Bludgeon","Feel No Pain","Corruption","True Grit","Bite","Bite","Bite","Bite","Bite","Shame"],"relics":["Burning Blood","Peace Pipe","Bag of Preparation","War Paint","Eternal Feather","Lee\u0027s Waffle","Bronze Scales"],"potions_floor_usage":[],"damage_taken":[{"damage":17,"enemies":"Small Slimes","floor":1,"turns":6},{"damage":0,"enemies":"Jaw Worm","floor":3,"turns":6},{"damage":3,"enemies":"2 Louse","floor":4,"turns":3},{"damage":2,"enemies":"Blue Slaver","floor":5,"turns":4},{"damage":6,"enemies":"Lots of Slimes","floor":6,"turns":2},{"damage":2,"enemies":"2 Fungi Beasts","floor":7,"turns":5},{"damage":40,"enemies":"Lagavulin","floor":8,"turns":12},{"damage":4,"enemies":"Large Slime","floor":11,"turns":5},{"damage":24,"enemies":"3 Sentries","floor":12,"turns":8},{"damage":20,"enemies":"Slime Boss","floor":16,"turns":13},{"damage":10,"enemies":"2 Thieves","floor":18,"turns":4},{"damage":0,"enemies":"Spheric Guardian","floor":22,"turns":2}],"seed_played":"-1775002205896397107","potions_obtained":[{"floor":4,"key":"GamblersBrew"},{"floor":5,"key":"GamblersBrew"},{"floor":8,"key":"Fire Potion"},{"floor":12,"key":"EssenceOfSteel"}],"is_trial":false,"path_per_floor":["M","$","M","M","M","M","M","E","T","R","M","E","R","?","R","B",null,"M","$","?","?"],"character_chosen":"IRONCLAD","items_purchased":["Armaments","Corruption","True Grit","Lee\u0027s Waffle"],"campfire_rested":0,"item_purchase_floors":[2,19,19,19],"current_hp_per_floor":[77,77,83,86,88,88,88,54,54,54,56,38,38,38,38,24,88,84,95,66,66,66],"gold":15,"neow_bonus":"TEN_PERCENT_HP_BONUS","is_prod":false,"is_daily":false,"chose_seed":false,"campfire_upgraded":1,"win_rate":0.0,"timestamp":1540176960,"path_taken":["M","$","M","M","M","M","M","E","T","R","M","E","R","?","R","BOSS","M","$","?","?","?"],"build_version":"2018-10-18","purchased_purges":0,"victory":false,"max_hp_per_floor":[88,88,88,88,88,88,88,88,88,88,88,88,88,88,88,88,88,88,95,66,66,66],"card_choices":[{"not_picked":["Headbutt","Flex"],"picked":"Flame Barrier","floor":1},{"not_picked":["Thunderclap","Headbutt"],"picked":"Cleave","floor":3},{"not_picked":["Perfected Strike","Impervious"],"picked":"Pommel Strike","floor":4},{"not_picked":["Twin Strike","Warcry"],"picked":"Dual Wield","floor":5},{"not_picked":["Carnage","Clothesline","Bloodletting"],"picked":"SKIP","floor":6},{"not_picked":["Flex","Burning Pact"],"picked":"Spot Weakness","floor":7},{"not_picked":["Searing Blow","Shrug It Off"],"picked":"True Grit","floor":8},{"not_picked":["Pommel Strike","Rage"],"picked":"Body Slam","floor":11},{"not_picked":["Perfected Strike","Sword Boomerang"],"picked":"Fiend Fire","floor":12},{"not_picked":["Brutality","Impervious"],"picked":"Bludgeon","floor":16},{"not_picked":["Thunderclap","Second Wind+1"],"picked":"Feel No Pain","floor":18}],"player_experience":42271,"relics_obtained":[{"floor":8,"key":"Peace Pipe"},{"floor":9,"key":"Bag of Preparation"},{"floor":12,"key":"War Paint"}],"event_choices":[{"cards_removed":["Strike_R"],"damage_healed":0,"gold_gain":0,"player_choice":"Card Removal","damage_taken":0,"max_hp_gain":0,"max_hp_loss":0,"event_name":"The Cleric","floor":14,"gold_loss":50},{"damage_healed":0,"gold_gain":0,"player_choice":"Became a vampire","damage_taken":0,"max_hp_gain":0,"max_hp_loss":29,"event_name":"Vampires","floor":20,"gold_loss":0,"cards_obtained":["Bite","Bite","Bite","Bite","Bite"]},{"damage_healed":0,"gold_gain":0,"player_choice":"Stole Relic","damage_taken":0,"relics_obtained":["Bronze Scales"],"max_hp_gain":0,"max_hp_loss":0,"event_name":"Addict","floor":21,"gold_loss":0,"cards_obtained":["Shame"]}],"is_beta":false,"boss_relics":[{"not_picked":["Runic Cube","Runic Pyramid"],"picked":"Eternal Feather"}],"items_purged_floors":[],"is_endless":false,"potions_floor_spawned":[4,5,8,11,12],"killed_by":"Spheric Guardian","ascension_level":0}