{"gold_per_floor":[113,13,25,25,25,25,59,59,59,84,99,127,127,144,144,215,215,225,63,113,125,38,38,0,0,54,54,54],"floor_reached":28,"playtime":1135,"items_purged":["Injury"],"score":514,"play_id":"5301c4e6-fb1b-441a-b398-c295b3f5ac21","local_time":"20190629090026","is_ascension_mode":true,"campfire_choices":[{"data":"Infinite Blades","floor":6.0,"key":"SMITH"},{"data":"Dash","floor":8.0,"key":"SMITH"},{"data":"Blur","floor":13.0,"key":"SMITH"},{"data":"Setup","floor":15.0,"key":"SMITH"},{"floor":23,"key":"REST"},{"data":"Burst","floor":25,"key":"SMITH"},{"data":"Terror","floor":27,"key":"SMITH"}],"neow_cost":"NONE","seed_source_timestamp":819690809705400,"circlet_count":0,"master_deck":["AscendersBane","Defend_G","Defend_G","Defend_G","Defend_G","Defend_G","Strike_G","Strike_G","Strike_G","Strike_G","Strike_G","Survivor","Neutralize","Escape Plan","Infinite Blades+1","Deflect","Backflip","Dash+1","Neutralize","Grand Finale","Blur+1","PiercingWail","Predator","Setup+1","Burst+1","Escape Plan","Blade Dance","Terror+1","Prepared","Choke","Escape Plan","Glass Knife"],"special_seed":0,"relics":["Ring of the Snake","NeowsBlessing","Art of War","Strawberry","Shuriken","Darkstone Periapt","Orrery","Tiny Chest"],"potions_floor_usage":[21],"damage_taken":[{"damage":0.0,"enemies":"Cultist","floor":1.0,"turns":1.0},{"damage":0.0,"enemies":"2 Louse","floor":3.0,"turns":1.0},{"damage":0.0,"enemies":"Gremlin Nob","floor":7.0,"turns":1.0},{"damage":28.0,"enemies":"3 Sentries","floor":10.0,"turns":10.0},{"damage":1.0,"enemies":"Small Slimes","floor":11.0,"turns":4.0},{"damage":5.0,"enemies":"Lagavulin","floor":12.0,"turns":8.0},{"damage":3.0,"enemies":"Gremlin Gang","floor":14.0,"turns":5.0},{"damage":16.0,"enemies":"Hexaghost","floor":16.0,"turns":11.0},{"damage":42,"enemies":"Spheric Guardian","floor":18,"turns":8},{"damage":5,"enemies":"3 Byrds","floor":21,"turns":7},{"damage":50,"enemies":"Slavers","floor":28,"turns":3}],"seed_played":"-2391941524481119752","potions_obtained":[{"floor":1.0,"key":"SkillPotion"},{"floor":7.0,"key":"EssenceOfSteel"},{"floor":10.0,"key":"Dexterity Potion"},{"floor":12.0,"key":"FearPotion"},{"floor":18,"key":"Fruit Juice"}],"is_trial":false,"path_per_floor":["M","$","M","?","?","R","E","R","T","E","M","E","R","M","R","B",null,"M","$","?","M","$","R","?","R","T","R","E"],"character_chosen":"THE_SILENT","items_purchased":["Infinite Blades","Deflect","Escape Plan","Glass Knife"],"campfire_rested":1,"item_purchase_floors":[2,2,19,22],"current_hp_per_floor":[59,59,59,59,59,59,59,59,66,38,37,32,32,29,29,13,58,16,16,16,16,16,39,39,39,39,39,0],"gold":54,"neow_bonus":"THREE_ENEMY_KILL","is_prod":false,"is_daily":false,"chose_seed":false,"campfire_upgraded":6,"win_rate":0,"timestamp":1561766426,"path_taken":["M","?","M","?","?","R","E","R","T","E","?","E","R","M","R","BOSS","M","$","?","M","?","R","?","R","T","R","E"],"build_version":"2019-01-23","purchased_purges":1,"victory":false,"max_hp_per_floor":[66,66,66,66,66,66,66,66,73,73,73,73,73,73,73,73,73,73,73,73,78,78,78,78,78,78,78,78],"card_choices":[{"not_picked":["All Out Attack","Underhanded Strike"],"picked":"Escape Plan","floor":1.0},{"not_picked":["Slice","Concentrate"],"picked":"Backflip","floor":3.0},{"not_picked":["Flying Knee","Doppelganger"],"picked":"Blur","floor":7.0},{"not_picked":["Prepared","Accuracy"],"picked":"PiercingWail","floor":10.0},{"not_picked":["Outmaneuver","Sucker Punch","Backflip"],"picked":"SKIP","floor":11.0},{"not_picked":["Backflip","Storm of Steel"],"picked":"Predator","floor":12.0},{"not_picked":["Prepared","Masterful Stab"],"picked":"Setup","floor":14.0},{"not_picked":["Glass Knife","After Image"],"picked":"Burst","floor":16.0},{"not_picked":["Backstab","Underhanded Strike"],"picked":"Escape Plan","floor":17},{"not_picked":["All Out Attack","Deflect"],"picked":"Blade Dance","floor":17},{"not_picked":["Bane","Outmaneuver"],"picked":"Terror","floor":17},{"not_picked":["PiercingWail","Flying Knee"],"picked":"Prepared","floor":17},{"not_picked":["Caltrops","Dagger Spray"],"picked":"Choke","floor":17},{"not_picked":["PiercingWail","Acrobatics","Quick Slash"],"picked":"SKIP","floor":18},{"not_picked":["Dash+1","Endless Agony","Terror"],"picked":"SKIP","floor":21}],"player_experience":1038064,"relics_obtained":[{"floor":7.0,"key":"Art of War"},{"floor":9.0,"key":"Strawberry"},{"floor":10.0,"key":"Shuriken"},{"floor":12.0,"key":"Darkstone Periapt"},{"floor":26,"key":"Tiny Chest"}],"event_choices":[{"damage_healed":0.0,"max_hp_gain":0.0,"max_hp_loss":0.0,"gold_gain":0.0,"event_name":"The Cleric","player_choice":"Leave","floor":4.0,"gold_loss":0.0,"damage_taken":0.0},{"damage_healed":0.0,"max_hp_gain":0.0,"max_hp_loss":0.0,"gold_gain":0.0,"event_name":"Match and Keep!","player_choice":"4 cards matched","floor":5.0,"gold_loss":0.0,"damage_taken":0.0,"cards_obtained":["Dash","Neutralize","Grand Finale","Injury"]},{"damage_healed":0,"gold_gain":50,"player_choice":"Stole From Cult","damage_taken":0,"max_hp_gain":0,"max_hp_loss":0,"event_name":"Nest","floor":20,"gold_loss":0},{"damage_healed":0,"gold_gain":0,"player_choice":"Paid Fearfully","damage_taken":0,"max_hp_gain":0,"max_hp_loss":0,"event_name":"Masked Bandits","floor":24,"gold_loss":38}],"is_beta":false,"boss_relics":[{"not_picked":["Snecko Eye","Runic Dome"],"picked":"Orrery"}],"items_purged_floors":[19],"is_endless":false,"potions_floor_spawned":[1,7,10,11,12,18],"killed_by":"Slavers","ascension_level":20}