{"gold_per_floor":[115,1,11,24,44,44,70,70,70,90,90,90,110,56,56,130,130,144,194,37,57,57],"floor_reached":22,"playtime":983,"items_purged":["Strike_G"],"score":372,"play_id":"cbfc752c-a8b3-43d9-b42b-88f1ec6ab36b","local_time":"20190629030005","is_ascension_mode":true,"campfire_choices":[{"data":"Skewer","floor":6.0,"key":"SMITH"},{"data":"Flying Knee","floor":8.0,"key":"SMITH"},{"floor":11.0,"key":"REST"},{"data":"Well Laid Plans","floor":15.0,"key":"SMITH"}],"neow_cost":"NONE","seed_source_timestamp":798230093107400,"circlet_count":0,"master_deck":["AscendersBane","Defend_G","Defend_G","Defend_G","Defend_G","Strike_G","Strike_G","Survivor","Neutralize","Quick Slash","Infinite Blades","Leg Sweep","Well Laid Plans+1","Skewer+1","Flying Knee+1","Underhanded Strike","Deflect","PiercingWail","Envenom","Storm of Steel+1","Die Die Die+1","Deadly Poison+1","Poisoned Stab+1","Backflip+1"],"special_seed":0,"relics":["Ring of the Snake","NeowsBlessing","Blue Candle","Pocketwatch","Astrolabe","Bronze Scales"],"potions_floor_usage":[22],"damage_taken":[{"damage":0.0,"enemies":"Cultist","floor":1.0,"turns":1.0},{"damage":2.0,"enemies":"2 Louse","floor":3.0,"turns":2.0},{"damage":0.0,"enemies":"Jaw Worm","floor":4.0,"turns":1.0},{"damage":0.0,"enemies":"Blue Slaver","floor":5.0,"turns":5.0},{"damage":26.0,"enemies":"Lagavulin","floor":7.0,"turns":7.0},{"damage":21.0,"enemies":"Exordium Thugs","floor":10.0,"turns":4.0},{"damage":2.0,"enemies":"Exordium Wildlife","floor":13.0,"turns":4.0},{"damage":16.0,"enemies":"The Guardian","floor":16.0,"turns":12.0},{"damage":13.0,"enemies":"3 Byrds","floor":18.0,"turns":5.0},{"damage":15.0,"enemies":"2 Thieves","floor":21.0,"turns":4.0},{"damage":27,"enemies":"Shelled Parasite and Fungi","floor":22,"turns":4}],"seed_played":"7295367260262247172","potions_obtained":[{"floor":5.0,"key":"GamblersBrew"},{"floor":7.0,"key":"FearPotion"},{"floor":13.0,"key":"SteroidPotion"},{"floor":16.0,"key":"Block Potion"},{"floor":18.0,"key":"PowerPotion"},{"floor":21,"key":"SteroidPotion"}],"is_trial":false,"path_per_floor":["M","$","M","M","M","R","E","R","T","M","R","?","M","$","R","B",null,"M","?","$","M","M"],"character_chosen":"THE_SILENT","items_purchased":["Infinite Blades","PiercingWail","Bronze Scales"],"campfire_rested":1,"item_purchase_floors":[2,14,20],"current_hp_per_floor":[59,59,57,57,57,57,31,31,31,10,29,29,27,27,27,11,52,39,33,33,18,0],"gold":57,"neow_bonus":"THREE_ENEMY_KILL","is_prod":false,"is_daily":false,"chose_seed":false,"campfire_upgraded":3,"win_rate":0,"timestamp":1561744805,"path_taken":["M","$","?","M","M","R","E","R","T","M","R","?","M","?","R","BOSS","M","?","?","M","M"],"build_version":"2019-01-23","purchased_purges":1,"victory":false,"max_hp_per_floor":[66,66,66,66,66,66,66,66,66,66,66,66,66,66,66,66,66,66,66,66,66,66],"card_choices":[{"not_picked":["Dodge and Roll","Underhanded Strike"],"picked":"Quick Slash","floor":1.0},{"not_picked":["Calculated Gamble","Eviscerate"],"picked":"Leg Sweep","floor":3.0},{"not_picked":["Escape Plan","Acrobatics"],"picked":"Well Laid Plans","floor":4.0},{"not_picked":["Backflip","Eviscerate"],"picked":"Skewer","floor":5.0},{"not_picked":["Leg Sweep","Skewer"],"picked":"Flying Knee","floor":7.0},{"not_picked":["Noxious Fumes","Accuracy"],"picked":"Underhanded Strike","floor":10.0},{"not_picked":["Poisoned Stab","Slice"],"picked":"Deflect","floor":13.0},{"not_picked":["Night Terror","Die Die Die"],"picked":"Envenom","floor":16.0},{"not_picked":["Escape Plan","Prepared"],"picked":"Poisoned Stab+1","floor":18.0},{"not_picked":["Slice","Outmaneuver"],"picked":"Backflip+1","floor":21}],"player_experience":1020692,"relics_obtained":[{"floor":7.0,"key":"Blue Candle"},{"floor":9.0,"key":"Pocketwatch"}],"event_choices":[{"damage_healed":0.0,"max_hp_gain":0.0,"max_hp_loss":0.0,"gold_gain":0.0,"event_name":"Shining Light","player_choice":"Ignored","floor":12.0,"gold_loss":0.0,"damage_taken":0.0},{"damage_healed":0.0,"max_hp_gain":0.0,"max_hp_loss":0.0,"gold_gain":50.0,"event_name":"FaceTrader","player_choice":"Touch","floor":19.0,"gold_loss":0.0,"damage_taken":6.0}],"is_beta":false,"boss_relics":[{"not_picked":["Snecko Eye","Runic Dome"],"picked":"Astrolabe"}],"items_purged_floors":[2],"is_endless":false,"potions_floor_spawned":[5,7,13,16,18,21],"killed_by":"Shelled Parasite and Fungi","ascension_level":20}