{"gold_per_floor":[111,38,57,7,82,82,113,113,113,113,113,126,28,47,47,143,143,162,179,79,79,98,124,124,153,176,176,193,0,0,0,0,100,100,113,213,267,280,17,17,50,69,69,69,99,26,40,56,56,56],"floor_reached":51,"playtime":2532,"items_purged":["Strike_G","Strike_G"],"score":766,"play_id":"28b323f9-005d-4c8b-abe0-bc89f8810e07","local_time":"20181126231050","is_ascension_mode":false,"campfire_choices":[{"data":"Blade Dance","floor":6,"key":"SMITH"},{"floor":8,"key":"REST"},{"data":"Cloak And Dagger","floor":11,"key":"SMITH"},{"data":"Blade Dance","floor":15,"key":"SMITH"},{"data":"1","floor":24,"key":"LIFT"},{"data":"2","floor":27,"key":"LIFT"},{"floor":32,"key":"REST"},{"data":"3","floor":40,"key":"LIFT"},{"floor":44,"key":"REST"},{"floor":49,"key":"REST"}],"neow_cost":"NONE","seed_source_timestamp":36094956565314,"circlet_count":0,"master_deck":["Defend_G","Defend_G","Defend_G","Defend_G","Defend_G","Strike_G","Strike_G","Survivor","Neutralize+1","Die Die Die","Backflip","Crippling Poison","Blade Dance+1","Cloak And Dagger+1","Deflect+1","Slice+1","Blade Dance+1","After Image","Dagger Throw+1","Cloak And Dagger","Blur","Caltrops","Noxious Fumes","Dodge and Roll","Burst","Dodge and Roll+1","Backstab+1","Slice+1","Infinite Blades","Slice+1","Backstab+1","Footwork"],"relics":["Ring of the Snake","Ninja Scroll","Molten Egg 2","Fusion Hammer","Girya","Snake Skull","Bag of Marbles","Bottled Tornado","Busted Crown","WingedGreaves","Du-Vu Doll","Strange Spoon","Blood Vial","Bag of Preparation","Mercury Hourglass"],"potions_floor_usage":[7,16,33,50,50],"damage_taken":[{"damage":0,"enemies":"Cultist","floor":1,"turns":4},{"damage":5,"enemies":"Jaw Worm","floor":3,"turns":4},{"damage":50,"enemies":"Lagavulin","floor":7,"turns":9},{"damage":0,"enemies":"Small Slimes","floor":12,"turns":2},{"damage":0,"enemies":"3 Louse","floor":14,"turns":1},{"damage":23,"enemies":"Hexaghost","floor":16,"turns":16},{"damage":1,"enemies":"Shell Parasite","floor":18,"turns":5},{"damage":4,"enemies":"3 Byrds","floor":19,"turns":4},{"damage":7,"enemies":"Snake Plant","floor":22,"turns":6},{"damage":10,"enemies":"Book of Stabbing","floor":23,"turns":8},{"damage":4,"enemies":"Gremlin Leader","floor":25,"turns":8},{"damage":3,"enemies":"Cultist and Chosen","floor":28,"turns":5},{"damage":10,"enemies":"Champ","floor":33,"turns":11},{"damage":0,"enemies":"Orb Walker","floor":35,"turns":2},{"damage":0,"enemies":"Mind Bloom Boss Battle","floor":36,"turns":7},{"damage":3,"enemies":"2 Orb Walkers","floor":37,"turns":4},{"damage":0,"enemies":"3 Shapes","floor":38,"turns":2},{"damage":0,"enemies":"Giant Head","floor":41,"turns":6},{"damage":23,"enemies":"Writhing Mass","floor":42,"turns":5},{"damage":14,"enemies":"Reptomancer","floor":45,"turns":5},{"damage":1,"enemies":"4 Shapes","floor":47,"turns":3},{"damage":0,"enemies":"Sphere and 2 Shapes","floor":48,"turns":1},{"damage":39,"enemies":"Donu and Deca","floor":50,"turns":9}],"seed_played":"-7522644770477689830","potions_obtained":[{"floor":3,"key":"PowerPotion"},{"floor":7,"key":"GhostInAJar"},{"floor":14,"key":"Weak Potion"},{"floor":22,"key":"LiquidBronze"},{"floor":23,"key":"PowerPotion"},{"floor":33,"key":"SpeedPotion"},{"floor":35,"key":"Strength Potion"},{"floor":36,"key":"EssenceOfSteel"}],"is_trial":false,"path_per_floor":["M","$","M","?","?","R","E","R","T","?","R","M","$","M","R","B",null,"M","M","$","?","M","E","R","E","T","R","M","?","?","T","R","B",null,"M","?","?","M","$","R","E","M","T","R","E","$","M","M","R","B",null],"character_chosen":"THE_SILENT","items_purchased":["Crippling Poison","Slice+1","Strange Spoon","Infinite Blades","Footwork"],"campfire_rested":4,"item_purchase_floors":[2,13,39,39,46],"current_hp_per_floor":[70,70,65,65,54,54,4,25,25,25,25,25,25,25,25,2,70,69,65,65,65,58,48,48,44,44,44,41,41,28,28,50,40,75,75,75,72,72,72,72,72,51,51,73,61,61,62,64,75,36],"gold":56,"neow_bonus":"ONE_RANDOM_RARE_CARD","is_prod":false,"is_daily":false,"chose_seed":false,"campfire_upgraded":3,"win_rate":0,"timestamp":1543291850,"path_taken":["M","?","?","?","?","R","E","R","T","?","R","M","$","M","R","BOSS","M","M","$","?","M","E","R","E","T","R","?","?","?","?","R","BOSS","M","?","?","M","$","R","E","M","T","R","E","$","?","M","R","BOSS"],"build_version":"2018-11-15","purchased_purges":2,"victory":true,"max_hp_per_floor":[70,70,70,70,70,70,70,70,70,70,70,70,70,70,70,70,70,70,70,70,70,70,70,70,70,70,70,70,70,75,75,75,75,75,75,75,75,75,75,75,75,75,75,75,75,75,75,75,75,75],"card_choices":[{"not_picked":["Poisoned Stab","Prepared"],"picked":"Backflip","floor":1},{"not_picked":["Flying Knee","Backflip"],"picked":"Blade Dance","floor":3},{"not_picked":["Backstab","Dagger Throw"],"picked":"Cloak And Dagger","floor":7},{"not_picked":["Concentrate","Eviscerate+1"],"picked":"Deflect","floor":12},{"not_picked":["Bouncing Flask","Reflex"],"picked":"Blade Dance","floor":14},{"not_picked":["Venomology","Malaise"],"picked":"After Image","floor":16},{"not_picked":["Tactician","Endless Agony+1"],"picked":"Dagger Throw+1","floor":18},{"not_picked":["Underhanded Strike+1","Bane+1"],"picked":"Cloak And Dagger","floor":19},{"not_picked":["Deflect","Underhanded Strike+1"],"picked":"Blur","floor":22},{"not_picked":["Expertise+1","Finisher+1"],"picked":"Caltrops","floor":23},{"not_picked":["Well Laid Plans","Quick Slash+1"],"picked":"Noxious Fumes","floor":25},{"not_picked":["Skewer+1","Dagger Spray+1"],"picked":"Dodge and Roll","floor":28},{"not_picked":["Unload+1","Grand Finale+1"],"picked":"Burst","floor":33},{"not_picked":["Acrobatics"],"picked":"SKIP","floor":35},{"not_picked":[],"picked":"Dodge and Roll+1","floor":36},{"not_picked":[],"picked":"Backstab+1","floor":37},{"not_picked":[],"picked":"Slice+1","floor":38},{"not_picked":["Tactician+1"],"picked":"SKIP","floor":41},{"not_picked":[],"picked":"Slice+1","floor":42},{"not_picked":[],"picked":"Backstab+1","floor":45},{"not_picked":["Bane+1"],"picked":"SKIP","floor":47},{"not_picked":["Deadly Poison+1"],"picked":"SKIP","floor":48}],"player_experience":172513,"relics_obtained":[{"floor":7,"key":"Ninja Scroll"},{"floor":9,"key":"Molten Egg 2"},{"floor":23,"key":"Girya"},{"floor":25,"key":"Snake Skull"},{"floor":26,"key":"Bag of Marbles"},{"floor":31,"key":"Bottled Tornado"},{"floor":36,"key":"WingedGreaves"},{"floor":37,"key":"Du-Vu Doll"},{"floor":41,"key":"Blood Vial"},{"floor":43,"key":"Bag of Preparation"},{"floor":45,"key":"Mercury Hourglass"}],"event_choices":[{"cards_removed":["Strike_G"],"damage_healed":0,"gold_gain":0,"player_choice":"Card Removal","damage_taken":0,"max_hp_gain":0,"max_hp_loss":0,"event_name":"The Cleric","floor":4,"gold_loss":50},{"damage_healed":0,"gold_gain":75,"player_choice":"Gather Gold","damage_taken":11,"max_hp_gain":0,"max_hp_loss":0,"event_name":"World of Goop","floor":5,"gold_loss":0},{"damage_healed":0,"gold_gain":0,"player_choice":"Grow","damage_taken":0,"max_hp_gain":0,"max_hp_loss":0,"event_name":"Living Wall","floor":10,"gold_loss":0,"cards_upgraded":["Neutralize"]},{"damage_healed":0,"gold_gain":0,"player_choice":"Forge","damage_taken":0,"max_hp_gain":0,"max_hp_loss":0,"event_name":"Accursed Blacksmith","floor":21,"gold_loss":0,"cards_upgraded":["Deflect"]},{"damage_healed":0,"gold_gain":0,"player_choice":"Paid Fearfully","damage_taken":0,"max_hp_gain":0,"max_hp_loss":0,"event_name":"Masked Bandits","floor":29,"gold_loss":193},{"damage_healed":0,"gold_gain":0,"player_choice":"Shed Blood","damage_taken":18,"max_hp_gain":5,"max_hp_loss":0,"event_name":"Forgotten Altar","floor":30,"gold_loss":0},{"damage_healed":0,"gold_gain":0,"player_choice":"Fight","damage_taken":0,"max_hp_gain":0,"max_hp_loss":0,"event_name":"MindBloom","floor":36,"gold_loss":0},{"damage_healed":0,"gold_gain":0,"player_choice":"Fight","damage_taken":0,"max_hp_gain":0,"max_hp_loss":0,"event_name":"Mysterious Sphere","floor":37,"gold_loss":0}],"is_beta":false,"boss_relics":[{"not_picked":["Empty Cage","Runic Dome"],"picked":"Fusion Hammer"},{"not_picked":["Calling Bell","Orrery"],"picked":"Busted Crown"}],"items_purged_floors":[13,20],"is_endless":false,"potions_floor_spawned":[3,7,14,22,23,25,33,35,36,37,42,48],"ascension_level":0}