{"gold_per_floor":[117,128,139,139,139,168,187,82,82,82,82,94,125,139,139,235,235,247,273,285,285,301,301,32,52,52,62,62,62,96,112,112,208,208,219,40,140,151,115,150,150,167,194,194,222,31,42,54,54,54,54,54,2,33,33],"floor_reached":55,"playtime":4529,"items_purged":[],"score":882,"play_id":"3ed04670-a68a-4697-86be-7782088270ca","local_time":"20190219104227","is_ascension_mode":true,"campfire_choices":[{"floor":10,"key":"REST"},{"floor":15,"key":"RECALL"},{"floor":23,"key":"REST"},{"data":"Creative AI","floor":28,"key":"SMITH"},{"data":"Defragment","floor":32,"key":"SMITH"},{"floor":41,"key":"REST"},{"floor":44,"key":"REST"},{"floor":49,"key":"REST"},{"floor":52,"key":"REST"}],"neow_cost":"NONE","seed_source_timestamp":187992416232100,"circlet_count":0,"master_deck":["Zap","Dualcast","Cold Snap+1","Coolheaded+1","Sweeping Beam","Loop","White Noise","Defragment+1","Coolheaded","Coolheaded","Creative AI+1","BootSequence","Rainbow","Machine Learning","Double Energy","Steam Power","Self Repair","Seek","Skim","Streamline","Cold Snap","Coolheaded","Defragment","Heatsinks+1","Go for the Eyes","Conserve Battery","Ball Lightning","Leap","Compile Driver","Blizzard","Streamline","BootSequence","Ball Lightning","Electrodynamics","Recycle+1","Melter","Turbo","Defragment","Loop","Hello World","Recycle+1","Force Field","Darkness","Good Instincts","Stack","Coolheaded+1","Redo+1","Cold Snap"],"relics":["Cracked Core","DataDisk","War Paint","Mercury Hourglass","Blood Vial","Pandora\u0027s Box","Red Mask","Lee\u0027s Waffle","Bag of Marbles","Bronze Scales","Fusion Hammer","Art of War","Du-Vu Doll","Mummified Hand","Happy Flower","Pear","Bottled Lightning"],"potions_floor_usage":[6,12,14,18,19,19,19,27,27,45,47,50,50,50,50,50],"damage_taken":[{"damage":1,"enemies":"2 Louse","floor":1,"turns":3},{"damage":0,"enemies":"Cultist","floor":2,"turns":3},{"damage":0,"enemies":"Small Slimes","floor":3,"turns":3},{"damage":24,"enemies":"Lagavulin","floor":6,"turns":7},{"damage":6,"enemies":"3 Louse","floor":7,"turns":3},{"damage":14,"enemies":"Red Slaver","floor":12,"turns":3},{"damage":14,"enemies":"3 Sentries","floor":13,"turns":4},{"damage":3,"enemies":"Looter","floor":14,"turns":3},{"damage":14,"enemies":"Slime Boss","floor":16,"turns":13},{"damage":26,"enemies":"2 Thieves","floor":18,"turns":4},{"damage":37,"enemies":"Masked Bandits","floor":19,"turns":3},{"damage":0,"enemies":"Chosen","floor":20,"turns":5},{"damage":30,"enemies":"Snake Plant","floor":22,"turns":5},{"damage":1,"enemies":"Cultist and Chosen","floor":25,"turns":5},{"damage":10,"enemies":"Chosen and Byrds","floor":27,"turns":4},{"damage":3,"enemies":"Gremlin Leader","floor":30,"turns":7},{"damage":18,"enemies":"Snake Plant","floor":31,"turns":5},{"damage":27,"enemies":"Collector","floor":33,"turns":11},{"damage":22,"enemies":"3 Darklings","floor":35,"turns":4},{"damage":27,"enemies":"Mind Bloom Boss Battle","floor":37,"turns":5},{"damage":25,"enemies":"3 Shapes","floor":38,"turns":4},{"damage":9,"enemies":"Reptomancer","floor":40,"turns":5},{"damage":10,"enemies":"Spire Growth","floor":42,"turns":4},{"damage":0,"enemies":"Giant Head","floor":45,"turns":8},{"damage":0,"enemies":"Maw","floor":47,"turns":6},{"damage":11,"enemies":"Transient","floor":48,"turns":5},{"damage":31,"enemies":"Donu and Deca","floor":50,"turns":8},{"damage":65,"enemies":"Shield and Spear","floor":54,"turns":6},{"damage":63,"enemies":"The Heart","floor":55,"turns":2}],"seed_played":"-9062938513610887549","potions_obtained":[{"floor":1,"key":"AttackPotion"},{"floor":3,"key":"Ancient Potion"},{"floor":7,"key":"Regen Potion"},{"floor":12,"key":"Regen Potion"},{"floor":14,"key":"Ancient Potion"},{"floor":16,"key":"Regen Potion"},{"floor":18,"key":"Dexterity Potion"},{"floor":22,"key":"Explosive Potion"},{"floor":25,"key":"EssenceOfSteel"},{"floor":33,"key":"SteroidPotion"},{"floor":37,"key":"EssenceOfSteel"},{"floor":42,"key":"Explosive Potion"},{"floor":45,"key":"AttackPotion"},{"floor":48,"key":"EntropicBrew"}],"is_trial":false,"path_per_floor":["M","M","M","?","?","E","M","$","T","R","?","M","E","M","R","B",null,"M","?","M","?","M","R","$","M","T","M","R","?","E","M","R","B",null,"M","$","?","M","$","E","R","M","T","R","E","$","M","M","R","B",null,"R","$","E","B"],"character_chosen":"DEFECT","items_purchased":["Defragment","Coolheaded","Lee\u0027s Waffle","Conserve Battery","Ball Lightning","Art of War","Melter","Loop","Darkness","Good Instincts","Stack","Cold Snap"],"campfire_rested":6,"item_purchase_floors":[8,8,24,24,24,36,36,39,46,46,46,53],"current_hp_per_floor":[74,74,74,74,74,50,44,44,44,66,63,58,44,52,52,40,75,63,35,44,44,16,38,82,82,82,72,72,72,78,69,69,51,82,60,60,42,26,26,26,50,49,49,73,92,92,92,88,92,68,92,92,92,34,0],"gold":33,"neow_bonus":"RANDOM_COMMON_RELIC","is_prod":false,"is_daily":false,"chose_seed":false,"campfire_upgraded":2,"win_rate":0,"timestamp":1550572947,"path_taken":["M","M","M","?","?","E","?","?","T","R","?","M","E","M","R","BOSS","M","?","M","?","M","R","$","?","T","M","R","?","E","M","R","BOSS","M","?","?","M","$","E","R","M","T","R","E","?","M","?","R","BOSS","R","$","E","BOSS"],"build_version":"2019-01-23","purchased_purges":0,"victory":false,"max_hp_per_floor":[75,75,75,75,75,75,75,75,75,75,75,75,75,75,75,75,75,75,75,75,75,75,75,82,82,82,82,82,82,82,82,82,82,82,82,82,82,82,82,82,82,82,82,82,92,92,92,92,92,92,92,92,92,92,92],"card_choices":[{"not_picked":["Recycle","Ball Lightning"],"picked":"Cold Snap","floor":1},{"not_picked":["Rebound","Gash"],"picked":"Coolheaded","floor":2},{"not_picked":["Turbo","Steam"],"picked":"Sweeping Beam","floor":3},{"not_picked":["Streamline","Multi-Cast"],"picked":"Loop","floor":6},{"not_picked":["Turbo","Hologram"],"picked":"White Noise","floor":7},{"not_picked":["Steam","Leap"],"picked":"Coolheaded","floor":12},{"not_picked":["Sunder","Sweeping Beam"],"picked":"Creative AI","floor":13},{"not_picked":["Sweeping Beam","Consume"],"picked":"BootSequence","floor":14},{"not_picked":["Buffer","Multi-Cast"],"picked":"Rainbow","floor":16},{"not_picked":["Steam","Scrape"],"picked":"Coolheaded","floor":18},{"not_picked":["Hello World","Rip and Tear"],"picked":"Defragment","floor":19},{"not_picked":["Sweeping Beam","Gash"],"picked":"Heatsinks+1","floor":20},{"not_picked":["Rebound+1","Biased Cognition"],"picked":"Go for the Eyes","floor":22},{"not_picked":["Reprogram","Steam Power"],"picked":"Leap","floor":25},{"not_picked":["Turbo+1","Rebound"],"picked":"Compile Driver","floor":27},{"not_picked":["Go for the Eyes","Reprogram"],"picked":"BootSequence","floor":30},{"not_picked":["Streamline","Stack"],"picked":"Ball Lightning","floor":31},{"not_picked":["Multi-Cast","Machine Learning"],"picked":"Electrodynamics","floor":33},{"not_picked":["Gash","Coolheaded"],"picked":"Recycle+1","floor":35},{"not_picked":["Rebound+1","Leap+1"],"picked":"Turbo","floor":37},{"not_picked":["Go for the Eyes+1","Beam Cell+1"],"picked":"Defragment","floor":38},{"not_picked":["Fission","Genetic Algorithm"],"picked":"Hello World","floor":40},{"not_picked":["Genetic Algorithm","Steam+1"],"picked":"Recycle+1","floor":42},{"not_picked":["Rebound","Go for the Eyes+1"],"picked":"Force Field","floor":45},{"not_picked":["Steam","Rip and Tear"],"picked":"Coolheaded+1","floor":47},{"not_picked":["Hologram","Melter"],"picked":"Redo+1","floor":48},{"not_picked":["Thunder Strike","Go for the Eyes+1","Storm"],"picked":"SKIP","floor":54}],"player_experience":168211,"relics_obtained":[{"floor":6,"key":"War Paint"},{"floor":13,"key":"Blood Vial"},{"floor":19,"key":"Red Mask"},{"floor":26,"key":"Bag of Marbles"},{"floor":30,"key":"Bronze Scales"},{"floor":37,"key":"Du-Vu Doll"},{"floor":40,"key":"Mummified Hand"},{"floor":43,"key":"Happy Flower"},{"floor":45,"key":"Pear"},{"floor":54,"key":"Bottled Lightning"}],"event_choices":[{"damage_healed":0,"gold_gain":0,"player_choice":"Ignored","damage_taken":0,"max_hp_gain":0,"max_hp_loss":0,"event_name":"Golden Wing","floor":4,"gold_loss":0},{"damage_healed":0,"gold_gain":0,"player_choice":"Upgraded","damage_taken":0,"max_hp_gain":0,"max_hp_loss":0,"event_name":"Upgrade Shrine","floor":5,"gold_loss":0,"cards_upgraded":["Cold Snap"]},{"damage_healed":0,"gold_gain":0,"player_choice":"Success","damage_taken":3,"relics_obtained":["Mercury Hourglass"],"max_hp_gain":0,"max_hp_loss":0,"event_name":"Scrap Ooze","floor":11,"gold_loss":0},{"damage_healed":0,"gold_gain":0,"player_choice":"Fought Bandits","damage_taken":0,"max_hp_gain":0,"max_hp_loss":0,"event_name":"Masked Bandits","floor":19,"gold_loss":0},{"damage_healed":0,"gold_gain":0,"player_choice":"Ignored","damage_taken":0,"max_hp_gain":0,"max_hp_loss":0,"event_name":"Purifier","floor":21,"gold_loss":0},{"damage_healed":0,"gold_gain":0,"player_choice":"2 cards matched","damage_taken":0,"max_hp_gain":0,"max_hp_loss":0,"event_name":"Match and Keep!","floor":29,"gold_loss":0,"cards_obtained":["Blizzard","Streamline"]},{"damage_healed":0,"gold_gain":0,"player_choice":"Fight","damage_taken":0,"max_hp_gain":0,"max_hp_loss":0,"event_name":"MindBloom","floor":37,"gold_loss":0}],"is_beta":false,"boss_relics":[{"not_picked":["Snecko Eye","Orrery"],"picked":"Pandora\u0027s Box"},{"not_picked":["Empty Cage","Black Star"],"picked":"Fusion Hammer"}],"items_purged_floors":[],"is_endless":false,"potions_floor_spawned":[1,3,7,12,14,16,18,22,25,33,37,42,45,48],"killed_by":"The Heart","ascension_level":2}