{"gold_per_floor":[114,129,129,144,7,37,37,52,52,67,82,97,127,142,142,242,242,257,257,272,302,302,302,4,19,19,34,49,79,109,184,184,284,284,299,314,1313,1313,15,45,60,90,140,140,170,185,4,19,19,19],"floor_reached":51,"playtime":40700,"items_purged":[],"score":1161,"play_id":"559f3b4f-cc4a-42fa-8aad-8167b403373d","local_time":"20190415192631","daily_mods":["Cursed Run","Diverse","DeadlyEvents"],"is_ascension_mode":false,"campfire_choices":[{"floor":15,"key":"REST"},{"floor":23,"key":"REST"},{"floor":32,"key":"REST"},{"data":"Storm","floor":44,"key":"SMITH"},{"data":"Madness","floor":49,"key":"SMITH"}],"neow_cost":"","seed_source_timestamp":0,"circlet_count":0,"master_deck":["Defend_G","Defend_G","Defend_G","Defend_G+1","Strike_G","Strike_G","Strike_G","Strike_G","Strike_G","Survivor","Neutralize","Dagger Throw+1","Cleave","Expertise+1","Storm+1","Static Discharge","Pummel","Reckless Charge","Static Discharge","Decay","Buffer","Tempest","Conserve Battery","Quick Slash","Clumsy","A Thousand Cuts","Shrug It Off+1","All Out Attack","Beam Cell","Footwork","Heatsinks","Regret","BootSequence","Leap+1","Reinforced Body","Turbo+1","Decay","Injury","Barricade","Clumsy","Parasite","Writhe","White Noise","Underhanded Strike","Normality","Normality","Flash of Steel","Panacea","Mind Blast","Fire Breathing","Loop","Master of Strategy","Dramatic Entrance","Turbo","Rupture+1","Sweeping Beam+1","Limit Break","Injury","Blood for Blood+1","Warcry+1","Dramatic Entrance","Madness+1","Conserve Battery","Dagger Throw","Injury"],"special_seed":18001,"relics":["Cursed Key","Darkstone Periapt","Du-Vu Doll","Bag of Marbles","Gremlin Horn","The Courier","WristBlade","Centennial Puzzle","Dead Branch","PreservedInsect","Blue Candle","Ornamental Fan","Pear","Calling Bell","Pen Nib","Singing Bowl","Mango","Medical Kit","Bronze Scales","Pantograph","Strawberry","War Paint","Orichalcum","Potion Belt","Torii","Frozen Egg 2","Happy Flower","Dream Catcher"],"potions_floor_usage":[2,16,16,16,21,21,33,33,45,50,50,50,50],"damage_taken":[{"damage":0,"enemies":"Cultist","floor":1,"turns":5},{"damage":0,"enemies":"Jaw Worm","floor":2,"turns":4},{"damage":5,"enemies":"Small Slimes","floor":4,"turns":3},{"damage":18,"enemies":"3 Sentries","floor":6,"turns":5},{"damage":4,"enemies":"Red Slaver","floor":8,"turns":2},{"damage":8,"enemies":"Large Slime","floor":10,"turns":3},{"damage":3,"enemies":"Lots of Slimes","floor":11,"turns":1},{"damage":1,"enemies":"3 Louse","floor":12,"turns":3},{"damage":9,"enemies":"Gremlin Nob","floor":13,"turns":3},{"damage":11,"enemies":"Exordium Wildlife","floor":14,"turns":2},{"damage":22,"enemies":"The Guardian","floor":16,"turns":11},{"damage":5,"enemies":"Chosen","floor":18,"turns":4},{"damage":15,"enemies":"2 Thieves","floor":20,"turns":3},{"damage":28,"enemies":"Book of Stabbing","floor":21,"turns":4},{"damage":7,"enemies":"Cultist and Chosen","floor":25,"turns":5},{"damage":2,"enemies":"Centurion and Healer","floor":27,"turns":2},{"damage":16,"enemies":"Shelled Parasite and Fungi","floor":28,"turns":3},{"damage":0,"enemies":"Gremlin Leader","floor":29,"turns":4},{"damage":12,"enemies":"Slavers","floor":30,"turns":2},{"damage":39,"enemies":"Automaton","floor":33,"turns":8},{"damage":2,"enemies":"3 Darklings","floor":35,"turns":2},{"damage":4,"enemies":"3 Shapes","floor":36,"turns":2},{"damage":3,"enemies":"Giant Head","floor":40,"turns":2},{"damage":9,"enemies":"Spire Growth","floor":41,"turns":3},{"damage":0,"enemies":"Reptomancer","floor":42,"turns":1},{"damage":0,"enemies":"Nemesis","floor":45,"turns":1},{"damage":1,"enemies":"Writhing Mass","floor":46,"turns":2},{"damage":3,"enemies":"4 Shapes","floor":48,"turns":1},{"damage":41,"enemies":"Awakened One","floor":50,"turns":6}],"seed_played":"5414150561768435775","potions_obtained":[{"floor":1,"key":"EssenceOfSteel"},{"floor":4,"key":"GamblersBrew"},{"floor":12,"key":"SteroidPotion"},{"floor":13,"key":"SpeedPotion"},{"floor":14,"key":"Weak Potion"},{"floor":18,"key":"Poison Potion"},{"floor":20,"key":"Explosive Potion"},{"floor":28,"key":"Strength Potion"},{"floor":30,"key":"GamblersBrew"},{"floor":33,"key":"Energy Potion"},{"floor":35,"key":"SteroidPotion"},{"floor":40,"key":"Energy Potion"},{"floor":42,"key":"Fruit Juice"},{"floor":46,"key":"Explosive Potion"}],"is_trial":false,"path_per_floor":["M","M","?","M","$","E","?","M","T","M","M","M","E","M","R","B",null,"M","?","M","E","?","R","$","M","T","M","M","E","E","T","R","B",null,"M","M","?","?","$","E","M","E","T","R","E","M","$","M","R","B",null],"character_chosen":"THE_SILENT","items_purchased":["Static Discharge","Pummel","Dead Branch","Footwork","Medical Kit","Bronze Scales","Pantograph","Strawberry","War Paint","Orichalcum","Fire Breathing","Loop","Master of Strategy","Dramatic Entrance","Potion Belt","Turbo","Dramatic Entrance","Madness","Conserve Battery"],"campfire_rested":3,"item_purchase_floors":[5,5,24,24,39,39,39,39,39,39,39,39,39,39,39,39,47,47,47],"current_hp_per_floor":[70,70,70,65,65,47,33,29,35,27,24,23,14,3,25,9,82,77,82,67,39,39,63,63,56,62,60,44,44,32,48,79,46,142,140,136,148,138,145,142,133,133,139,139,144,143,143,140,140,130],"gold":19,"neow_bonus":"","is_prod":false,"is_daily":true,"chose_seed":false,"campfire_upgraded":2,"win_rate":0,"timestamp":1555352791,"path_taken":["M","?","?","M","$","E","?","M","T","M","M","M","E","M","R","BOSS","M","?","M","?","?","R","$","M","T","M","M","?","E","?","R","BOSS","M","M","?","?","$","E","M","?","T","R","E","M","$","M","R","BOSS"],"build_version":"2019-01-23","purchased_purges":0,"victory":true,"max_hp_per_floor":[70,70,70,70,70,70,70,70,76,76,76,76,76,76,76,82,82,82,82,82,82,82,82,82,82,88,88,88,88,88,104,104,110,142,142,142,154,154,161,161,161,161,167,167,172,172,172,172,172,178],"card_choices":[{"not_picked":["Reprogram","Prepared"],"picked":"Dagger Throw","floor":1},{"not_picked":["Outmaneuver","Blood for Blood"],"picked":"Cleave","floor":2},{"not_picked":["Fusion","Infernal Blade"],"picked":"Storm","floor":4},{"not_picked":["Clash","Battle Trance"],"picked":"Reckless Charge","floor":6},{"not_picked":["Eviscerate","Steam Power"],"picked":"Static Discharge","floor":8},{"not_picked":["Flame Barrier","Sword Boomerang"],"picked":"Bloodletting","floor":10},{"not_picked":["Thunderclap","Armaments"],"picked":"Buffer","floor":11},{"not_picked":["Compile Driver","Flex"],"picked":"Tempest","floor":12},{"not_picked":["Streamline","Poisoned Stab"],"picked":"Conserve Battery","floor":13},{"not_picked":["Twin Strike","Masterful Stab"],"picked":"Quick Slash","floor":14},{"not_picked":["Fiend Fire","Corpse Explosion"],"picked":"A Thousand Cuts","floor":16},{"not_picked":["Dagger Throw","Ghostly Armor"],"picked":"Shrug It Off+1","floor":18},{"not_picked":["Stack+1","Terror+1"],"picked":"All Out Attack","floor":20},{"not_picked":["Reckless Charge","Dagger Throw"],"picked":"Beam Cell","floor":21},{"not_picked":["Rebound","Streamline"],"picked":"Heatsinks","floor":25},{"not_picked":["Spot Weakness","Shrug It Off+1"],"picked":"BootSequence","floor":27},{"not_picked":["Shockwave","Stack"],"picked":"Leap+1","floor":28},{"not_picked":["Compile Driver","Fusion"],"picked":"Reinforced Body","floor":29},{"not_picked":["Meteor Strike","Dagger Spray"],"picked":"Turbo","floor":30},{"not_picked":["After Image","Fiend Fire"],"picked":"Barricade","floor":33},{"not_picked":["Havoc+1","Heel Hook"],"picked":"White Noise","floor":35},{"not_picked":["Streamline+1","Blood for Blood+1"],"picked":"Underhanded Strike","floor":36},{"not_picked":["Impatience","Forethought"],"picked":"Flash of Steel","floor":38},{"not_picked":["Metamorphosis","Apotheosis"],"picked":"Panacea","floor":38},{"not_picked":["Metamorphosis","Bandage Up"],"picked":"Mind Blast","floor":38},{"not_picked":["Streamline+1","Prepared+1"],"picked":"Rupture+1","floor":40},{"not_picked":["Cold Snap","Shrug It Off"],"picked":"Sweeping Beam+1","floor":41},{"not_picked":["Flechettes","Cleave"],"picked":"Limit Break","floor":42},{"not_picked":["Headbutt","Warcry"],"picked":"Blood for Blood+1","floor":45},{"not_picked":["Poisoned Stab","Leap+1"],"picked":"Warcry+1","floor":46},{"not_picked":["Setup","Crippling Poison"],"picked":"Dagger Throw","floor":48}],"player_experience":486909,"relics_obtained":[{"floor":6,"key":"Bag of Marbles"},{"floor":9,"key":"Gremlin Horn"},{"floor":13,"key":"The Courier"},{"floor":21,"key":"Centennial Puzzle"},{"floor":26,"key":"PreservedInsect"},{"floor":29,"key":"Blue Candle"},{"floor":30,"key":"Ornamental Fan"},{"floor":31,"key":"Pear"},{"floor":34,"key":"Pen Nib"},{"floor":34,"key":"Singing Bowl"},{"floor":34,"key":"Mango"},{"floor":40,"key":"Torii"},{"floor":42,"key":"Frozen Egg 2"},{"floor":43,"key":"Happy Flower"},{"floor":45,"key":"Dream Catcher"}],"event_choices":[{"damage_healed":0,"gold_gain":0,"cards_transformed":["Defend_G"],"player_choice":"Change","damage_taken":0,"max_hp_gain":0,"max_hp_loss":0,"event_name":"Living Wall","floor":3,"gold_loss":0,"cards_obtained":["Expertise"]},{"damage_healed":0,"gold_gain":0,"player_choice":"Entered Light","damage_taken":14,"max_hp_gain":0,"max_hp_loss":0,"event_name":"Shining Light","floor":7,"gold_loss":0,"cards_upgraded":["Defend_G","Dagger Throw"]},{"cards_removed":["Bloodletting"],"damage_healed":5,"gold_gain":0,"player_choice":"Offered Uncommon","damage_taken":0,"max_hp_gain":0,"max_hp_loss":0,"event_name":"Bonfire Elementals","floor":19,"gold_loss":0},{"damage_healed":0,"gold_gain":0,"player_choice":"Ignored","damage_taken":0,"max_hp_gain":0,"max_hp_loss":0,"event_name":"Fountain of Cleansing","floor":22,"gold_loss":0},{"damage_healed":0,"gold_gain":999,"player_choice":"Gold","damage_taken":0,"max_hp_gain":0,"max_hp_loss":0,"event_name":"MindBloom","floor":37,"gold_loss":0,"cards_obtained":["Normality","Normality"]},{"damage_healed":0,"gold_gain":0,"player_choice":"Memory 3","damage_taken":10,"max_hp_gain":0,"max_hp_loss":0,"event_name":"SensoryStone","floor":38,"gold_loss":0}],"is_beta":false,"boss_relics":[{"not_picked":["Empty Cage","HoveringKite"],"picked":"WristBlade"},{"not_picked":["Coffee Dripper","Pandora\u0027s Box"],"picked":"Calling Bell"}],"items_purged_floors":[],"is_endless":false,"potions_floor_spawned":[1,4,12,13,14,18,20,28,30,33,35,40,42,46],"ascension_level":0}