{"gold_per_floor":[115,127,46,56,2,2,19,32,32,43,53,53,53,87,87,87],"floor_reached":16,"playtime":1058,"items_purged":[],"score":208,"play_id":"1cb84890-4826-4f3a-8a4b-bce5261f5788","local_time":"20190622224610","is_ascension_mode":true,"campfire_choices":[{"data":"Cloak And Dagger","floor":6,"key":"SMITH"},{"data":"Infinite Blades","floor":12,"key":"SMITH"},{"data":"Well Laid Plans","floor":15,"key":"SMITH"}],"neow_cost":"NONE","seed_source_timestamp":264585408400200,"circlet_count":0,"master_deck":["AscendersBane","Defend_G","Defend_G","Defend_G","Defend_G","Defend_G","Strike_G","Strike_G","Strike_G","Strike_G","Strike_G","Survivor","Neutralize","Dagger Spray","Cloak And Dagger+1","Infinite Blades+1","Well Laid Plans+1","PiercingWail","Flying Knee","Concentrate","Bouncing Flask","Outmaneuver"],"relics":["Ring of the Snake","Centennial Puzzle","Sundial","Bag of Marbles"],"potions_floor_usage":[8,14,16],"damage_taken":[{"damage":0,"enemies":"Cultist","floor":1,"turns":4},{"damage":1,"enemies":"2 Louse","floor":2,"turns":2},{"damage":0,"enemies":"Jaw Worm","floor":4,"turns":5},{"damage":5,"enemies":"Blue Slaver","floor":7,"turns":4},{"damage":5,"enemies":"Exordium Wildlife","floor":8,"turns":3},{"damage":16,"enemies":"Large Slime","floor":10,"turns":6},{"damage":0,"enemies":"2 Fungi Beasts","floor":11,"turns":4},{"damage":10,"enemies":"3 Sentries","floor":14,"turns":7},{"damage":22,"enemies":"The Guardian","floor":16,"turns":9}],"seed_played":"3951299595200098805","potions_obtained":[{"floor":4,"key":"Fire Potion"},{"floor":7,"key":"Strength Potion"},{"floor":8,"key":"EssenceOfSteel"}],"is_trial":false,"path_per_floor":["M","M","$","M","$","R","M","M","T","M","M","R","?","E","R","B"],"character_chosen":"THE_SILENT","items_purchased":["Infinite Blades","PiercingWail"],"campfire_rested":0,"item_purchase_floors":[3,5],"current_hp_per_floor":[59,58,58,58,58,58,53,48,48,32,32,32,32,22,22,0],"gold":87,"neow_bonus":"RANDOM_COMMON_RELIC","is_prod":false,"is_daily":false,"chose_seed":false,"campfire_upgraded":3,"win_rate":0,"timestamp":1561211170,"path_taken":["M","M","$","M","?","R","M","M","T","M","?","R","?","E","R","BOSS"],"build_version":"2019-01-23","purchased_purges":0,"victory":false,"max_hp_per_floor":[66,66,66,66,66,66,66,66,66,66,66,66,66,66,66,66],"card_choices":[{"not_picked":["Quick Slash","Endless Agony"],"picked":"Dagger Spray","floor":1},{"not_picked":["Sucker Punch","Poisoned Stab"],"picked":"Cloak And Dagger","floor":2},{"not_picked":["Cloak And Dagger","All Out Attack"],"picked":"Well Laid Plans","floor":4},{"not_picked":["Flechettes","Endless Agony"],"picked":"Flying Knee","floor":7},{"not_picked":["Backflip","Calculated Gamble"],"picked":"Concentrate","floor":8},{"not_picked":["Acrobatics","Poisoned Stab"],"picked":"Bouncing Flask","floor":10},{"not_picked":["Dodge and Roll","PiercingWail","Dagger Spray"],"picked":"SKIP","floor":11},{"not_picked":["Dagger Spray","Tools of the Trade"],"picked":"Outmaneuver","floor":14}],"player_experience":1005725,"relics_obtained":[{"floor":9,"key":"Sundial"},{"floor":14,"key":"Bag of Marbles"}],"event_choices":[{"damage_healed":0,"gold_gain":0,"player_choice":"Ignored","damage_taken":0,"max_hp_gain":0,"max_hp_loss":0,"event_name":"Golden Idol","floor":13,"gold_loss":0}],"is_beta":false,"boss_relics":[],"items_purged_floors":[],"is_endless":false,"potions_floor_spawned":[4,7,8,11],"killed_by":"The Guardian","ascension_level":20}