{"gold_per_floor":[212,212,231,231,231,258,258,293,293,313,313,341,341,356,356,455,455,472,472,472,472,472,472,60,60,116,136,136],"floor_reached":28,"playtime":1819,"items_purged":[],"score":280,"play_id":"a428ead6-bfd5-4439-87b3-81eec4b3241d","local_time":"20190219012122","is_ascension_mode":true,"campfire_choices":[{"floor":11,"key":"REST"},{"floor":13,"key":"RECALL"},{"data":"Chaos","floor":15,"key":"SMITH"},{"data":"Hello World","floor":23,"key":"SMITH"}],"neow_cost":"NONE","seed_source_timestamp":157038925382700,"circlet_count":0,"master_deck":["Defend_B+1","Defend_B+1","Defend_B+1","Defend_B+1","Zap","Dualcast","Chill+1","Glacier","Hologram","Cold Snap","Chaos+1","Hello World+1","Blizzard","Multi-Cast","Defragment","Writhe","Bite","Bite","Bite","Bite","Bite","Creative AI","Steam+1"],"relics":["Cracked Core","FossilizedHelix","Dodecahedron","Sundial","Symbiotic Virus","Juzu Bracelet","Eternal Feather","Question Card","Mummified Hand","Tiny Chest"],"potions_floor_usage":[8,8],"damage_taken":[{"damage":0,"enemies":"Small Slimes","floor":1,"turns":3},{"damage":0,"enemies":"Cultist","floor":3,"turns":3},{"damage":16,"enemies":"Gremlin Nob","floor":6,"turns":6},{"damage":18,"enemies":"3 Sentries","floor":8,"turns":16},{"damage":0,"enemies":"2 Louse","floor":10,"turns":2},{"damage":7,"enemies":"Lagavulin","floor":12,"turns":8},{"damage":0,"enemies":"Red Slaver","floor":14,"turns":4},{"damage":9,"enemies":"The Guardian","floor":16,"turns":11},{"damage":18,"enemies":"3 Byrds","floor":18,"turns":6},{"damage":4,"enemies":"Shell Parasite","floor":27,"turns":5},{"damage":55,"enemies":"Book of Stabbing","floor":28,"turns":8}],"seed_played":"1257364452377773870","potions_obtained":[{"floor":3,"key":"Swift Potion"},{"floor":6,"key":"Regen Potion"},{"floor":12,"key":"Swift Potion"}],"is_trial":false,"path_per_floor":["M","?","M","?","?","E","?","E","T","M","R","E","R","M","R","B",null,"M","?","?","?","?","R","$","$","T","M","E"],"character_chosen":"DEFECT","items_purchased":["Mummified Hand","Creative AI"],"campfire_rested":1,"item_purchase_floors":[24,24],"current_hp_per_floor":[75,75,75,75,68,52,52,49,49,49,71,64,64,64,64,55,75,57,57,41,41,41,52,52,52,52,48,0],"gold":136,"neow_bonus":"HUNDRED_GOLD","is_prod":false,"is_daily":false,"chose_seed":false,"campfire_upgraded":2,"win_rate":0,"timestamp":1550539282,"path_taken":["M","?","?","?","?","E","?","E","T","?","R","E","R","M","R","BOSS","M","?","?","?","?","R","?","$","T","M","E"],"build_version":"2019-01-23","purchased_purges":0,"victory":false,"max_hp_per_floor":[75,75,75,75,75,75,75,75,75,75,75,75,75,75,75,75,75,75,75,75,75,52,52,52,52,52,52,52],"card_choices":[{"not_picked":["Sweeping Beam","Undo"],"picked":"Chill","floor":1},{"not_picked":["Hologram","Force Field"],"picked":"Glacier","floor":3},{"not_picked":["Reprogram","Reboot"],"picked":"Hologram","floor":6},{"not_picked":["Amplify","Echo Form"],"picked":"Cold Snap","floor":8},{"not_picked":["Turbo","Leap"],"picked":"Chaos","floor":10},{"not_picked":["Streamline","Glacier"],"picked":"Hello World","floor":12},{"not_picked":["Auto Shields","Compile Driver"],"picked":"Blizzard","floor":14},{"not_picked":["Buffer","Meteor Strike"],"picked":"Multi-Cast","floor":16},{"not_picked":["Steam","Gash"],"picked":"Defragment","floor":18},{"not_picked":["Beam Cell","Sunder+1","Lockon"],"picked":"Steam+1","floor":27}],"player_experience":164583,"relics_obtained":[{"floor":6,"key":"Dodecahedron"},{"floor":8,"key":"Sundial"},{"floor":9,"key":"Symbiotic Virus"},{"floor":12,"key":"Juzu Bracelet"},{"floor":26,"key":"Tiny Chest"}],"event_choices":[{"damage_healed":0,"gold_gain":0,"player_choice":"Upgraded","damage_taken":0,"max_hp_gain":0,"max_hp_loss":0,"event_name":"Upgrade Shrine","floor":2,"gold_loss":0,"cards_upgraded":["Chill"]},{"damage_healed":0,"gold_gain":0,"player_choice":"Box","damage_taken":0,"relics_obtained":["FossilizedHelix"],"max_hp_gain":0,"max_hp_loss":0,"event_name":"Big Fish","floor":4,"gold_loss":0,"cards_obtained":["Regret"]},{"cards_removed":["Regret"],"damage_healed":0,"gold_gain":0,"player_choice":"Card Removal","damage_taken":7,"max_hp_gain":0,"max_hp_loss":0,"event_name":"Golden Wing","floor":5,"gold_loss":0},{"damage_healed":0,"gold_gain":0,"player_choice":"Bought 0 Potions","damage_taken":0,"max_hp_gain":0,"max_hp_loss":0,"event_name":"The Woman in Blue","floor":7,"gold_loss":0},{"damage_healed":0,"gold_gain":0,"player_choice":"Opened","damage_taken":0,"relics_obtained":["Question Card"],"max_hp_gain":0,"max_hp_loss":0,"event_name":"The Mausoleum","floor":19,"gold_loss":0,"cards_obtained":["Writhe"]},{"damage_healed":0,"gold_gain":0,"player_choice":"Obtained Book","damage_taken":16,"max_hp_gain":0,"max_hp_loss":0,"event_name":"Cursed Tome","floor":20,"gold_loss":0},{"damage_healed":0,"gold_gain":0,"player_choice":"Simplicity","damage_taken":0,"max_hp_gain":0,"max_hp_loss":0,"event_name":"Back to Basics","floor":21,"gold_loss":0,"cards_upgraded":["Strike_B","Strike_B","Strike_B","Strike_B","Defend_B","Defend_B","Defend_B","Defend_B"]},{"damage_healed":0,"gold_gain":0,"player_choice":"Became a vampire","damage_taken":0,"max_hp_gain":0,"max_hp_loss":23,"event_name":"Vampires","floor":22,"gold_loss":0,"cards_obtained":["Bite","Bite","Bite","Bite","Bite"]}],"is_beta":false,"boss_relics":[{"not_picked":["Empty Cage","Runic Dome"],"picked":"Eternal Feather"}],"items_purged_floors":[],"is_endless":false,"potions_floor_spawned":[3,6,12],"killed_by":"Book of Stabbing","ascension_level":2}