{"gold_per_floor":[114,114,124,134,134,134,148,148,148,172,15,25,25,55,55,157,207,226,20,20,49,24,24,53,79,102,102,102,131,46,65,65,169,169,187,409,369,381,393,393,408,436,463,463,497,497,497,34,34,34],"floor_reached":50,"playtime":4466,"items_purged":[],"score":689,"play_id":"a4c32dee-07a4-48a3-82f1-be03ac788b4e","local_time":"20190319104501","is_ascension_mode":true,"campfire_choices":[{"floor":6,"key":"RECALL"},{"data":"Skewer","floor":8,"key":"SMITH"},{"data":"Infinite Blades","floor":15,"key":"SMITH"},{"data":"Accuracy","floor":23,"key":"SMITH"},{"floor":28,"key":"REST"},{"floor":32,"key":"REST"},{"floor":40,"key":"REST"},{"floor":44,"key":"REST"},{"floor":47,"key":"REST"},{"data":"Cloak And Dagger","floor":49,"key":"SMITH"}],"neow_cost":"NONE","seed_source_timestamp":1530344098312100,"circlet_count":0,"master_deck":["Defend_G","Defend_G","Defend_G","Defend_G","Survivor","Neutralize","Glass Knife","Skewer+1","Calculated Gamble","Setup","Backstab","Slice+1","Dagger Spray","Infinite Blades+1","Outmaneuver","Die Die Die","Heel Hook","Cloak And Dagger+1","Accuracy+1","Flying Knee","Noxious Fumes+1","Bite","Bite","Bite","Bite","Bite","Slice","Dodge and Roll+1","Die Die Die","Cloak And Dagger+1","Slice","PiercingWail","Deflect+1","Backflip+1","Quick Slash+1"],"relics":["Ring of the Snake","Ornamental Fan","Mercury Hourglass","Odd Mushroom","WarpedTongs","Omamori","Tiny House","Toolbox","Unceasing Top","Red Mask","Darkstone Periapt","Regal Pillow","Happy Flower","PreservedInsect","Empty Cage","Juzu Bracelet","Strawberry","Bird Faced Urn","PrismaticShard","Mummified Hand"],"potions_floor_usage":[4,16,18,21,21,33,33,39,42,42,46],"damage_taken":[{"damage":1,"enemies":"2 Louse","floor":1,"turns":2},{"damage":0,"enemies":"Cultist","floor":3,"turns":3},{"damage":0,"enemies":"Small Slimes","floor":4,"turns":2},{"damage":3,"enemies":"Blue Slaver","floor":7,"turns":4},{"damage":2,"enemies":"The Mushroom Lair","floor":10,"turns":4},{"damage":0,"enemies":"3 Louse","floor":12,"turns":2},{"damage":16,"enemies":"3 Sentries","floor":14,"turns":5},{"damage":37,"enemies":"Hexaghost","floor":16,"turns":11},{"damage":7,"enemies":"3 Byrds","floor":18,"turns":3},{"damage":10,"enemies":"Masked Bandits","floor":21,"turns":3},{"damage":50,"enemies":"Slavers","floor":24,"turns":6},{"damage":15,"enemies":"Gremlin Leader","floor":29,"turns":5},{"damage":10,"enemies":"Shell Parasite","floor":31,"turns":3},{"damage":61,"enemies":"Automaton","floor":33,"turns":9},{"damage":6,"enemies":"Orb Walker","floor":35,"turns":4},{"damage":28,"enemies":"3 Shapes","floor":38,"turns":2},{"damage":25,"enemies":"3 Darklings","floor":39,"turns":4},{"damage":54,"enemies":"4 Shapes","floor":41,"turns":4},{"damage":6,"enemies":"Reptomancer","floor":42,"turns":4},{"damage":48,"enemies":"Nemesis","floor":45,"turns":7},{"damage":5,"enemies":"Transient","floor":46,"turns":4},{"damage":89,"enemies":"Donu and Deca","floor":50,"turns":7}],"seed_played":"-6510825972206108546","potions_obtained":[{"floor":1,"key":"AttackPotion"},{"floor":10,"key":"SmokeBomb"},{"floor":12,"key":"GhostInAJar"},{"floor":16,"key":"Strength Potion"},{"floor":17,"key":"Block Potion"},{"floor":18,"key":"Ancient Potion"},{"floor":29,"key":"Fire Potion"},{"floor":31,"key":"SpeedPotion"},{"floor":35,"key":"PowerPotion"},{"floor":39,"key":"GamblersBrew"},{"floor":41,"key":"Poison Potion"}],"is_trial":false,"path_per_floor":["M","?","M","M","?","R","M","R","T","?","$","M","?","E","R","B",null,"M","$","?","?","$","R","E","T","T","?","R","E","?","M","R","B",null,"M","?","?","M","M","R","M","E","T","R","E","M","R","$","R","B"],"character_chosen":"THE_SILENT","items_purchased":["Blood Vial","Toolbox","Flying Knee","PrismaticShard","Mummified Hand"],"campfire_rested":5,"item_purchase_floors":[11,19,22,48,48],"current_hp_per_floor":[69,69,69,69,69,69,66,66,66,64,64,66,66,52,52,17,75,68,68,68,60,60,60,12,12,12,12,49,43,43,36,73,29,75,69,69,69,41,20,57,7,7,14,53,18,28,67,67,67,0],"gold":34,"neow_bonus":"ONE_RANDOM_RARE_CARD","is_prod":false,"is_daily":false,"chose_seed":false,"campfire_upgraded":4,"win_rate":0,"timestamp":1552992301,"path_taken":["M","?","?","M","?","R","M","R","T","?","?","M","?","E","R","BOSS","M","?","?","?","$","R","E","?","T","?","R","E","?","M","R","BOSS","M","?","?","M","?","R","M","E","T","R","E","M","R","$","R","BOSS"],"build_version":"2019-01-23","purchased_purges":0,"victory":false,"max_hp_per_floor":[70,70,70,70,70,70,70,70,70,70,70,70,70,70,70,70,75,75,75,75,75,75,75,75,75,75,75,75,75,75,75,75,75,75,75,75,75,75,75,75,75,75,82,82,82,82,82,82,82,82],"card_choices":[{"not_picked":["Underhanded Strike","Deadly Poison"],"picked":"Skewer","floor":1},{"not_picked":["Predator","Choke"],"picked":"Setup","floor":3},{"not_picked":["Bouncing Flask","Backflip"],"picked":"Backstab","floor":4},{"not_picked":["Sucker Punch","Terror"],"picked":"Slice","floor":7},{"not_picked":["Prepared","PiercingWail"],"picked":"Dagger Spray","floor":10},{"not_picked":["Reflex","Predator"],"picked":"Infinite Blades","floor":12},{"not_picked":["PiercingWail","Envenom"],"picked":"Outmaneuver","floor":14},{"not_picked":["Bullet Time","Storm of Steel"],"picked":"Die Die Die","floor":16},{"not_picked":["Setup","Slice"],"picked":"Heel Hook","floor":17},{"not_picked":["Underhanded Strike","Flying Knee"],"picked":"Cloak And Dagger","floor":18},{"not_picked":["Dodge and Roll","Slice"],"picked":"Accuracy","floor":21},{"not_picked":["Burst","PiercingWail"],"picked":"Noxious Fumes+1","floor":24},{"not_picked":["Deadly Poison","Poisoned Stab"],"picked":"Slice","floor":29},{"not_picked":["Bouncing Flask","Dagger Spray"],"picked":"Dodge and Roll+1","floor":31},{"not_picked":["Malaise","Envenom"],"picked":"Die Die Die","floor":33},{"not_picked":["Catalyst","Quick Slash"],"picked":"Cloak And Dagger","floor":35},{"not_picked":["Dagger Throw","Prepared"],"picked":"Slice","floor":38},{"not_picked":["Catalyst+1","Masterful Stab"],"picked":"PiercingWail","floor":39},{"not_picked":["Choke","Outmaneuver"],"picked":"Deflect+1","floor":41},{"not_picked":["Deadly Poison+1","Reflex+1"],"picked":"Backflip+1","floor":42},{"not_picked":["Concentrate","Slice"],"picked":"Quick Slash+1","floor":45}],"player_experience":348173,"relics_obtained":[{"floor":9,"key":"Mercury Hourglass"},{"floor":10,"key":"Odd Mushroom"},{"floor":14,"key":"Omamori"},{"floor":21,"key":"Red Mask"},{"floor":24,"key":"Darkstone Periapt"},{"floor":26,"key":"Regal Pillow"},{"floor":29,"key":"Happy Flower"},{"floor":42,"key":"Juzu Bracelet"},{"floor":43,"key":"Strawberry"},{"floor":45,"key":"Bird Faced Urn"}],"event_choices":[{"damage_healed":0,"gold_gain":0,"cards_transformed":["Defend_G"],"player_choice":"Transformed","damage_taken":0,"max_hp_gain":0,"max_hp_loss":0,"event_name":"Transmorgrifier","floor":2,"gold_loss":0,"cards_obtained":["Calculated Gamble"]},{"damage_healed":0,"gold_gain":0,"player_choice":"Box","damage_taken":0,"relics_obtained":["Ornamental Fan"],"max_hp_gain":0,"max_hp_loss":0,"event_name":"Big Fish","floor":5,"gold_loss":0,"cards_obtained":["Regret"]},{"damage_healed":0,"gold_gain":0,"player_choice":"Fought Mushrooms","damage_taken":0,"max_hp_gain":0,"max_hp_loss":0,"event_name":"Mushrooms","floor":10,"gold_loss":0},{"damage_healed":0,"gold_gain":0,"player_choice":"Rummage","damage_taken":0,"relics_obtained":["WarpedTongs"],"max_hp_gain":0,"max_hp_loss":0,"event_name":"Accursed Blacksmith","floor":13,"gold_loss":0,"cards_obtained":["Pain"]},{"damage_healed":0,"gold_gain":0,"player_choice":"Opened","damage_taken":0,"relics_obtained":["Unceasing Top"],"max_hp_gain":0,"max_hp_loss":0,"event_name":"The Mausoleum","floor":20,"gold_loss":0},{"damage_healed":0,"gold_gain":0,"player_choice":"Fought Bandits","damage_taken":0,"max_hp_gain":0,"max_hp_loss":0,"event_name":"Masked Bandits","floor":21,"gold_loss":0},{"damage_healed":0,"gold_gain":0,"player_choice":"Became a vampire (Vial)","damage_taken":0,"max_hp_gain":0,"max_hp_loss":0,"event_name":"Vampires","floor":27,"relics_lost":["Blood Vial"],"gold_loss":0,"cards_obtained":["Bite","Bite","Bite","Bite","Bite"]},{"damage_healed":0,"gold_gain":0,"player_choice":"Obtained Relic","damage_taken":0,"relics_obtained":["PreservedInsect"],"max_hp_gain":0,"max_hp_loss":0,"event_name":"Addict","floor":30,"gold_loss":85},{"damage_healed":0,"gold_gain":222,"player_choice":"Wore Mask","damage_taken":0,"max_hp_gain":0,"max_hp_loss":0,"event_name":"Tomb of Lord Red Mask","floor":36,"gold_loss":0},{"damage_healed":0,"gold_gain":0,"player_choice":"Upgrade","damage_taken":0,"max_hp_gain":0,"max_hp_loss":0,"event_name":"Designer","floor":37,"gold_loss":40,"cards_upgraded":["Cloak And Dagger"]}],"is_beta":false,"boss_relics":[{"not_picked":["Cursed Key","Coffee Dripper"],"picked":"Tiny House"},{"not_picked":["Runic Dome","Lizard Tail"],"picked":"Empty Cage"}],"items_purged_floors":[],"is_endless":false,"potions_floor_spawned":[1,10,12,16,18,29,31,35,39,41,46],"killed_by":"Donu and Deca","ascension_level":3}