{"gold_per_floor":[111,121,46,56,56,86,86,115,115,115,127,187,220,28,28,126,126,138,138,13,13,32,32,61,61,61,74,102,102,26,39,39,39],"floor_reached":33,"playtime":1489,"items_purged":["Strike_G","Strike_G","Strike_G"],"score":361,"play_id":"61263b1a-aca5-4fbe-b7b3-f0c4c673f5b4","local_time":"20181221111138","is_ascension_mode":true,"campfire_choices":[{"data":"Sucker Punch","floor":7.0,"key":"SMITH"},{"floor":10.0,"key":"REST"},{"floor":15.0,"key":"REST"},{"data":"Catalyst","floor":23,"key":"SMITH"},{"data":"Deadly Poison","floor":25,"key":"SMITH"},{"floor":29,"key":"REST"},{"floor":32,"key":"REST"}],"neow_cost":"NONE","seed_source_timestamp":0,"circlet_count":0,"master_deck":["Defend_G","Defend_G","Defend_G","Defend_G","Defend_G","Survivor","Neutralize","All Out Attack","Crippling Poison","Sucker Punch+1","Backflip","Cloak And Dagger","PiercingWail","Deadly Poison+1","Terror","Infinite Blades","Blade Dance","Corpse Explosion","Catalyst+1","Deflect+1","Underhanded Strike","Blade Dance+1","Leg Sweep","A Thousand Cuts","Accuracy","Cloak And Dagger","Noxious Fumes","PiercingWail"],"special_seed":0,"relics":["Ring of the Snake","Prayer Wheel","Blue Candle","Du-Vu Doll","Tiny Chest","Ninja Scroll","Sozu","Anchor","Potion Belt","Dream Catcher"],"potions_floor_usage":[28,28],"damage_taken":[{"damage":0.0,"enemies":"Cultist","floor":1.0,"turns":4.0},{"damage":0.0,"enemies":"2 Louse","floor":2.0,"turns":2.0},{"damage":0.0,"enemies":"Small Slimes","floor":4.0,"turns":3.0},{"damage":18.0,"enemies":"3 Sentries","floor":6.0,"turns":10.0},{"damage":32.0,"enemies":"Lagavulin","floor":8.0,"turns":8.0},{"damage":0.0,"enemies":"2 Fungi Beasts","floor":11.0,"turns":4.0},{"damage":44.0,"enemies":"3 Sentries","floor":13.0,"turns":13.0},{"damage":7.0,"enemies":"The Guardian","floor":16.0,"turns":11.0},{"damage":14,"enemies":"2 Thieves","floor":18,"turns":5},{"damage":7,"enemies":"Spheric Guardian","floor":22,"turns":4},{"damage":24,"enemies":"Book of Stabbing","floor":24,"turns":6},{"damage":11,"enemies":"Snecko","floor":27,"turns":4},{"damage":21,"enemies":"Gremlin Leader","floor":28,"turns":5},{"damage":24,"enemies":"Snake Plant","floor":31,"turns":5},{"damage":27,"enemies":"Collector","floor":33,"turns":3}],"seed_played":"3144402076866997615","potions_obtained":[{"floor":1.0,"key":"SteroidPotion"},{"floor":2.0,"key":"Fire Potion"},{"floor":11.0,"key":"Block Potion"},{"floor":16.0,"key":"Fruit Juice"}],"is_trial":false,"path_per_floor":["M","M","$","M","?","E","R","E","T","R","M","?","E","$","R","B",null,"M","?","$","?","M","R","E","R","T","M","E","R","$","M","R","B"],"character_chosen":"THE_SILENT","items_purchased":["Infinite Blades","Blade Dance","Accuracy"],"campfire_rested":4,"item_purchase_floors":[14,14,30],"current_hp_per_floor":[70,70,70,70,75,57,57,25,25,47,47,47,3,3,25,18,75,61,61,61,61,54,54,30,30,30,19,3,27,27,3,27,0],"gold":39,"neow_bonus":"TRANSFORM_CARD","is_prod":false,"is_daily":false,"chose_seed":false,"campfire_upgraded":3,"win_rate":0,"timestamp":1545408698,"path_taken":["M","M","$","M","?","E","R","E","T","R","M","?","E","$","R","BOSS","M","?","$","?","?","R","E","R","T","M","E","R","$","M","R","BOSS"],"build_version":"2018-12-20","purchased_purges":3,"victory":false,"max_hp_per_floor":[70,70,70,70,75,75,75,75,75,75,75,75,75,75,75,75,75,75,75,75,75,75,75,75,75,75,75,80,80,80,80,80,80],"card_choices":[{"not_picked":["Quick Slash","Blade Dance"],"picked":"Crippling Poison","floor":1.0},{"not_picked":["Flechettes","Finisher"],"picked":"Sucker Punch","floor":2.0},{"not_picked":["Prepared","All Out Attack"],"picked":"Backflip","floor":4.0},{"not_picked":["Expertise","Setup"],"picked":"Cloak And Dagger","floor":6.0},{"not_picked":["Wraith Form v2","Doppelganger"],"picked":"PiercingWail","floor":8.0},{"not_picked":["Quick Slash","Setup"],"picked":"Deadly Poison","floor":11.0},{"not_picked":["Underhanded Strike","Quick Slash","Crippling Poison"],"picked":"SKIP","floor":11.0},{"not_picked":["Quick Slash","Reflex"],"picked":"Terror","floor":13.0},{"not_picked":["Bullet Time","Wraith Form v2"],"picked":"Corpse Explosion","floor":16.0},{"not_picked":["Dodge and Roll","Blur"],"picked":"Catalyst","floor":18},{"not_picked":["Outmaneuver+1","PiercingWail"],"picked":"Deflect+1","floor":18},{"not_picked":["Malaise","Escape Plan"],"picked":"Blade Dance+1","floor":22},{"not_picked":["Dagger Throw","Tactician","Bane"],"picked":"SKIP","floor":22},{"not_picked":["Deflect","Concentrate+1"],"picked":"Leg Sweep","floor":24},{"not_picked":["Terror","Underhanded Strike","Sucker Punch"],"picked":"SKIP","floor":27},{"not_picked":["Flying Knee","Eviscerate","Bane"],"picked":"SKIP","floor":27},{"not_picked":["Cloak And Dagger","Bullet Time"],"picked":"A Thousand Cuts","floor":28},{"not_picked":["Dagger Throw","Reflex"],"picked":"Cloak And Dagger","floor":31},{"not_picked":["PiercingWail","Reflex"],"picked":"Noxious Fumes","floor":31},{"not_picked":["Sucker Punch+1","Corpse Explosion"],"picked":"PiercingWail","floor":32}],"player_experience":197713,"relics_obtained":[{"floor":6.0,"key":"Prayer Wheel"},{"floor":8.0,"key":"Blue Candle"},{"floor":9.0,"key":"Du-Vu Doll"},{"floor":13.0,"key":"Ninja Scroll"},{"floor":24,"key":"Anchor"},{"floor":26,"key":"Potion Belt"},{"floor":28,"key":"Dream Catcher"}],"event_choices":[{"damage_healed":0.0,"max_hp_gain":5.0,"max_hp_loss":0.0,"gold_gain":0.0,"event_name":"Big Fish","player_choice":"Donut","floor":5.0,"gold_loss":0.0,"damage_taken":0.0},{"damage_healed":0.0,"max_hp_gain":0.0,"max_hp_loss":0.0,"gold_gain":30.0,"event_name":"Dead Adventurer","player_choice":"Searched \u00273\u0027 times","floor":12.0,"gold_loss":0.0,"damage_taken":0.0,"relics_obtained":["Tiny Chest"]},{"damage_healed":0,"gold_gain":0,"player_choice":"Ignored","damage_taken":0,"max_hp_gain":0,"max_hp_loss":0,"event_name":"Ghosts","floor":19,"gold_loss":0},{"damage_healed":0,"gold_gain":0,"cards_transformed":["Strike_G"],"player_choice":"Transformed","damage_taken":0,"max_hp_gain":0,"max_hp_loss":0,"event_name":"Transmorgrifier","floor":21,"gold_loss":0,"cards_obtained":["Underhanded Strike"]}],"is_beta":false,"boss_relics":[{"not_picked":["Snecko Eye","HoveringKite"],"picked":"Sozu"}],"items_purged_floors":[3,14,20],"is_endless":false,"potions_floor_spawned":[1,2,11,16,22,24,31],"killed_by":"Collector","ascension_level":4}