{"gold_per_floor":[114,114,129,129,144,144,159,189,264,294,309,309,324,1,1,101,101,116,116,129,144,144,144],"floor_reached":23,"playtime":2132,"items_purged":[],"score":276,"play_id":"598139f5-26ed-4951-b97a-eb553ac01517","local_time":"20190325101158","daily_mods":["Specialized","Red Cards","Binary"],"is_ascension_mode":false,"campfire_choices":[{"data":"After Image","floor":6,"key":"SMITH"},{"data":"After Image","floor":12,"key":"SMITH"},{"floor":15,"key":"REST"}],"neow_cost":"","seed_source_timestamp":0,"circlet_count":0,"master_deck":["Defend_G","Defend_G","Defend_G","Defend_G","Strike_G","Strike_G","Strike_G","Strike_G","Strike_G","Survivor","Neutralize","After Image","After Image","After Image","After Image+1","After Image+1","Havoc","Outmaneuver","Sucker Punch","Sever Soul","Predator","Heel Hook","Distraction","Burning Pact","Clash","Immolate","Choke","PiercingWail","Sword Boomerang+1"],"special_seed":17980,"relics":["Ring of the Snake","Strawberry","Pear","The Specimen","Membership Card","Regal Pillow","Sozu","Enchiridion","Red Mask"],"potions_floor_usage":[8,13,21],"damage_taken":[{"damage":3,"enemies":"Jaw Worm","floor":1,"turns":7},{"damage":0,"enemies":"Cultist","floor":3,"turns":6},{"damage":2,"enemies":"Small Slimes","floor":5,"turns":6},{"damage":7,"enemies":"2 Fungi Beasts","floor":7,"turns":6},{"damage":0,"enemies":"Lagavulin","floor":8,"turns":11},{"damage":7,"enemies":"3 Sentries","floor":10,"turns":12},{"damage":3,"enemies":"Large Slime","floor":11,"turns":7},{"damage":15,"enemies":"Exordium Wildlife","floor":13,"turns":6},{"damage":20,"enemies":"Slime Boss","floor":16,"turns":18},{"damage":0,"enemies":"Spheric Guardian","floor":18,"turns":6},{"damage":38,"enemies":"Masked Bandits","floor":20,"turns":6},{"damage":19,"enemies":"3 Byrds","floor":21,"turns":6},{"damage":29,"enemies":"Gremlin Leader","floor":23,"turns":5}],"seed_played":"7193510018301327522","potions_obtained":[{"floor":3,"key":"SkillPotion"},{"floor":5,"key":"Weak Potion"},{"floor":11,"key":"Swift Potion"}],"is_trial":false,"path_per_floor":["M","?","M","?","M","R","M","E","T","E","M","R","M","$","R","B",null,"M","?","?","M","?","E"],"character_chosen":"THE_SILENT","items_purchased":["Clash","Membership Card","Regal Pillow"],"campfire_rested":1,"item_purchase_floors":[14,14,14],"current_hp_per_floor":[67,72,72,72,70,70,63,70,80,73,70,70,55,55,92,72,92,92,76,38,19,19,0],"gold":144,"neow_bonus":"","is_prod":false,"is_daily":true,"chose_seed":false,"campfire_upgraded":2,"win_rate":0,"timestamp":1553508718,"path_taken":["M","?","M","?","M","R","M","E","T","E","M","R","?","$","R","BOSS","M","?","?","M","?","E"],"build_version":"2019-01-23","purchased_purges":0,"victory":false,"max_hp_per_floor":[70,75,75,75,75,75,75,82,92,92,92,92,92,92,92,92,92,92,92,92,92,92,92],"card_choices":[{"not_picked":["Perfected Strike"],"picked":"Havoc","floor":1},{"not_picked":["Clothesline"],"picked":"Outmaneuver","floor":3},{"not_picked":["Havoc"],"picked":"Sucker Punch","floor":5},{"not_picked":["Pommel Strike"],"picked":"Sever Soul","floor":7},{"not_picked":["Finisher"],"picked":"Predator","floor":8},{"not_picked":["Underhanded Strike"],"picked":"Heel Hook","floor":10},{"not_picked":["Bouncing Flask"],"picked":"Distraction","floor":11},{"not_picked":["Backflip"],"picked":"Burning Pact","floor":13},{"not_picked":["Brutality"],"picked":"Immolate","floor":16},{"not_picked":["Sucker Punch"],"picked":"Choke","floor":18},{"not_picked":["Deadly Poison"],"picked":"PiercingWail","floor":20},{"not_picked":["Armaments"],"picked":"Sword Boomerang+1","floor":21}],"player_experience":381447,"relics_obtained":[{"floor":8,"key":"Strawberry"},{"floor":9,"key":"Pear"},{"floor":10,"key":"The Specimen"},{"floor":19,"key":"Enchiridion"},{"floor":20,"key":"Red Mask"}],"event_choices":[{"damage_healed":0,"gold_gain":0,"player_choice":"Donut","damage_taken":0,"max_hp_gain":5,"max_hp_loss":0,"event_name":"Big Fish","floor":2,"gold_loss":0},{"cards_removed":["Defend_G"],"damage_healed":0,"gold_gain":0,"player_choice":"Offered Basic","damage_taken":0,"max_hp_gain":0,"max_hp_loss":0,"event_name":"Bonfire Elementals","floor":4,"gold_loss":0},{"damage_healed":0,"gold_gain":0,"player_choice":"Obtained Book","damage_taken":16,"max_hp_gain":0,"max_hp_loss":0,"event_name":"Cursed Tome","floor":19,"gold_loss":0},{"damage_healed":0,"gold_gain":0,"player_choice":"Fought Bandits","damage_taken":0,"max_hp_gain":0,"max_hp_loss":0,"event_name":"Masked Bandits","floor":20,"gold_loss":0},{"damage_healed":0,"gold_gain":0,"player_choice":"Ignored","damage_taken":0,"max_hp_gain":0,"max_hp_loss":0,"event_name":"Ghosts","floor":22,"gold_loss":0}],"is_beta":false,"boss_relics":[{"not_picked":["Tiny House","Runic Dome"],"picked":"Sozu"}],"items_purged_floors":[],"is_endless":false,"potions_floor_spawned":[3,5,11,21],"killed_by":"Gremlin Leader","ascension_level":0}