{"gold_per_floor":[214,224,74,74,3,32,32,47,128,138,138,138,154,184,184,288,288,299,120,130,5,18,18,52,52,120,155,155,169,181,192,192,287,287,302,302,322,338,355,380,380,380,680,713,733,733,762,382,382,382,382,382,89,123,123],"floor_reached":56,"playtime":3566,"items_purged":["Strike_G","Phantasmal Killer","Strike_G","Strike_G"],"score":1769,"play_id":"516ba23c-3abf-4023-851d-bf1953f1627a","local_time":"20190518165429","is_ascension_mode":true,"campfire_choices":[{"data":"Noxious Fumes","floor":7,"key":"SMITH"},{"data":"Noxious Fumes","floor":11,"key":"SMITH"},{"data":"Wraith Form v2","floor":15,"key":"SMITH"},{"data":"Footwork","floor":23,"key":"SMITH"},{"data":"Burst","floor":25,"key":"SMITH"},{"data":"Caltrops","floor":32,"key":"SMITH"},{"data":"Caltrops","floor":42,"key":"SMITH"},{"data":"Burst","floor":46,"key":"SMITH"},{"floor":49,"key":"RECALL"},{"data":"Footwork","floor":52,"key":"SMITH"}],"neow_cost":"NONE","seed_source_timestamp":69043502136900,"circlet_count":0,"master_deck":["Defend_G","Defend_G","Defend_G","Defend_G","Defend_G","Strike_G","Survivor","Neutralize","Poisoned Stab","Crippling Poison+1","Caltrops+1","Noxious Fumes+1","Backflip","Noxious Fumes+1","Leg Sweep","Wraith Form v2+1","Burst+1","Well Laid Plans+1","Footwork+1","Dodge and Roll","Deflect","Burst+1","Ghostly","Ghostly","Ghostly","Ghostly","Ghostly","Dodge and Roll+1","Deadly Poison+1","Caltrops+1","Malaise","Caltrops","Wraith Form v2+1","Dodge and Roll","Deflect","Dodge and Roll+1","Noxious Fumes+1","Blur","Footwork+1","Blur"],"relics":["Ring of the Snake","Snake Skull","Meat on the Bone","Potion Belt","Coffee Dripper","Pen Nib","Blood Vial","Sozu","Darkstone Periapt","Old Coin","Juzu Bracelet","Dead Branch","Ancient Tea Set","Orichalcum","Lantern","Centennial Puzzle"],"potions_floor_usage":[55,55,55],"damage_taken":[{"damage":0,"enemies":"Cultist","floor":1,"turns":5},{"damage":3,"enemies":"Small Slimes","floor":2,"turns":4},{"damage":7,"enemies":"Lagavulin","floor":6,"turns":6},{"damage":1,"enemies":"2 Louse","floor":8,"turns":2},{"damage":8,"enemies":"Looter","floor":10,"turns":3},{"damage":11,"enemies":"Lots of Slimes","floor":13,"turns":2},{"damage":17,"enemies":"3 Sentries","floor":14,"turns":6},{"damage":22,"enemies":"The Guardian","floor":16,"turns":9},{"damage":10,"enemies":"Chosen","floor":18,"turns":5},{"damage":7,"enemies":"3 Byrds","floor":20,"turns":4},{"damage":6,"enemies":"Cultist and Chosen","floor":22,"turns":5},{"damage":1,"enemies":"Book of Stabbing","floor":24,"turns":6},{"damage":0,"enemies":"Slavers","floor":27,"turns":4},{"damage":0,"enemies":"3 Cultists","floor":29,"turns":5},{"damage":1,"enemies":"Chosen and Byrds","floor":30,"turns":7},{"damage":2,"enemies":"Centurion and Healer","floor":31,"turns":6},{"damage":0,"enemies":"Champ","floor":33,"turns":11},{"damage":0,"enemies":"Orb Walker","floor":35,"turns":6},{"damage":0,"enemies":"3 Shapes","floor":37,"turns":5},{"damage":0,"enemies":"Maw","floor":38,"turns":9},{"damage":0,"enemies":"3 Darklings","floor":39,"turns":6},{"damage":1,"enemies":"Giant Head","floor":40,"turns":10},{"damage":0,"enemies":"Reptomancer","floor":44,"turns":6},{"damage":3,"enemies":"Transient","floor":45,"turns":5},{"damage":0,"enemies":"Giant Head","floor":47,"turns":9},{"damage":0,"enemies":"Donu and Deca","floor":50,"turns":10},{"damage":0,"enemies":"Shield and Spear","floor":54,"turns":7},{"damage":2,"enemies":"The Heart","floor":55,"turns":8}],"seed_played":"-8033077292735759971","potions_obtained":[{"floor":10,"key":"Swift Potion"},{"floor":13,"key":"Poison Potion"},{"floor":14,"key":"Fire Potion"},{"floor":16,"key":"PowerPotion"},{"floor":18,"key":"Ancient Potion"},{"floor":22,"key":"PowerPotion"},{"floor":30,"key":"Dexterity Potion"},{"floor":33,"key":"GhostInAJar"}],"is_trial":false,"path_per_floor":["M","M","$","?","$","E","R","M","T","M","R","?","M","E","R","B",null,"M","$","M","$","M","R","E","R","T","E","?","M","M","M","R","B",null,"M","?","M","M","M","E","?","R","T","E","M","R","E","$","R","B",null,"R","$","E","B",null],"character_chosen":"THE_SILENT","items_purchased":["Caltrops","Noxious Fumes","Footwork","Footwork","Ancient Tea Set","Orichalcum","Lantern"],"campfire_rested":0,"item_purchase_floors":[3,5,19,48,48,53,53],"current_hp_per_floor":[70,67,67,67,67,60,60,59,59,51,51,51,40,35,35,25,70,60,60,53,53,47,47,46,46,46,46,35,35,34,33,33,35,35,35,35,35,35,35,34,34,34,34,35,32,32,34,34,34,35,35,35,35,35,33],"gold":123,"neow_bonus":"HUNDRED_GOLD","is_prod":false,"is_daily":false,"chose_seed":false,"campfire_upgraded":9,"win_rate":0,"timestamp":1558212869,"path_taken":["M","M","$","?","$","E","R","M","T","?","R","?","M","E","R","BOSS","M","$","M","$","M","R","E","R","T","E","?","M","M","M","R","BOSS","M","?","?","M","M","E","?","R","T","E","M","R","E","?","R","BOSS","R","$","E","BOSS"],"build_version":"2019-01-23","purchased_purges":4,"victory":true,"max_hp_per_floor":[70,70,70,70,70,70,70,70,70,70,70,70,70,70,70,70,70,70,70,70,70,70,70,70,70,70,70,35,35,35,35,35,35,35,35,35,35,35,35,35,35,35,35,35,35,35,35,35,35,35,35,35,35,35,35],"card_choices":[{"not_picked":["Sucker Punch","Backflip"],"picked":"Poisoned Stab","floor":1},{"not_picked":["All Out Attack","Slice"],"picked":"Crippling Poison","floor":2},{"not_picked":["Flechettes","Choke"],"picked":"Backflip","floor":6},{"not_picked":["Tactician","Accuracy","Grand Finale"],"picked":"SKIP","floor":8},{"not_picked":["Dagger Throw","Dagger Spray"],"picked":"Noxious Fumes","floor":10},{"not_picked":["Flechettes","Underhanded Strike"],"picked":"Leg Sweep","floor":13},{"not_picked":["Concentrate","Poisoned Stab"],"picked":"Wraith Form v2","floor":14},{"not_picked":["Phantasmal Killer","Die Die Die"],"picked":"Burst","floor":16},{"not_picked":["Slice","Masterful Stab"],"picked":"Well Laid Plans+1","floor":18},{"not_picked":["Dagger Spray","Blade Dance"],"picked":"Dodge and Roll","floor":20},{"not_picked":["Endless Agony","Slice+1"],"picked":"Deflect","floor":22},{"not_picked":["Quick Slash","Distraction","Calculated Gamble"],"picked":"SKIP","floor":24},{"not_picked":["Dagger Spray","Infinite Blades"],"picked":"Burst","floor":27},{"not_picked":["Slice+1","Accuracy"],"picked":"Dodge and Roll+1","floor":29},{"not_picked":["Outmaneuver+1","Accuracy"],"picked":"Deadly Poison+1","floor":30},{"not_picked":["Flechettes","Sucker Punch+1"],"picked":"Caltrops","floor":31},{"not_picked":["Tools of the Trade","A Thousand Cuts"],"picked":"Malaise","floor":33},{"not_picked":["Calculated Gamble","Infinite Blades+1"],"picked":"Caltrops","floor":35},{"not_picked":["Flying Knee+1","Slice+1"],"picked":"Dodge and Roll","floor":37},{"not_picked":["Prepared+1","Dagger Throw","Cloak And Dagger+1"],"picked":"SKIP","floor":38},{"not_picked":["Caltrops","Tactician+1"],"picked":"Deflect","floor":39},{"not_picked":["Dagger Throw","Malaise"],"picked":"Dodge and Roll+1","floor":40},{"not_picked":["Terror","Cloak And Dagger+1","Accuracy+1"],"picked":"SKIP","floor":44},{"not_picked":["Dagger Throw+1","Dagger Spray"],"picked":"Noxious Fumes+1","floor":45},{"not_picked":["Burst","Acrobatics"],"picked":"Blur","floor":47},{"not_picked":["Leg Sweep","Envenom"],"picked":"Blur","floor":54}],"player_experience":219782,"relics_obtained":[{"floor":6,"key":"Snake Skull"},{"floor":9,"key":"Meat on the Bone"},{"floor":14,"key":"Potion Belt"},{"floor":24,"key":"Pen Nib"},{"floor":27,"key":"Blood Vial"},{"floor":40,"key":"Darkstone Periapt"},{"floor":43,"key":"Old Coin"},{"floor":44,"key":"Juzu Bracelet"},{"floor":47,"key":"Dead Branch"},{"floor":54,"key":"Centennial Puzzle"}],"event_choices":[{"damage_healed":0,"gold_gain":0,"player_choice":"Upgraded","damage_taken":0,"max_hp_gain":0,"max_hp_loss":0,"event_name":"Upgrade Shrine","floor":4,"gold_loss":0,"cards_upgraded":["Crippling Poison"]},{"damage_healed":0,"gold_gain":0,"cards_transformed":["Strike_G"],"player_choice":"Change","damage_taken":0,"max_hp_gain":0,"max_hp_loss":0,"event_name":"Living Wall","floor":12,"gold_loss":0,"cards_obtained":["Phantasmal Killer"]},{"damage_healed":0,"gold_gain":0,"player_choice":"Became a Ghost","damage_taken":0,"max_hp_gain":0,"max_hp_loss":35,"event_name":"Ghosts","floor":28,"gold_loss":0,"cards_obtained":["Ghostly","Ghostly","Ghostly","Ghostly","Ghostly"]},{"damage_healed":0,"gold_gain":0,"player_choice":"Copied","damage_taken":0,"max_hp_gain":0,"max_hp_loss":0,"event_name":"Duplicator","floor":36,"gold_loss":0,"cards_obtained":["Wraith Form v2"]},{"damage_healed":0,"gold_gain":0,"player_choice":"Ignored","damage_taken":0,"max_hp_gain":0,"max_hp_loss":0,"event_name":"Tomb of Lord Red Mask","floor":41,"gold_loss":0}],"is_beta":false,"boss_relics":[{"not_picked":["Tiny House","Runic Dome"],"picked":"Coffee Dripper"},{"not_picked":["Lizard Tail","Orrery"],"picked":"Sozu"}],"items_purged_floors":[3,19,21,48],"is_endless":false,"potions_floor_spawned":[10,13,14,16,18,22,30,33,37,38,40,45],"ascension_level":4}