{"gold_per_floor":[116,129,204,222,236,236,264,264,290,290,319,284,284,311,311,411,411,411,411,411,411,297,297,51,51,51,51,51,51,51,51,51,51,51,51,51,14,14,14,14,14,14,14,14,14,14,14],"floor_reached":47,"playtime":1823,"items_purged":["Strike_B"],"score":528,"play_id":"7da8b0db-d54b-439a-a7d1-20d3fa8f5ad3","local_time":"20181129120018","is_ascension_mode":true,"campfire_choices":[{"data":"Zap","floor":6,"key":"SMITH"},{"data":"Conserve Battery","floor":10,"key":"SMITH"},{"data":"Defragment","floor":13,"key":"SMITH"},{"floor":15,"key":"REST"},{"data":"Sunder","floor":23,"key":"SMITH"},{"data":"Echo Form","floor":25,"key":"SMITH"},{"data":"Loop","floor":27,"key":"SMITH"},{"floor":32,"key":"REST"},{"floor":40,"key":"REST"},{"data":"Loop","floor":41,"key":"SMITH"},{"data":"Loop","floor":42,"key":"SMITH"},{"data":"Glacier","floor":44,"key":"SMITH"}],"neow_cost":"NONE","seed_source_timestamp":255782811185485,"circlet_count":0,"master_deck":["Strike_B","Strike_B+1","Defend_B","Defend_B","Defend_B","Defend_B","Zap+1","Dualcast","White Noise","Conserve Battery+1","Steam","Ball Lightning+1","Reinforced Body+1","Defragment+1","Loop+1","Echo Form+1","Recycle","Sunder+1","Capacitor","Cold Snap","Hologram","Loop+1","Electrodynamics","Loop+1","Double Energy","Glacier+1","Capacitor","Force Field+1","Multi-Cast"],"relics":["Cracked Core","Regal Pillow","Anchor","Omamori","Cables","Ectoplasm","ClockworkSouvenir","Vajra","Whetstone","CultistMask","Nuclear Battery","Unceasing Top","WingedGreaves","Potion Belt"],"potions_floor_usage":[36,47,47],"damage_taken":[{"damage":0,"enemies":"Small Slimes","floor":1,"turns":2},{"damage":6,"enemies":"Jaw Worm","floor":2,"turns":4},{"damage":0,"enemies":"Cultist","floor":4,"turns":4},{"damage":8,"enemies":"3 Louse","floor":5,"turns":3},{"damage":19,"enemies":"Lagavulin","floor":7,"turns":6},{"damage":15,"enemies":"3 Sentries","floor":11,"turns":7},{"damage":12,"enemies":"Lagavulin","floor":14,"turns":8},{"damage":9,"enemies":"Hexaghost","floor":16,"turns":8},{"damage":2,"enemies":"Shell Parasite","floor":18,"turns":5},{"damage":3,"enemies":"3 Byrds","floor":20,"turns":4},{"damage":30,"enemies":"Sentry and Sphere","floor":21,"turns":6},{"damage":19,"enemies":"Gremlin Leader","floor":28,"turns":7},{"damage":0,"enemies":"Chosen and Byrds","floor":29,"turns":6},{"damage":23,"enemies":"Automaton","floor":33,"turns":8},{"damage":21,"enemies":"3 Shapes","floor":35,"turns":2},{"damage":41,"enemies":"3 Darklings","floor":36,"turns":6},{"damage":8,"enemies":"Mind Bloom Boss Battle","floor":38,"turns":8},{"damage":15,"enemies":"Jaw Worm Horde","floor":45,"turns":4},{"damage":18,"enemies":"Maw","floor":46,"turns":7},{"damage":22,"enemies":"Writhing Mass","floor":47,"turns":3}],"seed_played":"532507429565658006","potions_obtained":[{"floor":2,"key":"Explosive Potion"},{"floor":5,"key":"Swift Potion"},{"floor":16,"key":"SteroidPotion"},{"floor":45,"key":"Energy Potion"}],"is_trial":false,"path_per_floor":["M","M","?","M","M","R","E","?","T","R","E","?","R","E","R","B",null,"M","?","M","M","$","R","$","R","T","R","E","M","?","?","R","B",null,"M","M","$","?","?","R","R","R","T","R","M","M","M"],"character_chosen":"DEFECT","items_purchased":["Capacitor","ClockworkSouvenir","Cold Snap","Glacier"],"campfire_rested":3,"item_purchase_floors":[22,24,24,37],"current_hp_per_floor":[75,69,58,58,50,50,31,31,31,31,16,34,34,22,59,50,75,73,73,70,40,40,40,40,40,40,40,21,21,21,21,58,35,75,54,13,13,5,5,42,42,42,42,42,27,9,0],"gold":14,"neow_bonus":"TRANSFORM_CARD","is_prod":false,"is_daily":false,"chose_seed":false,"campfire_upgraded":9,"win_rate":0,"timestamp":1543510818,"path_taken":["M","M","?","M","M","R","E","?","T","R","E","?","R","E","R","BOSS","M","?","M","M","$","R","$","R","T","R","E","M","?","?","R","BOSS","M","M","$","?","?","R","R","R","T","R","M","?","M"],"build_version":"2018-11-15","purchased_purges":1,"victory":false,"max_hp_per_floor":[75,75,75,75,75,75,75,75,75,75,75,75,75,75,75,75,75,75,75,75,75,75,75,75,75,75,75,75,75,75,75,75,75,75,75,75,75,75,75,75,75,75,75,75,75,75,75],"card_choices":[{"not_picked":["Chill","Beam Cell"],"picked":"Conserve Battery","floor":1},{"not_picked":["Sweeping Beam","Genetic Algorithm"],"picked":"Steam","floor":2},{"not_picked":["Recycle","Beam Cell"],"picked":"Ball Lightning","floor":4},{"not_picked":["Gash","Rip and Tear","Ball Lightning"],"picked":"SKIP","floor":5},{"not_picked":["Ball Lightning","Consume"],"picked":"Reinforced Body","floor":7},{"not_picked":["Buffer","Glacier"],"picked":"Defragment","floor":11},{"not_picked":["Conserve Battery","Hologram"],"picked":"Loop","floor":14},{"not_picked":["Machine Learning","Seek"],"picked":"Echo Form","floor":16},{"not_picked":["Aggregate","Reprogram","Beam Cell"],"picked":"SKIP","floor":18},{"not_picked":["Reinforced Body+1","Rip and Tear"],"picked":"Recycle","floor":20},{"not_picked":["Ball Lightning","Rip and Tear"],"picked":"Sunder","floor":21},{"not_picked":["Heatsinks","Barrage"],"picked":"Hologram","floor":28},{"not_picked":["Cold Snap","Hologram"],"picked":"Loop","floor":29},{"not_picked":["Creative AI","Reboot"],"picked":"Electrodynamics","floor":33},{"not_picked":["Beam Cell","Hologram"],"picked":"Loop","floor":35},{"not_picked":["Darkness+1","Streamline+1"],"picked":"Double Energy","floor":36},{"not_picked":["Beam Cell+1","Sweeping Beam+1"],"picked":"Capacitor","floor":38},{"not_picked":["Conserve Battery","Turbo+1"],"picked":"Force Field+1","floor":45},{"not_picked":["Cold Snap","Undo"],"picked":"Multi-Cast","floor":46}],"player_experience":183079,"relics_obtained":[{"floor":7,"key":"Regal Pillow"},{"floor":9,"key":"Anchor"},{"floor":11,"key":"Omamori"},{"floor":14,"key":"Cables"},{"floor":26,"key":"Vajra"},{"floor":28,"key":"Whetstone"},{"floor":38,"key":"Unceasing Top"},{"floor":43,"key":"Potion Belt"}],"event_choices":[{"damage_healed":0,"gold_gain":75,"player_choice":"Gather Gold","damage_taken":11,"max_hp_gain":0,"max_hp_loss":0,"event_name":"World of Goop","floor":3,"gold_loss":0},{"damage_healed":0,"gold_gain":0,"player_choice":"Grow","damage_taken":0,"max_hp_gain":0,"max_hp_loss":0,"event_name":"Living Wall","floor":8,"gold_loss":0,"cards_upgraded":["Reinforced Body"]},{"damage_healed":18,"gold_gain":0,"player_choice":"Healed","damage_taken":0,"max_hp_gain":0,"max_hp_loss":0,"event_name":"The Cleric","floor":12,"gold_loss":35},{"damage_healed":0,"gold_gain":0,"player_choice":"Ignored","damage_taken":0,"max_hp_gain":0,"max_hp_loss":0,"event_name":"Ghosts","floor":19,"gold_loss":0},{"damage_healed":0,"gold_gain":0,"player_choice":"Ignored","damage_taken":0,"max_hp_gain":0,"max_hp_loss":0,"event_name":"Vampires","floor":30,"gold_loss":0},{"damage_healed":0,"gold_gain":0,"player_choice":"Trade","damage_taken":0,"relics_obtained":["CultistMask"],"max_hp_gain":0,"max_hp_loss":0,"event_name":"FaceTrader","floor":31,"gold_loss":0},{"damage_healed":0,"gold_gain":0,"player_choice":"Fight","damage_taken":0,"max_hp_gain":0,"max_hp_loss":0,"event_name":"MindBloom","floor":38,"gold_loss":0},{"damage_healed":0,"gold_gain":0,"player_choice":"Gave Potion","damage_taken":0,"relics_obtained":["WingedGreaves"],"max_hp_gain":0,"max_hp_loss":0,"event_name":"WeMeetAgain","floor":39,"gold_loss":0}],"is_beta":false,"boss_relics":[{"not_picked":["Velvet Choker","Orrery"],"picked":"Ectoplasm"},{"not_picked":["Tiny House","FrozenCore"],"picked":"Nuclear Battery"}],"items_purged_floors":[22],"is_endless":false,"potions_floor_spawned":[2,5,16,21,29,45],"killed_by":"Writhing Mass","ascension_level":3}