{"gold_per_floor":[115,134,151,76,76,76,105,105,105,105,61,61,72,22,22,101,101,113,113,113,123,142,142,162,162],"floor_reached":25,"playtime":1591,"items_purged":[],"score":427,"play_id":"619c3677-fbe4-4603-9f9a-9b6f4ec21967","local_time":"20190629041620","is_ascension_mode":true,"campfire_choices":[{"data":"Flying Knee","floor":6.0,"key":"SMITH"},{"data":"1","floor":10.0,"key":"LIFT"},{"data":"2","floor":12.0,"key":"LIFT"},{"data":"3","floor":15.0,"key":"LIFT"},{"floor":23.0,"key":"REST"}],"neow_cost":"NONE","seed_source_timestamp":802048494273600,"circlet_count":0,"master_deck":["AscendersBane","Survivor","Neutralize+1","Flying Knee+1","Catalyst","Calculated Gamble","Well Laid Plans","Deadly Poison","Cloak And Dagger","Burst","Tactician","Malaise","Prepared","Doppelganger","Night Terror","Dash","Underhanded Strike","Unload","Bane+1","Bite","Bite","Bite","Bite","Bite","Blade Dance","Dagger Throw+1"],"special_seed":0,"relics":["Ring of the Snake","Dead Branch","Anchor","Girya","Pandora\u0027s Box"],"potions_floor_usage":[],"damage_taken":[{"damage":8.0,"enemies":"Small Slimes","floor":1.0,"turns":5.0},{"damage":0.0,"enemies":"2 Louse","floor":2.0,"turns":4.0},{"damage":0.0,"enemies":"Jaw Worm","floor":3.0,"turns":4.0},{"damage":9.0,"enemies":"3 Sentries","floor":7.0,"turns":6.0},{"damage":0.0,"enemies":"3 Louse","floor":13.0,"turns":3.0},{"damage":26.0,"enemies":"Slime Boss","floor":16.0,"turns":10.0},{"damage":3.0,"enemies":"2 Thieves","floor":18.0,"turns":3.0},{"damage":21.0,"enemies":"Shell Parasite","floor":21.0,"turns":5.0},{"damage":35.0,"enemies":"3 Cultists","floor":22.0,"turns":6.0},{"damage":18.0,"enemies":"Snake Plant","floor":24.0,"turns":4.0},{"damage":10,"enemies":"Shelled Parasite and Fungi","floor":25,"turns":2}],"seed_played":"-2340289825877514306","potions_obtained":[{"floor":3.0,"key":"Poison Potion"},{"floor":13.0,"key":"Weak Potion"},{"floor":16.0,"key":"Strength Potion"},{"floor":18.0,"key":"Strength Potion"},{"floor":24.0,"key":"Ancient Potion"}],"is_trial":false,"path_per_floor":["M","M","M","?","?","R","E","?","T","R","$","R","M","$","R","B",null,"M","?","?","M","M","R","M","M"],"character_chosen":"THE_SILENT","items_purchased":["Well Laid Plans","Cloak And Dagger"],"campfire_rested":1,"item_purchase_floors":[11,14],"current_hp_per_floor":[51,51,51,51,46,46,37,37,37,37,37,37,37,37,37,11,52,49,46,46,31,2,15,5,0],"gold":162,"neow_bonus":"UPGRADE_CARD","is_prod":false,"is_daily":false,"chose_seed":false,"campfire_upgraded":1,"win_rate":0,"timestamp":1561749380,"path_taken":["M","M","M","?","?","R","E","?","T","R","$","R","M","$","R","BOSS","M","?","?","M","M","R","M","?"],"build_version":"2019-01-23","purchased_purges":0,"victory":false,"max_hp_per_floor":[66,66,66,66,66,66,66,66,66,66,66,66,66,66,66,66,66,66,46,46,46,46,46,46,46],"card_choices":[{"not_picked":["Sucker Punch","Flechettes"],"picked":"Flying Knee","floor":1.0},{"not_picked":["Acrobatics","Dodge and Roll","Accuracy"],"picked":"SKIP","floor":2.0},{"not_picked":["Prepared","Quick Slash"],"picked":"Catalyst","floor":3.0},{"not_picked":["Dagger Throw","Slice"],"picked":"Calculated Gamble","floor":7.0},{"not_picked":["Catalyst","Expertise"],"picked":"Deadly Poison","floor":13.0},{"not_picked":["A Thousand Cuts","Envenom"],"picked":"Burst","floor":16.0},{"not_picked":["Escape Plan+1","Deadly Poison"],"picked":"Bane+1","floor":18.0},{"not_picked":["Choke","Dagger Spray"],"picked":"Blade Dance","floor":21.0},{"not_picked":["Eviscerate","Finisher"],"picked":"Dagger Throw+1","floor":22.0},{"not_picked":["Acrobatics","Grand Finale","Deflect"],"picked":"SKIP","floor":24.0}],"player_experience":1023720,"relics_obtained":[{"floor":7.0,"key":"Anchor"},{"floor":9.0,"key":"Girya"}],"event_choices":[{"cards_removed":["Strike_G"],"damage_healed":0.0,"max_hp_gain":0.0,"max_hp_loss":0.0,"gold_gain":0.0,"event_name":"The Cleric","player_choice":"Card Removal","floor":4.0,"gold_loss":75.0,"damage_taken":0.0},{"damage_healed":0.0,"max_hp_gain":0.0,"max_hp_loss":0.0,"gold_gain":0.0,"event_name":"Scrap Ooze","player_choice":"Success","floor":5.0,"gold_loss":0.0,"damage_taken":5.0,"relics_obtained":["Dead Branch"]},{"damage_healed":0.0,"max_hp_gain":0.0,"max_hp_loss":0.0,"gold_gain":0.0,"event_name":"Shining Light","player_choice":"Ignored","floor":8.0,"gold_loss":0.0,"damage_taken":0.0},{"damage_healed":0.0,"max_hp_gain":0.0,"max_hp_loss":20.0,"gold_gain":0.0,"event_name":"Vampires","player_choice":"Became a vampire","floor":19.0,"gold_loss":0.0,"damage_taken":0.0,"cards_obtained":["Bite","Bite","Bite","Bite","Bite"]},{"cards_removed":["Acrobatics"],"damage_healed":0.0,"max_hp_gain":0.0,"max_hp_loss":0.0,"gold_gain":0.0,"event_name":"Purifier","player_choice":"Purged","floor":20.0,"gold_loss":0.0,"damage_taken":0.0}],"is_beta":false,"boss_relics":[{"not_picked":["Eternal Feather","Tiny House"],"picked":"Pandora\u0027s Box"}],"items_purged_floors":[],"is_endless":false,"potions_floor_spawned":[3,13,16,18,24],"killed_by":"Shelled Parasite and Fungi","ascension_level":20}