{"gold_per_floor":[110,110,123,123,123,156,156,192,237,270,295,22,22,297,297,417,417,431,454,15,15,0,12],"floor_reached":23,"playtime":1197,"items_purged":[],"score":287,"play_id":"e927e833-4684-40de-bf60-800acc40e0c3","local_time":"20190328234033","is_ascension_mode":true,"campfire_choices":[{"floor":7,"key":"RECALL"},{"floor":13,"key":"REST"},{"floor":15,"key":"REST"}],"neow_cost":"NONE","seed_source_timestamp":2357736722173700,"circlet_count":0,"master_deck":["Defend_G+1","Defend_G","Defend_G","Defend_G+1","Defend_G","Strike_G","Strike_G","Strike_G","Strike_G","Strike_G","Survivor","Neutralize","Skewer","Poisoned Stab","Dagger Spray","Dagger Spray","Flechettes","Distraction","Jack Of All Trades","Deflect","Regret","Storm of Steel","Bouncing Flask+1","Dagger Spray","Backstab","Dagger Spray","Shame"],"relics":["Ring of the Snake","NeowsBlessing","Golden Idol","Pen Nib","Potion Belt","Regal Pillow","Lantern","Incense Burner","Odd Mushroom","Strawberry","Eternal Feather","MealTicket","War Paint","MawBank"],"potions_floor_usage":[8,11,16],"damage_taken":[{"damage":0,"enemies":"Small Slimes","floor":1,"turns":1},{"damage":0,"enemies":"Jaw Worm","floor":3,"turns":1},{"damage":0,"enemies":"3 Sentries","floor":6,"turns":1},{"damage":34,"enemies":"Lagavulin","floor":8,"turns":6},{"damage":10,"enemies":"3 Sentries","floor":10,"turns":4},{"damage":4,"enemies":"The Mushroom Lair","floor":11,"turns":3},{"damage":68,"enemies":"Slime Boss","floor":16,"turns":13},{"damage":49,"enemies":"Spheric Guardian","floor":18,"turns":6},{"damage":18,"enemies":"3 Byrds","floor":19,"turns":3},{"damage":10,"enemies":"Book of Stabbing","floor":23,"turns":1}],"seed_played":"2858562198890894102","potions_obtained":[{"floor":1,"key":"Dexterity Potion"},{"floor":3,"key":"AttackPotion"},{"floor":10,"key":"PowerPotion"},{"floor":11,"key":"Regen Potion"}],"is_trial":false,"path_per_floor":["M","?","M","?","?","E","R","E","T","E","?","$","R","?","R","B",null,"M","M","$","?","?","E"],"character_chosen":"THE_SILENT","items_purchased":["Strawberry","Jack Of All Trades","Deflect","Backstab","MealTicket","War Paint","Dagger Spray"],"campfire_rested":2,"item_purchase_floors":[12,12,12,20,20,20,20],"current_hp_per_floor":[70,65,65,58,58,58,58,24,24,14,10,17,53,53,72,7,72,23,5,5,5,5,0],"gold":12,"neow_bonus":"THREE_ENEMY_KILL","is_prod":false,"is_daily":false,"chose_seed":false,"campfire_upgraded":0,"win_rate":0,"timestamp":1553816433,"path_taken":["M","?","M","?","?","E","R","E","T","E","?","?","R","?","R","BOSS","M","?","?","?","?","E"],"build_version":"2019-01-23","purchased_purges":0,"victory":false,"max_hp_per_floor":[70,65,65,65,65,65,65,65,65,65,65,72,72,72,72,72,72,72,72,72,72,72,72],"card_choices":[{"not_picked":["Dodge and Roll","Quick Slash"],"picked":"Skewer","floor":1},{"not_picked":["Well Laid Plans","Concentrate"],"picked":"Poisoned Stab","floor":3},{"not_picked":["Flechettes","Slice"],"picked":"Dagger Spray","floor":6},{"not_picked":["Acrobatics","Endless Agony"],"picked":"Dagger Spray","floor":8},{"not_picked":["Deflect","Distraction"],"picked":"Flechettes","floor":10},{"not_picked":["Outmaneuver","Cloak And Dagger"],"picked":"Distraction","floor":11},{"not_picked":["Phantasmal Killer","Doppelganger"],"picked":"Storm of Steel","floor":16},{"not_picked":["Prepared","Blur"],"picked":"Bouncing Flask+1","floor":18},{"not_picked":["Terror","Tactician"],"picked":"Dagger Spray","floor":19}],"player_experience":404099,"relics_obtained":[{"floor":6,"key":"Potion Belt"},{"floor":8,"key":"Regal Pillow"},{"floor":9,"key":"Lantern"},{"floor":10,"key":"Incense Burner"},{"floor":11,"key":"Odd Mushroom"}],"event_choices":[{"damage_healed":0,"gold_gain":0,"player_choice":"Lose Max HP","damage_taken":0,"relics_obtained":["Golden Idol"],"max_hp_gain":0,"max_hp_loss":5,"event_name":"Golden Idol","floor":2,"gold_loss":0},{"damage_healed":0,"gold_gain":0,"player_choice":"Success","damage_taken":7,"relics_obtained":["Pen Nib"],"max_hp_gain":0,"max_hp_loss":0,"event_name":"Scrap Ooze","floor":4,"gold_loss":0},{"damage_healed":0,"gold_gain":0,"player_choice":"Ignored","damage_taken":0,"max_hp_gain":0,"max_hp_loss":0,"event_name":"Golden Wing","floor":5,"gold_loss":0},{"damage_healed":0,"gold_gain":0,"player_choice":"Fought Mushrooms","damage_taken":0,"max_hp_gain":0,"max_hp_loss":0,"event_name":"Mushrooms","floor":11,"gold_loss":0},{"damage_healed":0,"gold_gain":275,"player_choice":"Desecrate","damage_taken":0,"max_hp_gain":0,"max_hp_loss":0,"event_name":"Golden Shrine","floor":14,"gold_loss":0,"cards_obtained":["Regret"]},{"damage_healed":0,"gold_gain":0,"player_choice":"Stole Relic","damage_taken":0,"relics_obtained":["MawBank"],"max_hp_gain":0,"max_hp_loss":0,"event_name":"Addict","floor":21,"gold_loss":0,"cards_obtained":["Shame"]},{"damage_healed":0,"gold_gain":0,"player_choice":"Paid Fearfully","damage_taken":0,"max_hp_gain":0,"max_hp_loss":0,"event_name":"Masked Bandits","floor":22,"gold_loss":27}],"is_beta":false,"boss_relics":[{"not_picked":["Snecko Eye","Ring of the Serpent"],"picked":"Eternal Feather"}],"items_purged_floors":[],"is_endless":false,"potions_floor_spawned":[1,3,10,11],"killed_by":"Book of Stabbing","ascension_level":3}