{"gold_per_floor":[360,212,223,239,239,239,274,274,274,288,30,62,62,76,76,76],"floor_reached":16,"playtime":646,"items_purged":["Strike_G"],"score":160,"play_id":"fbb13ce9-24e9-4841-9030-cccab5a52131","local_time":"20190627121803","is_ascension_mode":true,"campfire_choices":[{"data":"Riddle With Holes","floor":6,"key":"SMITH"},{"floor":8,"key":"REST"},{"data":"Caltrops","floor":15,"key":"SMITH"}],"neow_cost":"PERCENT_DAMAGE","seed_source_timestamp":1125693028136600,"circlet_count":0,"master_deck":["Defend_G","Defend_G","Defend_G","Defend_G","Defend_G","Strike_G","Strike_G","Strike_G","Strike_G","Survivor","Neutralize","Cloak And Dagger","Infinite Blades","Riddle With Holes+1","Crippling Poison+1","Leg Sweep","Backstab","Caltrops+1","Deflect"],"relics":["Ring of the Snake","Blue Candle","Question Card","Mummified Hand","PreservedInsect"],"potions_floor_usage":[16,16],"damage_taken":[{"damage":0,"enemies":"2 Louse","floor":1,"turns":3},{"damage":0,"enemies":"Cultist","floor":3,"turns":4},{"damage":0,"enemies":"Jaw Worm","floor":4,"turns":4},{"damage":17,"enemies":"3 Sentries","floor":7,"turns":11},{"damage":5,"enemies":"Looter","floor":10,"turns":4},{"damage":15,"enemies":"Gremlin Nob","floor":12,"turns":4},{"damage":4,"enemies":"Blue Slaver","floor":14,"turns":4},{"damage":28,"enemies":"Hexaghost","floor":16,"turns":11}],"seed_played":"6988663468119353133","potions_obtained":[{"floor":4,"key":"Fire Potion"},{"floor":7,"key":"Ancient Potion"},{"floor":10,"key":"SkillPotion"},{"floor":13,"key":"AttackPotion"}],"is_trial":false,"path_per_floor":["M","$","M","M","?","R","E","R","T","M","$","E","?","M","R","B"],"character_chosen":"THE_SILENT","items_purchased":["Infinite Blades","Mummified Hand"],"campfire_rested":1,"item_purchase_floors":[2,11],"current_hp_per_floor":[45,45,45,45,45,45,28,49,49,44,44,29,29,25,25,0],"gold":76,"neow_bonus":"TWO_FIFTY_GOLD","is_prod":false,"is_daily":false,"chose_seed":false,"campfire_upgraded":2,"win_rate":0,"timestamp":1561652283,"path_taken":["M","$","M","M","?","R","E","R","T","M","$","E","?","M","R","BOSS"],"build_version":"2019-01-23","purchased_purges":1,"victory":false,"max_hp_per_floor":[70,70,70,70,70,70,70,70,70,70,70,70,70,70,70,70],"card_choices":[{"not_picked":["Flying Knee","PiercingWail"],"picked":"Cloak And Dagger","floor":1},{"not_picked":["Sucker Punch","Slice"],"picked":"Riddle With Holes","floor":3},{"not_picked":["PiercingWail","Flying Knee"],"picked":"Crippling Poison","floor":4},{"not_picked":["Acrobatics","Tactician"],"picked":"Leg Sweep","floor":7},{"not_picked":["Blade Dance","Slice","Blur"],"picked":"Backstab","floor":10},{"not_picked":["Sucker Punch","Underhanded Strike","Leg Sweep"],"picked":"Caltrops","floor":12},{"not_picked":["Dagger Throw","Leg Sweep","Underhanded Strike"],"picked":"Deflect","floor":14}],"player_experience":290190,"relics_obtained":[{"floor":7,"key":"Blue Candle"},{"floor":9,"key":"Question Card"},{"floor":12,"key":"PreservedInsect"}],"event_choices":[{"damage_healed":0,"gold_gain":0,"player_choice":"Grow","damage_taken":0,"max_hp_gain":0,"max_hp_loss":0,"event_name":"Living Wall","floor":5,"gold_loss":0,"cards_upgraded":["Crippling Poison"]},{"damage_healed":0,"gold_gain":0,"player_choice":"Got Potions","damage_taken":0,"max_hp_gain":0,"max_hp_loss":0,"event_name":"Lab","floor":13,"gold_loss":0}],"is_beta":false,"boss_relics":[],"items_purged_floors":[2],"is_endless":false,"potions_floor_spawned":[4,7,10,14],"killed_by":"Hexaghost","ascension_level":9}