{"gold_per_floor":[112,131,56,74,24,53,132,132,159,187,199,233,233,250,250,351,351,364,289,339,17,28,53,53,86,109,128,128,163,163,95,95,200,200,217,217,217,217,69,69,69,101,101,127,127,156,156,173,173,173],"floor_reached":51,"playtime":2495,"items_purged":["Defend_G"],"score":933,"play_id":"235f28e0-7be4-4cf1-99af-e7e75e461e1c","local_time":"20181124130858","is_ascension_mode":true,"campfire_choices":[{"data":"All Out Attack","floor":8,"key":"SMITH"},{"floor":15,"key":"REST"},{"data":"A Thousand Cuts","floor":24,"key":"SMITH"},{"data":"Burst","floor":28,"key":"SMITH"},{"floor":32,"key":"REST"},{"data":"Madness","floor":40,"key":"SMITH"},{"data":"Madness","floor":41,"key":"SMITH"},{"data":"Accuracy","floor":45,"key":"SMITH"},{"floor":49,"key":"REST"}],"neow_cost":"NONE","seed_source_timestamp":751979587191436,"circlet_count":0,"master_deck":["Defend_G","Defend_G","Defend_G","Defend_G","Strike_G","Survivor","Neutralize","All Out Attack+1","Backflip","Flying Knee","After Image","Cloak And Dagger","PiercingWail","Backstab","Burst+1","Blade Dance+1","Accuracy+1","A Thousand Cuts+1","Dodge and Roll","Deadly Poison+1","Well Laid Plans","Skewer","After Image","Accuracy","Glass Knife","Injury","Slice+1","Madness+1","Madness+1","Trip","Leg Sweep+1","Blade Dance+1","Malaise+1","Decay","Cloak And Dagger+1"],"relics":["Ring of the Snake","Vajra","Bag of Marbles","Boot","Snake Skull","Mummified Hand","WristBlade","Ornamental Fan","Omamori","Kunai","Centennial Puzzle","Bottled Tornado","Calling Bell","Bronze Scales","Pantograph","WingedGreaves","Blood Vial","Happy Flower","Potion Belt","Girya","Meat on the Bone","Toxic Egg 2"],"potions_floor_usage":[12,50,50,50,50],"damage_taken":[{"damage":0,"enemies":"2 Louse","floor":1,"turns":2},{"damage":7,"enemies":"Small Slimes","floor":2,"turns":3},{"damage":0,"enemies":"Jaw Worm","floor":4,"turns":3},{"damage":34,"enemies":"Lagavulin","floor":6,"turns":11},{"damage":14,"enemies":"Gremlin Nob","floor":10,"turns":4},{"damage":0,"enemies":"3 Louse","floor":11,"turns":1},{"damage":9,"enemies":"Lagavulin","floor":12,"turns":8},{"damage":2,"enemies":"Lots of Slimes","floor":14,"turns":3},{"damage":8,"enemies":"The Guardian","floor":16,"turns":14},{"damage":1,"enemies":"3 Byrds","floor":18,"turns":6},{"damage":0,"enemies":"Shell Parasite","floor":22,"turns":3},{"damage":7,"enemies":"Book of Stabbing","floor":23,"turns":5},{"damage":0,"enemies":"Slavers","floor":25,"turns":4},{"damage":10,"enemies":"Sentry and Sphere","floor":27,"turns":4},{"damage":20,"enemies":"Gremlin Leader","floor":29,"turns":5},{"damage":11,"enemies":"Collector","floor":33,"turns":7},{"damage":4,"enemies":"3 Darklings","floor":35,"turns":3},{"damage":2,"enemies":"Nemesis","floor":42,"turns":3},{"damage":11,"enemies":"Reptomancer","floor":44,"turns":8},{"damage":4,"enemies":"Giant Head","floor":46,"turns":7},{"damage":0,"enemies":"Orb Walker","floor":48,"turns":2},{"damage":20,"enemies":"Donu and Deca","floor":50,"turns":8}],"seed_played":"-6852931689903804654","potions_obtained":[{"floor":1,"key":"Swift Potion"},{"floor":6,"key":"Explosive Potion"},{"floor":14,"key":"EssenceOfSteel"},{"floor":22,"key":"SkillPotion"},{"floor":23,"key":"PowerPotion"},{"floor":42,"key":"LiquidBronze"},{"floor":48,"key":"GhostInAJar"}],"is_trial":false,"path_per_floor":["M","M","$","M","?","E","?","R","T","E","M","E","?","M","R","B",null,"M","?","?","$","M","E","R","E","T","M","R","E","?","$","R","B",null,"M","?","?","T","$","R","R","E","T","E","R","E","?","M","R","B",null],"character_chosen":"THE_SILENT","items_purchased":["Accuracy","Ornamental Fan","Accuracy","Happy Flower"],"campfire_rested":3,"item_purchase_floors":[21,21,31,39],"current_hp_per_floor":[70,63,63,63,63,29,29,29,29,15,15,6,6,4,25,17,70,69,69,69,69,69,62,62,62,62,52,52,32,32,32,53,42,70,66,57,57,57,57,57,57,57,57,48,48,46,46,48,69,50],"gold":173,"neow_bonus":"RANDOM_COMMON_RELIC","is_prod":false,"is_daily":false,"chose_seed":false,"campfire_upgraded":6,"win_rate":0,"timestamp":1543082938,"path_taken":["M","M","$","M","?","E","?","R","T","E","M","E","?","M","R","BOSS","M","?","?","$","?","E","R","E","T","M","R","E","?","$","R","BOSS","M","?","?","?","$","R","R","E","T","E","R","E","?","M","R","BOSS"],"build_version":"2018-11-15","purchased_purges":1,"victory":true,"max_hp_per_floor":[70,70,70,70,70,70,70,70,70,70,70,70,70,70,70,70,70,70,70,70,70,70,70,70,70,70,70,70,70,70,70,70,70,70,70,70,70,70,70,70,70,70,70,70,70,70,70,70,70,70],"card_choices":[{"not_picked":["Bane","Masterful Stab"],"picked":"All Out Attack","floor":1},{"not_picked":["Quick Slash","Slice"],"picked":"Backflip","floor":2},{"not_picked":["Heel Hook","Reflex","Distraction"],"picked":"SKIP","floor":4},{"not_picked":["Grand Finale","Choke"],"picked":"Flying Knee","floor":6},{"not_picked":["Backflip","Blade Dance"],"picked":"After Image","floor":10},{"not_picked":["Finisher","Tactician"],"picked":"Cloak And Dagger","floor":11},{"not_picked":["Concentrate","Blade Dance"],"picked":"PiercingWail","floor":12},{"not_picked":["Bane","Crippling Poison"],"picked":"Backstab","floor":14},{"not_picked":["Venomology","Unload"],"picked":"Burst","floor":16},{"not_picked":["Dagger Throw+1","Backflip"],"picked":"Blade Dance+1","floor":18},{"not_picked":["Choke","Dagger Spray","Dagger Throw"],"picked":"SKIP","floor":22},{"not_picked":["Masterful Stab+1","Heel Hook"],"picked":"A Thousand Cuts","floor":23},{"not_picked":["Slice","Flechettes"],"picked":"Dodge and Roll","floor":25},{"not_picked":["Dagger Spray","Masterful Stab+1"],"picked":"Deadly Poison+1","floor":27},{"not_picked":["Distraction+1","Cloak And Dagger+1"],"picked":"Well Laid Plans","floor":29},{"not_picked":["Die Die Die","Burst"],"picked":"Glass Knife","floor":33},{"not_picked":["Underhanded Strike+1","Acrobatics"],"picked":"Slice+1","floor":35},{"not_picked":["Finesse","Impatience"],"picked":"Trip","floor":37},{"not_picked":["Tactician","Prepared"],"picked":"Leg Sweep+1","floor":42},{"not_picked":["Doppelganger","Leg Sweep+1"],"picked":"Blade Dance+1","floor":44},{"not_picked":["Setup+1","Outmaneuver+1"],"picked":"Malaise","floor":46},{"not_picked":["Predator","Escape Plan+1"],"picked":"Cloak And Dagger+1","floor":48}],"player_experience":158407,"relics_obtained":[{"floor":6,"key":"Bag of Marbles"},{"floor":9,"key":"Boot"},{"floor":10,"key":"Snake Skull"},{"floor":12,"key":"Mummified Hand"},{"floor":23,"key":"Omamori"},{"floor":25,"key":"Kunai"},{"floor":26,"key":"Centennial Puzzle"},{"floor":29,"key":"Bottled Tornado"},{"floor":34,"key":"Bronze Scales"},{"floor":34,"key":"Pantograph"},{"floor":34,"key":"WingedGreaves"},{"floor":38,"key":"Blood Vial"},{"floor":42,"key":"Potion Belt"},{"floor":43,"key":"Girya"},{"floor":44,"key":"Meat on the Bone"},{"floor":46,"key":"Toxic Egg 2"}],"event_choices":[{"cards_removed":["Strike_G"],"damage_healed":0,"gold_gain":0,"player_choice":"Card Removal","damage_taken":0,"max_hp_gain":0,"max_hp_loss":0,"event_name":"The Cleric","floor":5,"gold_loss":50},{"damage_healed":0,"gold_gain":79,"player_choice":"Gained Gold","damage_taken":0,"max_hp_gain":0,"max_hp_loss":0,"event_name":"Golden Wing","floor":7,"gold_loss":0},{"damage_healed":0,"gold_gain":0,"player_choice":"Ignored","damage_taken":0,"max_hp_gain":0,"max_hp_loss":0,"event_name":"Golden Idol","floor":13,"gold_loss":0},{"cards_removed":["Strike_G"],"damage_healed":0,"gold_gain":0,"player_choice":"Gave Gold","damage_taken":0,"max_hp_gain":0,"max_hp_loss":0,"event_name":"Beggar","floor":19,"gold_loss":75},{"damage_healed":0,"gold_gain":100,"player_choice":"Bet on Murderer","damage_taken":0,"max_hp_gain":0,"max_hp_loss":0,"event_name":"The Joust","floor":20,"gold_loss":50},{"damage_healed":0,"gold_gain":0,"cards_transformed":["Strike_G","Strike_G"],"player_choice":"Became Test Subject","damage_taken":0,"max_hp_gain":0,"max_hp_loss":0,"event_name":"Drug Dealer","floor":30,"gold_loss":0,"cards_obtained":["Skewer","After Image"]},{"damage_healed":0,"gold_gain":0,"player_choice":"Embrace Madness","damage_taken":9,"max_hp_gain":0,"max_hp_loss":0,"event_name":"Winding Halls","floor":36,"gold_loss":0,"cards_obtained":["Madness","Madness"]},{"damage_healed":0,"gold_gain":0,"player_choice":"Memory 1","damage_taken":0,"max_hp_gain":0,"max_hp_loss":0,"event_name":"SensoryStone","floor":37,"gold_loss":0},{"damage_healed":0,"gold_gain":0,"player_choice":"Cursed","damage_taken":0,"max_hp_gain":0,"max_hp_loss":0,"event_name":"Wheel of Change","floor":47,"gold_loss":0,"cards_obtained":["Decay"]}],"is_beta":false,"boss_relics":[{"not_picked":["Black Star","Lizard Tail"],"picked":"WristBlade"},{"not_picked":["Empty Cage","Orrery"],"picked":"Calling Bell"}],"items_purged_floors":[3],"is_endless":false,"potions_floor_spawned":[1,6,14,22,23,29,33,35,42,48],"ascension_level":2}