{"gold_per_floor":[111,122,122,141,155,183,183,210,210,210,227,9,23,23,23,23],"floor_reached":16,"playtime":578,"items_purged":["Strike_R"],"score":162,"play_id":"47d0f48c-e503-4a9c-bf77-652d13cec320","local_time":"20190626015400","is_ascension_mode":true,"campfire_choices":[{"data":"Double Tap","floor":7,"key":"SMITH"},{"data":"Spot Weakness","floor":10,"key":"SMITH"},{"floor":15,"key":"REST"}],"neow_cost":"NONE","seed_source_timestamp":1001915598293600,"circlet_count":0,"master_deck":["Strike_R","Strike_R","Strike_R","Defend_R","Defend_R","Defend_R","Defend_R","Bash","Clothesline","Headbutt","True Grit","Spot Weakness+1","Double Tap+1","Entrench","Twin Strike","Sword Boomerang","Armaments"],"relics":["Burning Blood","Dream Catcher","Anchor","Boot","Bag of Preparation","Bronze Scales"],"potions_floor_usage":[6],"damage_taken":[{"damage":4,"enemies":"Small Slimes","floor":1,"turns":5},{"damage":2,"enemies":"Cultist","floor":2,"turns":4},{"damage":4,"enemies":"Jaw Worm","floor":4,"turns":4},{"damage":13,"enemies":"Red Slaver","floor":5,"turns":5},{"damage":23,"enemies":"Lagavulin","floor":6,"turns":6},{"damage":40,"enemies":"3 Sentries","floor":8,"turns":7},{"damage":16,"enemies":"Lots of Slimes","floor":11,"turns":6},{"damage":1,"enemies":"Looter","floor":13,"turns":2},{"damage":43,"enemies":"The Guardian","floor":16,"turns":6}],"seed_played":"3898308126795529004","potions_obtained":[{"floor":5,"key":"AttackPotion"},{"floor":6,"key":"SpeedPotion"}],"is_trial":false,"path_per_floor":["M","M","?","M","M","E","R","E","T","R","M","$","M","$","R","B"],"character_chosen":"IRONCLAD","items_purchased":["Bronze Scales"],"campfire_rested":1,"item_purchase_floors":[12],"current_hp_per_floor":[74,78,78,80,73,56,56,22,22,22,12,12,17,17,41,0],"gold":23,"neow_bonus":"RANDOM_COMMON_RELIC","is_prod":false,"is_daily":false,"chose_seed":false,"campfire_upgraded":2,"win_rate":0,"timestamp":1561528440,"path_taken":["M","M","?","M","M","E","R","E","T","R","M","?","M","$","R","BOSS"],"build_version":"2019-01-23","purchased_purges":1,"victory":false,"max_hp_per_floor":[80,80,80,80,80,80,80,80,80,80,80,80,80,80,80,80],"card_choices":[{"not_picked":["Twin Strike","Hemokinesis"],"picked":"Clothesline","floor":1},{"not_picked":["Blood for Blood","Clothesline"],"picked":"Headbutt","floor":2},{"not_picked":["Seeing Red","Clothesline"],"picked":"True Grit","floor":4},{"not_picked":["Anger","Flame Barrier"],"picked":"Spot Weakness","floor":5},{"not_picked":["Pummel","Entrench"],"picked":"Double Tap","floor":6},{"not_picked":["Perfected Strike","Clash"],"picked":"Entrench","floor":8},{"not_picked":["Havoc","Pommel Strike"],"picked":"Twin Strike","floor":11},{"not_picked":["Carnage","Headbutt"],"picked":"Sword Boomerang","floor":13},{"not_picked":["Heavy Blade","Twin Strike"],"picked":"Armaments","floor":15}],"player_experience":282088,"relics_obtained":[{"floor":6,"key":"Anchor"},{"floor":8,"key":"Boot"},{"floor":9,"key":"Bag of Preparation"}],"event_choices":[{"cards_removed":["Strike_R"],"damage_healed":0,"gold_gain":0,"player_choice":"Card Removal","damage_taken":0,"max_hp_gain":0,"max_hp_loss":0,"event_name":"Wheel of Change","floor":3,"gold_loss":0}],"is_beta":false,"boss_relics":[],"items_purged_floors":[12],"is_endless":false,"potions_floor_spawned":[5,6],"killed_by":"The Guardian","ascension_level":9}