{"gold_per_floor":[116,116,134,59,77,106,106,131,155,214,228,228,228,403,403,501,501,511,511,123,143,143,143,157,187,187,207,223,223,223,255,255,358,358,369,369,382,304,91,91,121,141,141,0,19,31,31,31,31,31],"floor_reached":51,"playtime":2713,"items_purged":["Strike_B"],"score":837,"play_id":"ca432159-fec3-45b1-9c39-82a0524c54c5","local_time":"20181029174416","is_ascension_mode":true,"campfire_choices":[{"data":"Fusion","floor":7,"key":"SMITH"},{"floor":13,"key":"REST"},{"floor":15,"key":"REST"},{"data":"Hyperbeam","floor":23,"key":"SMITH"},{"data":"Meteor Strike","floor":30,"key":"SMITH"},{"floor":32,"key":"REST"},{"data":"Defragment","floor":40,"key":"SMITH"},{"data":"Glacier","floor":47,"key":"SMITH"},{"data":"BootSequence","floor":49,"key":"SMITH"}],"neow_cost":"NONE","seed_source_timestamp":1664636569848096,"circlet_count":0,"master_deck":["Zap+1","Dualcast+1","Hyperbeam+1","Fusion+1","Leap+1","Redo+1","Rip and Tear+1","Scrape+1","Sweeping Beam+1","Conserve Battery+1","Meteor Strike+1","Cold Snap+1","Conserve Battery+1","Coolheaded+1","Force Field+1","Turbo+1","Consume+1","Cold Snap+1","Sunder+1","Gash+1","Go for the Eyes+1","Gash+1","Good Instincts+1","Gash+1","Machine Learning+1","Reboot+1","Glacier+1","Defragment+1","BootSequence+1","Beam Cell+1","Aggregate+1"],"relics":["Cracked Core","Pen Nib","Omamori","PreservedInsect","Oddly Smooth Stone","Vajra","Pandora\u0027s Box","Incense Burner","Whetstone","Peace Pipe","Unceasing Top","Inserter","Mark of the Bloom","Anchor","Boot","Blue Candle","Red Mask"],"potions_floor_usage":[11,18,21,28,45,50],"damage_taken":[{"damage":0,"enemies":"2 Louse","floor":1,"turns":1},{"damage":4,"enemies":"Small Slimes","floor":3,"turns":2},{"damage":3,"enemies":"Cultist","floor":5,"turns":4},{"damage":33,"enemies":"3 Sentries","floor":6,"turns":6},{"damage":17,"enemies":"Lagavulin","floor":8,"turns":5},{"damage":16,"enemies":"Gremlin Nob","floor":10,"turns":3},{"damage":0,"enemies":"Looter","floor":11,"turns":2},{"damage":0,"enemies":"Slime Boss","floor":16,"turns":7},{"damage":3,"enemies":"Chosen","floor":18,"turns":4},{"damage":1,"enemies":"3 Byrds","floor":21,"turns":5},{"damage":7,"enemies":"Centurion and Healer","floor":24,"turns":4},{"damage":18,"enemies":"Gremlin Leader","floor":25,"turns":4},{"damage":9,"enemies":"Snake Plant","floor":27,"turns":4},{"damage":14,"enemies":"Snecko","floor":28,"turns":4},{"damage":0,"enemies":"Slavers","floor":31,"turns":1},{"damage":3,"enemies":"Collector","floor":33,"turns":6},{"damage":6,"enemies":"3 Shapes","floor":35,"turns":4},{"damage":15,"enemies":"3 Darklings","floor":37,"turns":3},{"damage":0,"enemies":"Reptomancer","floor":41,"turns":3},{"damage":4,"enemies":"Transient","floor":42,"turns":5},{"damage":0,"enemies":"Maw","floor":45,"turns":7},{"damage":3,"enemies":"4 Shapes","floor":46,"turns":3},{"damage":32,"enemies":"Time Eater","floor":50,"turns":7}],"seed_played":"994131429942631310","potions_obtained":[{"floor":1,"key":"SpeedPotion"},{"floor":3,"key":"Block Potion"},{"floor":6,"key":"Block Potion"},{"floor":11,"key":"Fruit Juice"},{"floor":25,"key":"Energy Potion"},{"floor":27,"key":"Weak Potion"},{"floor":28,"key":"FairyPotion"},{"floor":31,"key":"Fire Potion"},{"floor":45,"key":"Block Potion"}],"is_trial":false,"path_per_floor":["M","?","M","$","M","E","R","E","T","?","M","?","R","?","R","B",null,"M","?","$","M","?","R","M","E","T","M","M","?","R","E","R","B",null,"M","?","M","$","$","R","E","M","T","?","M","M","R","$","R","B"],"character_chosen":"DEFECT","items_purchased":["Gash","Incense Burner","Go for the Eyes","Glacier","Defragment","Anchor"],"campfire_rested":3,"item_purchase_floors":[20,20,20,38,39,39],"current_hp_per_floor":[75,75,71,71,68,35,35,18,18,2,2,2,24,24,46,46,75,77,77,77,76,76,76,69,51,51,42,28,28,28,28,52,49,80,74,74,59,59,59,59,59,55,55,55,55,52,52,52,52,20],"gold":31,"neow_bonus":"ONE_RANDOM_RARE_CARD","is_prod":false,"is_daily":false,"chose_seed":false,"campfire_upgraded":6,"win_rate":0,"timestamp":1540849456,"path_taken":["M","?","M","$","M","E","R","E","T","?","M","?","R","?","R","BOSS","M","?","$","M","?","R","M","E","T","M","M","?","R","E","R","BOSS","M","?","M","?","$","R","E","?","T","?","M","M","R","$","R","BOSS"],"build_version":"2018-10-25v2","purchased_purges":1,"victory":true,"max_hp_per_floor":[75,75,75,75,75,75,75,75,75,75,75,75,75,75,75,75,75,80,80,80,80,80,80,80,80,80,80,80,80,80,80,80,80,80,80,80,80,80,80,80,80,80,80,80,80,80,80,80,80,80],"card_choices":[{"not_picked":["Melter","Recycle"],"picked":"Fusion","floor":1},{"not_picked":["Streamline","Redo"],"picked":"Leap","floor":3},{"not_picked":["Recycle","Coolheaded"],"picked":"Redo","floor":5},{"not_picked":["Multi-Cast","Chaos"],"picked":"Rip and Tear","floor":6},{"not_picked":["Streamline","Blizzard"],"picked":"Scrape","floor":8},{"not_picked":["Redo","Steam Power"],"picked":"Sweeping Beam","floor":10},{"not_picked":["Steam","Gash"],"picked":"Conserve Battery","floor":11},{"not_picked":["Creative AI","Multi-Cast"],"picked":"Meteor Strike","floor":16},{"not_picked":["Go for the Eyes+1","Force Field+1"],"picked":"Sunder+1","floor":18},{"not_picked":["Steam","Barrage"],"picked":"Gash+1","floor":21},{"not_picked":["Electrodynamics","Coolheaded","Force Field+1"],"picked":"SKIP","floor":24},{"not_picked":["Turbo","Scrape","Compile Driver"],"picked":"SKIP","floor":25},{"not_picked":["Ball Lightning","Storm+1"],"picked":"Gash+1","floor":27},{"not_picked":["Ball Lightning","Force Field","Turbo"],"picked":"SKIP","floor":28},{"not_picked":["Capacitor","Heatsinks"],"picked":"Machine Learning","floor":31},{"not_picked":["Amplify","Biased Cognition"],"picked":"Reboot","floor":33},{"not_picked":["Barrage+1","Stack","Go for the Eyes"],"picked":"SKIP","floor":35},{"not_picked":["Coolheaded","Stack+1","Cold Snap+1"],"picked":"SKIP","floor":37},{"not_picked":["Turbo+1","Redo"],"picked":"BootSequence","floor":41},{"not_picked":["Go for the Eyes+1","Redo"],"picked":"Beam Cell+1","floor":42},{"not_picked":["Ball Lightning","Scrape+1"],"picked":"Aggregate+1","floor":45},{"not_picked":["Leap+1","Beam Cell+1","Undo+1"],"picked":"SKIP","floor":46}],"player_experience":127292,"relics_obtained":[{"floor":6,"key":"Omamori"},{"floor":8,"key":"PreservedInsect"},{"floor":9,"key":"Oddly Smooth Stone"},{"floor":10,"key":"Vajra"},{"floor":25,"key":"Whetstone"},{"floor":26,"key":"Peace Pipe"},{"floor":31,"key":"Unceasing Top"},{"floor":41,"key":"Boot"},{"floor":43,"key":"Blue Candle"}],"event_choices":[{"damage_healed":0,"gold_gain":0,"player_choice":"Box","damage_taken":0,"relics_obtained":["Pen Nib"],"max_hp_gain":0,"max_hp_loss":0,"event_name":"Big Fish","floor":2,"gold_loss":0,"cards_obtained":["Regret"]},{"damage_healed":0,"gold_gain":0,"player_choice":"Searched \u00271\u0027 times","damage_taken":0,"max_hp_gain":0,"max_hp_loss":0,"event_name":"Dead Adventurer","floor":10,"gold_loss":0},{"cards_removed":["Regret"],"damage_healed":0,"gold_gain":0,"player_choice":"Removed Curses","damage_taken":0,"max_hp_gain":0,"max_hp_loss":0,"event_name":"Fountain of Cleansing","floor":12,"gold_loss":0},{"damage_healed":0,"gold_gain":175,"player_choice":"AGREE","damage_taken":0,"max_hp_gain":0,"max_hp_loss":0,"event_name":"Liars Game","floor":14,"gold_loss":0,"cards_obtained":["Doubt"]},{"damage_healed":0,"gold_gain":0,"player_choice":"Ignored","damage_taken":0,"max_hp_gain":0,"max_hp_loss":0,"event_name":"Ghosts","floor":19,"gold_loss":0},{"damage_healed":0,"gold_gain":0,"player_choice":"1 cards matched","damage_taken":0,"max_hp_gain":0,"max_hp_loss":0,"event_name":"Match and Keep!","floor":22,"gold_loss":0,"cards_obtained":["Good Instincts"]},{"damage_healed":0,"gold_gain":0,"player_choice":"Smashed Altar","damage_taken":0,"max_hp_gain":0,"max_hp_loss":0,"event_name":"Forgotten Altar","floor":29,"gold_loss":0,"cards_obtained":["Decay"]},{"damage_healed":0,"gold_gain":0,"player_choice":"Upgrade","damage_taken":0,"relics_obtained":["Mark of the Bloom"],"max_hp_gain":0,"max_hp_loss":0,"event_name":"MindBloom","floor":36,"gold_loss":0,"cards_upgraded":["Zap","Dualcast","Leap","Redo","Rip and Tear","Scrape","Conserve Battery","Conserve Battery","Coolheaded","Force Field","Turbo","Consume","Cold Snap","Gash","Go for the Eyes","Good Instincts","Machine Learning","Reboot"]},{"damage_healed":0,"gold_gain":0,"player_choice":"Paid","damage_taken":0,"relics_obtained":["Red Mask"],"max_hp_gain":0,"max_hp_loss":0,"event_name":"Tomb of Lord Red Mask","floor":44,"gold_loss":141}],"is_beta":false,"boss_relics":[{"not_picked":["Philosopher\u0027s Stone","Runic Pyramid"],"picked":"Pandora\u0027s Box"},{"not_picked":["Fusion Hammer","Runic Dome"],"picked":"Inserter"}],"items_purged_floors":[4],"is_endless":false,"potions_floor_spawned":[1,3,6,11,16,25,27,28,31,41,45,46],"ascension_level":1}