{"gold_per_floor":[213,213,226,68,80,144,156,156,179,195,252,276,294,294],"floor_reached":14,"playtime":1023,"items_purged":[],"score":106,"play_id":"22dd76cf-5004-49e8-807a-fa5469610a40","local_time":"20190322210905","is_ascension_mode":true,"campfire_choices":[{"floor":8,"key":"REST"}],"neow_cost":"NONE","seed_source_timestamp":1830429383278100,"circlet_count":0,"master_deck":["Defend_G","Defend_G","Defend_G","Defend_G","Defend_G","Strike_G","Strike_G","Strike_G","Strike_G","Strike_G","Survivor","Neutralize","Dodge and Roll","Noxious Fumes","Flash of Steel","Flying Knee","Dodge and Roll","Sucker Punch","Skewer","Endless Agony","Deadly Poison","Crippling Poison","Terror","Deflect"],"relics":["Ring of the Snake","GremlinMask","Tiny Chest","Strawberry","Lantern","Odd Mushroom"],"potions_floor_usage":[5,6,10,11],"damage_taken":[{"damage":1,"enemies":"Jaw Worm","floor":1,"turns":5},{"damage":0,"enemies":"Cultist","floor":3,"turns":5},{"damage":2,"enemies":"2 Louse","floor":5,"turns":2},{"damage":20,"enemies":"Gremlin Nob","floor":6,"turns":5},{"damage":8,"enemies":"Looter","floor":7,"turns":4},{"damage":14,"enemies":"3 Louse","floor":10,"turns":4},{"damage":31,"enemies":"Lagavulin Event","floor":11,"turns":6},{"damage":6,"enemies":"The Mushroom Lair","floor":12,"turns":4},{"damage":12,"enemies":"Exordium Thugs","floor":13,"turns":4},{"damage":10,"enemies":"3 Sentries","floor":14,"turns":2}],"seed_played":"7294713505548417259","potions_obtained":[{"floor":1,"key":"PowerPotion"},{"floor":5,"key":"Weak Potion"},{"floor":7,"key":"SkillPotion"},{"floor":10,"key":"AttackPotion"}],"is_trial":false,"path_per_floor":["M","?","M","$","M","E","M","R","T","M","?","?","M","E"],"character_chosen":"THE_SILENT","items_purchased":["Flash of Steel","Flying Knee","Dodge and Roll"],"campfire_rested":1,"item_purchase_floors":[4,4,4],"current_hp_per_floor":[69,69,69,69,67,47,39,60,67,53,22,16,4,0],"gold":294,"neow_bonus":"HUNDRED_GOLD","is_prod":false,"is_daily":false,"chose_seed":false,"campfire_upgraded":0,"win_rate":0,"timestamp":1553288945,"path_taken":["M","?","?","$","M","E","M","R","T","M","?","?","M","E"],"build_version":"2019-01-23","purchased_purges":0,"victory":false,"max_hp_per_floor":[70,70,70,70,70,70,70,70,77,77,77,77,77,77],"card_choices":[{"not_picked":["Concentrate","Underhanded Strike"],"picked":"Dodge and Roll","floor":1},{"not_picked":["Deadly Poison","Dagger Throw"],"picked":"Noxious Fumes","floor":3},{"not_picked":["Reflex","Prepared"],"picked":"Sucker Punch","floor":5},{"not_picked":["Outmaneuver","Dagger Throw"],"picked":"Skewer","floor":6},{"not_picked":["Unload","Quick Slash"],"picked":"Endless Agony","floor":7},{"not_picked":["Deflect","Dodge and Roll"],"picked":"Deadly Poison","floor":10},{"not_picked":["Backstab","Dagger Spray"],"picked":"Crippling Poison","floor":11},{"not_picked":["Dagger Spray","Acrobatics"],"picked":"Terror","floor":12},{"not_picked":["PiercingWail","Underhanded Strike"],"picked":"Deflect","floor":13}],"player_experience":366851,"relics_obtained":[{"floor":6,"key":"Tiny Chest"},{"floor":9,"key":"Strawberry"},{"floor":12,"key":"Odd Mushroom"}],"event_choices":[{"damage_healed":0,"gold_gain":0,"player_choice":"Trade","damage_taken":0,"relics_obtained":["GremlinMask"],"max_hp_gain":0,"max_hp_loss":0,"event_name":"FaceTrader","floor":2,"gold_loss":0},{"damage_healed":0,"gold_gain":0,"player_choice":"Searched \u00272\u0027 times","damage_taken":0,"relics_obtained":["Lantern"],"max_hp_gain":0,"max_hp_loss":0,"event_name":"Dead Adventurer","floor":11,"gold_loss":0},{"damage_healed":0,"gold_gain":0,"player_choice":"Fought Mushrooms","damage_taken":0,"max_hp_gain":0,"max_hp_loss":0,"event_name":"Mushrooms","floor":12,"gold_loss":0}],"is_beta":false,"boss_relics":[],"items_purged_floors":[],"is_endless":false,"potions_floor_spawned":[1,5,7,10],"killed_by":"3 Sentries","ascension_level":3}