{"gold_per_floor":[116,40,40,115,115,150,162,162],"floor_reached":8,"playtime":132,"items_purged":[],"score":87,"play_id":"c64c4c6e-233c-4b1b-a421-c00629735532","local_time":"20181109113852","is_ascension_mode":true,"campfire_choices":[],"neow_cost":"NONE","seed_source_timestamp":2599332126454315,"circlet_count":0,"master_deck":["Strike_R","Strike_R","Strike_R","Strike_R","Strike_R","Defend_R","Defend_R","Defend_R","Bash","True Grit+1","Feel No Pain","Second Wind","Thunderclap"],"relics":["Burning Blood","NeowsBlessing","Anchor"],"potions_floor_usage":[],"damage_taken":[{"damage":0,"enemies":"Cultist","floor":1,"turns":1},{"damage":0,"enemies":"Lagavulin","floor":6,"turns":1},{"damage":0,"enemies":"Jaw Worm","floor":7,"turns":1},{"damage":0,"enemies":"Gremlin Nob","floor":8,"turns":2}],"seed_played":"9192721594820468654","potions_obtained":[{"floor":6,"key":"GamblersBrew"}],"is_trial":false,"path_per_floor":["M","$","?","?","?","E","M","E"],"character_chosen":"IRONCLAD","items_purchased":["Feel No Pain"],"campfire_rested":0,"item_purchase_floors":[2],"current_hp_per_floor":[80,80,80,69,62,68,74,74],"gold":162,"neow_bonus":"THREE_ENEMY_KILL","is_prod":false,"is_daily":false,"chose_seed":false,"campfire_upgraded":0,"win_rate":0,"timestamp":1541781532,"path_taken":["M","$","?","?","?","E","?","E"],"build_version":"2018-11-08","purchased_purges":0,"victory":false,"max_hp_per_floor":[80,80,80,80,80,80,80,80],"card_choices":[{"not_picked":["Anger","Clash"],"picked":"True Grit","floor":1},{"not_picked":["Armaments","Heavy Blade"],"picked":"Second Wind","floor":6},{"not_picked":["Intimidate","Armaments","Thunderclap"],"picked":"SKIP","floor":7},{"not_picked":["Intimidate","Armaments"],"picked":"Thunderclap","floor":7}],"player_experience":135837,"relics_obtained":[{"floor":6,"key":"Anchor"}],"event_choices":[{"damage_healed":0,"gold_gain":0,"player_choice":"Grow","damage_taken":0,"max_hp_gain":0,"max_hp_loss":0,"event_name":"Living Wall","floor":3,"gold_loss":0,"cards_upgraded":["True Grit"]},{"damage_healed":0,"gold_gain":75,"player_choice":"Gather Gold","damage_taken":11,"max_hp_gain":0,"max_hp_loss":0,"event_name":"World of Goop","floor":4,"gold_loss":0},{"cards_removed":["Defend_R"],"damage_healed":0,"gold_gain":0,"player_choice":"Card Removal","damage_taken":7,"max_hp_gain":0,"max_hp_loss":0,"event_name":"Golden Wing","floor":5,"gold_loss":0}],"is_beta":false,"boss_relics":[],"items_purged_floors":[],"is_endless":false,"potions_floor_spawned":[6],"killed_by":"Gremlin Nob","ascension_level":2}