{"gold_per_floor":[113,129,15,28,47,47,76,76,76,76,108,108,108,108,108,203,203,214,214,229,245,263,263,278,278,278,203,221,221,221],"floor_reached":30,"playtime":1402,"items_purged":["Strike_B"],"score":252,"play_id":"70f88a9f-f7c9-469d-9310-3b100194f5bf","local_time":"20181029120526","is_ascension_mode":true,"campfire_choices":[{"data":"Zap","floor":6,"key":"SMITH"},{"data":"Dualcast","floor":8,"key":"SMITH"},{"data":"Capacitor","floor":12,"key":"SMITH"},{"data":"Conserve Battery","floor":15,"key":"SMITH"},{"data":"Sunder","floor":23,"key":"SMITH"},{"data":"Ball Lightning","floor":25,"key":"SMITH"},{"data":"Electrodynamics","floor":29,"key":"SMITH"}],"neow_cost":"NONE","seed_source_timestamp":1645623558489092,"circlet_count":0,"master_deck":["Strike_B","Strike_B","Defend_B","Defend_B+1","Zap+1","Dualcast+1","Coolheaded+1","Stack","Capacitor+1","Cold Snap","Ball Lightning+1","Conserve Battery+1","Electrodynamics+1","Sunder+1","Darkness+1","Undo","Redo","Self Repair+1"],"relics":["Cracked Core","War Paint","Bottled Tornado","Du-Vu Doll","Darkstone Periapt","Snecko Eye","Frozen Egg 2"],"potions_floor_usage":[7,11],"damage_taken":[{"damage":1,"enemies":"Cultist","floor":1,"turns":3},{"damage":0,"enemies":"Jaw Worm","floor":2,"turns":6},{"damage":5,"enemies":"2 Louse","floor":4,"turns":3},{"damage":8,"enemies":"Large Slime","floor":5,"turns":9},{"damage":4,"enemies":"3 Sentries","floor":7,"turns":11},{"damage":12,"enemies":"Gremlin Nob","floor":11,"turns":4},{"damage":12,"enemies":"Slime Boss","floor":16,"turns":15},{"damage":5,"enemies":"Chosen","floor":18,"turns":4},{"damage":9,"enemies":"Shell Parasite","floor":20,"turns":6},{"damage":25,"enemies":"Snake Plant","floor":21,"turns":4},{"damage":10,"enemies":"Centurion and Healer","floor":22,"turns":6},{"damage":0,"enemies":"Snecko","floor":24,"turns":6},{"damage":6,"enemies":"Snake Plant","floor":28,"turns":3},{"damage":11,"enemies":"Book of Stabbing","floor":30,"turns":4}],"seed_played":"-3563355517139435488","potions_obtained":[{"floor":1,"key":"Block Potion"},{"floor":4,"key":"Ancient Potion"},{"floor":5,"key":"Weak Potion"},{"floor":16,"key":"AttackPotion"},{"floor":22,"key":"Ancient Potion"},{"floor":28,"key":"Regen Potion"}],"is_trial":false,"path_per_floor":["M","M","$","M","M","R","E","R","T","$","E","R","T","?","R","B",null,"M","?","M","M","M","R","M","R","T","?","M","R"],"character_chosen":"DEFECT","items_purchased":["Capacitor"],"campfire_rested":0,"item_purchase_floors":[3],"current_hp_per_floor":[74,74,74,69,61,61,57,57,57,57,45,45,45,38,38,26,75,70,70,61,36,26,26,26,26,26,26,20,20,9],"gold":221,"neow_bonus":"REMOVE_CARD","is_prod":false,"is_daily":false,"chose_seed":false,"campfire_upgraded":7,"win_rate":0,"timestamp":1540829126,"path_taken":["M","M","$","M","M","R","E","R","T","?","E","R","?","?","R","BOSS","M","?","M","M","?","R","M","R","T","?","M","R","E"],"build_version":"2018-10-25v2","purchased_purges":1,"victory":false,"max_hp_per_floor":[75,75,75,75,75,75,75,75,75,75,75,75,75,75,75,75,75,75,75,75,75,75,75,75,75,75,75,75,75,75],"card_choices":[{"not_picked":["Consume","Reprogram"],"picked":"Coolheaded","floor":1},{"not_picked":["Go for the Eyes","Gash"],"picked":"Stack","floor":2},{"not_picked":["Force Field","Gash","Turbo"],"picked":"SKIP","floor":4},{"not_picked":["Rebound","Coolheaded"],"picked":"Cold Snap","floor":5},{"not_picked":["Storm","Hologram"],"picked":"Ball Lightning","floor":7},{"not_picked":["Compile Driver","Ball Lightning"],"picked":"Conserve Battery","floor":11},{"not_picked":["Hyperbeam","Creative AI"],"picked":"Electrodynamics","floor":16},{"not_picked":["Compile Driver","Lockon","FTL"],"picked":"SKIP","floor":18},{"not_picked":["Static Discharge+1","Hologram"],"picked":"Darkness+1","floor":20},{"not_picked":["Steam+1","Auto Shields"],"picked":"Undo","floor":21},{"not_picked":["Ball Lightning","Compile Driver","Conserve Battery+1"],"picked":"SKIP","floor":22},{"not_picked":["Double Energy","Barrage+1"],"picked":"Redo","floor":24},{"not_picked":["Conserve Battery","Machine Learning+1"],"picked":"Self Repair+1","floor":28}],"player_experience":125890,"relics_obtained":[{"floor":7,"key":"War Paint"},{"floor":9,"key":"Bottled Tornado"},{"floor":11,"key":"Du-Vu Doll"},{"floor":13,"key":"Darkstone Periapt"},{"floor":26,"key":"Frozen Egg 2"}],"event_choices":[{"cards_removed":["Defend_B"],"damage_healed":0,"gold_gain":0,"player_choice":"Card Removal","damage_taken":7,"max_hp_gain":0,"max_hp_loss":0,"event_name":"Golden Wing","floor":14,"gold_loss":0},{"damage_healed":0,"gold_gain":0,"player_choice":"Read","damage_taken":0,"max_hp_gain":0,"max_hp_loss":0,"event_name":"The Library","floor":19,"gold_loss":0,"cards_obtained":["Sunder"]},{"cards_removed":["Defend_B"],"damage_healed":0,"gold_gain":0,"player_choice":"Gave Gold","damage_taken":0,"max_hp_gain":0,"max_hp_loss":0,"event_name":"Beggar","floor":27,"gold_loss":75}],"is_beta":false,"boss_relics":[{"not_picked":["Runic Dome","Empty Cage"],"picked":"Snecko Eye"}],"items_purged_floors":[3],"is_endless":false,"potions_floor_spawned":[1,4,5,16,22,24,28],"killed_by":"Book of Stabbing","ascension_level":1}