{"gold_per_floor":[119,129,229,229,247,247,260,271,271,306,306,306,306,331,331,434,434,453,453,468,94,94,126,126,22,22,22,39,93,93],"floor_reached":30,"playtime":2058,"items_purged":["Defend_B"],"score":271,"play_id":"06dea3e6-bba9-413a-8861-3ac9bff31b7e","local_time":"20180629021036","is_ascension_mode":false,"campfire_choices":[{"data":"Zap","floor":6,"key":"SMITH"},{"data":"Defragment","floor":11,"key":"SMITH"},{"data":"Self Repair","floor":13,"key":"SMITH"},{"data":"Genetic Algorithm","floor":15,"key":"SMITH"},{"floor":24,"key":"REST"},{"floor":27,"key":"REST"}],"neow_cost":"NONE","seed_source_timestamp":1054118369365252,"circlet_count":0,"master_deck":["Defend_B","Zap+1","Dualcast+1","Ball Lightning","Reinforced Body","Skim","Genetic Algorithm+1","White Noise","Defragment+1","Leap","Self Repair+1","Creative AI","Compile Driver+1","Bite","Bite","Bite","Bite","Bite","Cold Snap+1","Defragment","Coolheaded","Ball Lightning","Lockon","Blind","Multi-Cast","Self Repair","Barrage","Conserve Battery"],"relics":["Cracked Core","Lantern","Strawberry","Runic Pyramid","Gremlin Horn","Kunai","Bag of Preparation"],"potions_floor_usage":[],"damage_taken":[{"damage":1,"enemies":"Jaw Worm","floor":1,"turns":3},{"damage":0,"enemies":"Cultist","floor":2,"turns":3},{"damage":0,"enemies":"Small Slimes","floor":5,"turns":2},{"damage":0,"enemies":"Looter","floor":7,"turns":3},{"damage":3,"enemies":"Red Slaver","floor":8,"turns":3},{"damage":8,"enemies":"Lagavulin","floor":10,"turns":5},{"damage":42,"enemies":"The Guardian","floor":16,"turns":10},{"damage":27,"enemies":"Shell Parasite","floor":18,"turns":6},{"damage":25,"enemies":"Spheric Guardian","floor":20,"turns":5},{"damage":44,"enemies":"Book of Stabbing","floor":23,"turns":7},{"damage":22,"enemies":"Centurion and Healer","floor":28,"turns":9},{"damage":78,"enemies":"Sentry and Sphere","floor":30,"turns":7}],"seed_played":"4012059733993895414","potions_obtained":[{"floor":2,"key":"AttackPotion"},{"floor":5,"key":"SteroidPotion"},{"floor":8,"key":"FearPotion"},{"floor":28,"key":"FocusPotion"}],"is_trial":false,"path_per_floor":["M","M","?","?","M","R","M","M","T","E","R","?","R","T","R","B",null,"M","?","M","$","?","E","R","$","T","R","M","T"],"character_chosen":"DEFECT","items_purchased":["Defragment","Coolheaded","Ball Lightning","Lockon","Blind","Self Repair","Barrage"],"campfire_rested":2,"item_purchase_floors":[21,21,21,21,21,25,25],"current_hp_per_floor":[74,74,74,74,74,74,74,71,71,77,77,77,77,77,77,47,82,65,65,58,58,58,26,50,50,50,74,73,73,0],"gold":93,"neow_bonus":"UPGRADE_CARD","is_prod":false,"is_daily":false,"chose_seed":false,"campfire_upgraded":4,"win_rate":0.0,"timestamp":1530252636,"path_taken":["M","M","?","?","M","R","M","M","T","E","R","?","R","?","R","BOSS","M","?","M","$","?","E","R","$","T","R","M","?","?"],"build_version":"2018-06-28","purchased_purges":1,"victory":false,"max_hp_per_floor":[75,75,75,75,75,75,75,75,75,82,82,82,82,82,82,82,82,82,82,82,82,82,82,82,82,82,82,82,82,82],"card_choices":[{"not_picked":["Compile Driver","Fusion"],"picked":"Ball Lightning","floor":1},{"not_picked":["Rebound","Beam Cell"],"picked":"Reinforced Body","floor":2},{"not_picked":["Conserve Battery","Cold Snap"],"picked":"Genetic Algorithm","floor":5},{"not_picked":["Reinforced Body","Compile Driver"],"picked":"White Noise","floor":7},{"not_picked":["Double Energy","Rebound"],"picked":"Defragment","floor":8},{"not_picked":["Hologram","Blizzard"],"picked":"Leap","floor":10},{"not_picked":["Seek","Machine Learning"],"picked":"Creative AI","floor":16},{"not_picked":["Leap","Genetic Algorithm"],"picked":"Compile Driver+1","floor":18},{"not_picked":["Go for the Eyes","Aggregate+1"],"picked":"Cold Snap+1","floor":20},{"not_picked":["Ball Lightning","Rip and Tear"],"picked":"Multi-Cast","floor":23},{"not_picked":["Go for the Eyes","Sweeping Beam"],"picked":"Conserve Battery","floor":28}],"player_experience":10882,"relics_obtained":[{"floor":9,"key":"Lantern"},{"floor":10,"key":"Strawberry"},{"floor":14,"key":"Blood Vial"},{"floor":23,"key":"Gremlin Horn"},{"floor":26,"key":"Kunai"},{"floor":29,"key":"Bag of Preparation"}],"event_choices":[{"event_name":"Wheel of Change","player_choice":"Gold","floor":3,"damage_taken":0},{"event_name":"Living Wall","player_choice":"Change","floor":4,"damage_taken":0},{"event_name":"Transmorgrifier","player_choice":"Transform","floor":12,"damage_taken":0},{"event_name":"Vampires","player_choice":"Became a vampire (Vial)","floor":19,"damage_taken":0},{"event_name":"Back to Basics","player_choice":"Elegance","floor":22,"damage_taken":0}],"boss_relics":[{"not_picked":["Lizard Tail","Fusion Hammer"],"picked":"Runic Pyramid"}],"items_purged_floors":[21],"is_endless":false,"potions_floor_spawned":[2,5,8,23,28],"killed_by":"Sentry and Sphere","ascension_level":0}