{"gold_per_floor":[118,135,33,48,48,77,77,109,109,137,168,168,193,208,208,309,309,327,136,235,235,235,261,6,6],"floor_reached":25,"playtime":800,"items_purged":["Strike_B","Strike_B"],"score":319,"play_id":"382d3a7d-11bc-47e6-a0da-76f36fdb528d","local_time":"20190626012043","is_ascension_mode":true,"campfire_choices":[{"data":"Sunder","floor":7,"key":"SMITH"},{"data":"Static Discharge","floor":12,"key":"SMITH"},{"data":"Static Discharge","floor":15,"key":"SMITH"}],"neow_cost":"NONE","seed_source_timestamp":999693446731500,"circlet_count":0,"master_deck":["Defend_B","Defend_B","Defend_B","Defend_B","Zap+1","Dualcast","Sunder+1","Coolheaded","Gash","Conserve Battery","Ball Lightning","Static Discharge+1","Tempest","Static Discharge+1","Self Repair","Buffer","Ball Lightning","Doom and Gloom","Lockon","Cold Snap","Consume","Storm","Capacitor","Defragment","Gash"],"relics":["Cracked Core","WingedGreaves","Meat on the Bone","Matryoshka","Boot","Bag of Marbles","The Courier","Black Star","Bottled Tornado","Oddly Smooth Stone","Anchor"],"potions_floor_usage":[10],"damage_taken":[{"damage":0,"enemies":"Cultist","floor":1,"turns":3},{"damage":0,"enemies":"Small Slimes","floor":2,"turns":2},{"damage":2,"enemies":"2 Louse","floor":4,"turns":2},{"damage":22,"enemies":"Lagavulin","floor":6,"turns":7},{"damage":15,"enemies":"3 Sentries","floor":8,"turns":6},{"damage":10,"enemies":"Gremlin Nob","floor":10,"turns":3},{"damage":4,"enemies":"3 Sentries","floor":11,"turns":4},{"damage":25,"enemies":"Gremlin Nob","floor":13,"turns":3},{"damage":3,"enemies":"Exordium Wildlife","floor":14,"turns":3},{"damage":24,"enemies":"The Guardian","floor":16,"turns":8},{"damage":14,"enemies":"2 Thieves","floor":18,"turns":4},{"damage":45,"enemies":"Slavers","floor":23,"turns":2},{"damage":30,"enemies":"Gremlin Leader","floor":25,"turns":2}],"seed_played":"5484770561811386457","potions_obtained":[{"floor":1,"key":"Ancient Potion"},{"floor":8,"key":"Poison Potion"},{"floor":11,"key":"SneckoOil"},{"floor":16,"key":"LiquidBronze"},{"floor":23,"key":"Regen Potion"}],"is_trial":false,"path_per_floor":["M","M","$","M","?","E","R","E","T","E","E","R","E","M","R","B",null,"M","$","?","?","$","E","$","E"],"character_chosen":"DEFECT","items_purchased":["Gash","Doom and Gloom","Lockon","Capacitor","Defragment","Anchor","Gash"],"campfire_rested":0,"item_purchase_floors":[3,19,19,24,24,24,24],"current_hp_per_floor":[75,75,75,73,73,51,51,36,36,38,46,46,33,49,49,44,67,60,60,60,60,60,27,27,0],"gold":6,"neow_bonus":"UPGRADE_CARD","is_prod":false,"is_daily":false,"chose_seed":false,"campfire_upgraded":3,"win_rate":0,"timestamp":1561526443,"path_taken":["M","M","$","?","?","E","R","E","T","E","E","R","E","M","R","BOSS","M","$","?","?","?","E","$","E"],"build_version":"2019-01-23","purchased_purges":2,"victory":false,"max_hp_per_floor":[75,75,75,75,75,75,75,75,75,75,75,75,75,75,75,75,75,75,75,75,75,75,75,75,75],"card_choices":[{"not_picked":["Undo","Barrage"],"picked":"Sunder","floor":1},{"not_picked":["Hologram","Consume"],"picked":"Coolheaded","floor":2},{"not_picked":["Coolheaded","Melter"],"picked":"Conserve Battery","floor":4},{"not_picked":["Sweeping Beam","Redo"],"picked":"Ball Lightning","floor":6},{"not_picked":["Go for the Eyes","Heatsinks"],"picked":"Static Discharge","floor":8},{"not_picked":["Rainbow","Compile Driver"],"picked":"Tempest","floor":10},{"not_picked":["Recycle","Hologram"],"picked":"Static Discharge","floor":11},{"not_picked":["Coolheaded","Cold Snap"],"picked":"Self Repair","floor":13},{"not_picked":["Blizzard","Hologram","Stack"],"picked":"SKIP","floor":14},{"not_picked":["Hyperbeam","Multi-Cast"],"picked":"Buffer","floor":16},{"not_picked":["Turbo","Aggregate"],"picked":"Ball Lightning","floor":18},{"not_picked":["Rebound","Sweeping Beam"],"picked":"Storm","floor":23}],"player_experience":279906,"relics_obtained":[{"floor":6,"key":"WingedGreaves"},{"floor":8,"key":"Meat on the Bone"},{"floor":9,"key":"Matryoshka"},{"floor":10,"key":"Boot"},{"floor":11,"key":"Bag of Marbles"},{"floor":13,"key":"The Courier"},{"floor":23,"key":"Bottled Tornado"},{"floor":23,"key":"Oddly Smooth Stone"}],"event_choices":[{"damage_healed":0,"gold_gain":0,"player_choice":"Leave","damage_taken":0,"max_hp_gain":0,"max_hp_loss":0,"event_name":"The Cleric","floor":5,"gold_loss":0},{"damage_healed":0,"gold_gain":99,"player_choice":"Stole From Cult","damage_taken":0,"max_hp_gain":0,"max_hp_loss":0,"event_name":"Nest","floor":20,"gold_loss":0},{"damage_healed":0,"gold_gain":0,"cards_transformed":["Strike_B","Strike_B"],"player_choice":"Became Test Subject","damage_taken":0,"max_hp_gain":0,"max_hp_loss":0,"event_name":"Drug Dealer","floor":21,"gold_loss":0,"cards_obtained":["Cold Snap","Consume"]}],"is_beta":false,"boss_relics":[{"not_picked":["Orrery","Calling Bell"],"picked":"Black Star"}],"items_purged_floors":[3,19],"is_endless":false,"potions_floor_spawned":[1,8,11,16,18,23],"killed_by":"Gremlin Leader","ascension_level":5}