{"gold_per_floor":[99,99,99,99,99,99,99,99,99,99,99,99,99,99,99,99,99,99],"floor_reached":18,"playtime":1130,"items_purged":[],"score":228,"play_id":"76ecb81c-2184-4c53-bca5-ba1ad269bcb9","local_time":"20190220175921","is_ascension_mode":true,"campfire_choices":[{"floor":8,"key":"REST"},{"floor":15,"key":"RECALL"}],"neow_cost":"NONE","seed_source_timestamp":304003782438800,"circlet_count":0,"master_deck":["Defend_G","Defend_G","Defend_G","Strike_G","Strike_G","Strike_G","Strike_G","Survivor","Neutralize","Finisher+1","Sucker Punch","Infinite Blades","Riddle With Holes","Regret","Choke","Escape Plan","Flying Knee","Bullet Time","Slice","Glass Knife","Noxious Fumes+1","Storm of Steel+1","Dodge and Roll+1"],"relics":["Ectoplasm","Golden Idol","Boot","MawBank","Orichalcum","Strawberry","Bird Faced Urn","Astrolabe"],"potions_floor_usage":[13,14],"damage_taken":[{"damage":0,"enemies":"Small Slimes","floor":1,"turns":4},{"damage":0,"enemies":"2 Louse","floor":3,"turns":3},{"damage":0,"enemies":"Jaw Worm","floor":5,"turns":3},{"damage":3,"enemies":"Gremlin Nob","floor":6,"turns":4},{"damage":2,"enemies":"3 Louse","floor":10,"turns":3},{"damage":14,"enemies":"3 Sentries","floor":11,"turns":6},{"damage":0,"enemies":"2 Fungi Beasts","floor":12,"turns":3},{"damage":0,"enemies":"Gremlin Nob","floor":13,"turns":3},{"damage":4,"enemies":"Exordium Wildlife","floor":14,"turns":2},{"damage":42,"enemies":"Slime Boss","floor":16,"turns":10},{"damage":3,"enemies":"Shell Parasite","floor":18,"turns":2}],"seed_played":"6866473969631050434","potions_obtained":[{"floor":1,"key":"GhostInAJar"},{"floor":10,"key":"Block Potion"},{"floor":12,"key":"SkillPotion"},{"floor":13,"key":"Dexterity Potion"},{"floor":14,"key":"Strength Potion"}],"is_trial":false,"path_per_floor":["M","?","M","?","M","E","?","R","T","M","E","M","E","M","R","B",null,"M"],"character_chosen":"THE_SILENT","items_purchased":[],"campfire_rested":1,"item_purchase_floors":[],"current_hp_per_floor":[70,53,53,53,53,50,50,70,70,68,61,61,61,57,57,17,77,74],"gold":99,"neow_bonus":"BOSS_RELIC","is_prod":false,"is_daily":false,"chose_seed":false,"campfire_upgraded":0,"win_rate":0,"timestamp":1550685561,"path_taken":["M","?","M","?","M","E","?","R","T","M","E","M","E","M","R","BOSS","M"],"build_version":"2019-01-23","purchased_purges":0,"victory":false,"max_hp_per_floor":[70,70,70,70,70,70,70,70,70,70,77,77,77,77,77,77,77,77],"card_choices":[{"not_picked":["Slice","Quick Slash"],"picked":"Finisher","floor":1},{"not_picked":["Slice","Deadly Poison"],"picked":"Sucker Punch","floor":3},{"not_picked":["Poisoned Stab","Concentrate"],"picked":"Infinite Blades","floor":5},{"not_picked":["Outmaneuver","Prepared"],"picked":"Riddle With Holes","floor":6},{"not_picked":["Finisher","Predator"],"picked":"Choke","floor":10},{"not_picked":["Dodge and Roll","Poisoned Stab"],"picked":"Escape Plan","floor":11},{"not_picked":["Blur","Underhanded Strike"],"picked":"Flying Knee","floor":12},{"not_picked":["Underhanded Strike","Reflex"],"picked":"Bullet Time","floor":13},{"not_picked":["Well Laid Plans","Backflip"],"picked":"Slice","floor":14},{"not_picked":["Burst","Malaise"],"picked":"Glass Knife","floor":16}],"player_experience":187547,"relics_obtained":[{"floor":6,"key":"Boot"},{"floor":9,"key":"Orichalcum"},{"floor":11,"key":"Strawberry"},{"floor":13,"key":"Bird Faced Urn"}],"event_choices":[{"damage_healed":0,"gold_gain":0,"player_choice":"Take Damage","damage_taken":17,"relics_obtained":["Golden Idol"],"max_hp_gain":0,"max_hp_loss":0,"event_name":"Golden Idol","floor":2,"gold_loss":0},{"damage_healed":0,"gold_gain":0,"player_choice":"Grow","damage_taken":0,"max_hp_gain":0,"max_hp_loss":0,"event_name":"Living Wall","floor":4,"gold_loss":0,"cards_upgraded":["Finisher"]},{"damage_healed":0,"gold_gain":0,"player_choice":"Box","damage_taken":0,"relics_obtained":["MawBank"],"max_hp_gain":0,"max_hp_loss":0,"event_name":"Big Fish","floor":7,"gold_loss":0,"cards_obtained":["Regret"]}],"is_beta":false,"boss_relics":[{"not_picked":["Coffee Dripper","Pandora\u0027s Box"],"picked":"Astrolabe"}],"items_purged_floors":[],"is_endless":false,"potions_floor_spawned":[1,10,12,13,14],"killed_by":"Shell Parasite","ascension_level":2}