{"gold_per_floor":[110,122,122,141,152,152,170,195,271,271,271,271,285,285,285,285],"floor_reached":16,"playtime":6593,"items_purged":[],"score":92,"play_id":"8b5ad14a-db22-4741-a186-01eb1b86bde4","local_time":"20190217162014","is_ascension_mode":false,"campfire_choices":[{"floor":6,"key":"REST"},{"floor":10,"key":"REST"},{"floor":12,"key":"REST"},{"floor":15,"key":"REST"}],"neow_cost":"NONE","seed_source_timestamp":33417199641900,"circlet_count":0,"master_deck":["Strike_B","Strike_B","Strike_B","Strike_B","Defend_B","Defend_B","Defend_B","Defend_B","Zap","Dualcast","Gash","Finesse","Sweeping Beam","Gash","Self Repair","Fusion","Conserve Battery+1"],"relics":["Cracked Core","Odd Mushroom","Toxic Egg 2"],"potions_floor_usage":[8,8,16],"damage_taken":[{"damage":1,"enemies":"Jaw Worm","floor":1,"turns":4},{"damage":1,"enemies":"Cultist","floor":2,"turns":3},{"damage":7,"enemies":"Small Slimes","floor":4,"turns":2},{"damage":14,"enemies":"Blue Slaver","floor":5,"turns":4},{"damage":55,"enemies":"Gremlin Gang","floor":7,"turns":4},{"damage":25,"enemies":"The Mushroom Lair","floor":8,"turns":4},{"damage":14,"enemies":"2 Fungi Beasts","floor":13,"turns":3},{"damage":67,"enemies":"Hexaghost","floor":16,"turns":11}],"seed_played":"2355858477799868895","potions_obtained":[{"floor":4,"key":"Ancient Potion"},{"floor":5,"key":"EssenceOfSteel"},{"floor":8,"key":"Strength Potion"}],"is_trial":false,"path_per_floor":["M","M","?","M","M","R","M","?","T","R","?","R","M","?","R","B"],"character_chosen":"DEFECT","items_purchased":[],"campfire_rested":4,"item_purchase_floors":[],"current_hp_per_floor":[81,80,80,73,59,82,27,9,9,33,33,57,50,43,67,0],"gold":285,"neow_bonus":"TEN_PERCENT_HP_BONUS","is_prod":false,"is_daily":false,"chose_seed":false,"campfire_upgraded":0,"win_rate":0,"timestamp":1550420414,"path_taken":["M","M","?","M","M","R","?","?","T","R","?","R","?","?","R","BOSS"],"build_version":"2019-01-23","purchased_purges":0,"victory":false,"max_hp_per_floor":[82,82,82,82,82,82,82,82,82,82,82,82,82,82,82,82],"card_choices":[{"not_picked":["Scrape","Hello World"],"picked":"Gash","floor":1},{"not_picked":["Fusion","Force Field"],"picked":"Consume","floor":2},{"not_picked":["Go for the Eyes","Stack"],"picked":"Sweeping Beam","floor":4},{"not_picked":["Tempest","Ball Lightning"],"picked":"Gash","floor":5},{"not_picked":["Heatsinks","Sweeping Beam"],"picked":"Self Repair","floor":7},{"not_picked":["Streamline","Sweeping Beam"],"picked":"Fusion","floor":8},{"not_picked":["Skim+1","All For One"],"picked":"Conserve Battery+1","floor":13}],"player_experience":117918,"relics_obtained":[{"floor":8,"key":"Odd Mushroom"},{"floor":9,"key":"Toxic Egg 2"}],"event_choices":[{"damage_healed":0,"gold_gain":0,"player_choice":"2 cards matched","damage_taken":0,"max_hp_gain":0,"max_hp_loss":0,"event_name":"Match and Keep!","floor":3,"gold_loss":0,"cards_obtained":["Finesse","Consume"]},{"damage_healed":0,"gold_gain":0,"player_choice":"2 cards matched","damage_taken":0,"max_hp_gain":0,"max_hp_loss":0,"event_name":"Match and Keep!","floor":3,"gold_loss":0,"cards_obtained":["Finesse","Consume"]},{"damage_healed":0,"gold_gain":0,"player_choice":"Fought Mushrooms","damage_taken":0,"max_hp_gain":0,"max_hp_loss":0,"event_name":"Mushrooms","floor":8,"gold_loss":0},{"cards_removed":["Consume"],"damage_healed":0,"gold_gain":0,"player_choice":"Purged","damage_taken":0,"max_hp_gain":0,"max_hp_loss":0,"event_name":"Purifier","floor":11,"gold_loss":0},{"cards_removed":["Consume"],"damage_healed":0,"gold_gain":0,"player_choice":"Card Removal","damage_taken":7,"max_hp_gain":0,"max_hp_loss":0,"event_name":"Golden Wing","floor":14,"gold_loss":0}],"is_beta":false,"boss_relics":[],"items_purged_floors":[],"is_endless":false,"potions_floor_spawned":[4,5,8],"killed_by":"Hexaghost","ascension_level":0}