{"gold_per_floor":[109,126,140,154,73,73,83,83,83,141,38,38,51,51,51,129,129,146,158,172,172],"floor_reached":21,"playtime":1051,"items_purged":["Strike_G"],"score":346,"play_id":"6d3b18c4-6cb8-4cd1-a5dd-3e2556aeb6a8","local_time":"20190623221653","is_ascension_mode":true,"campfire_choices":[{"data":"Neutralize","floor":6.0,"key":"SMITH"},{"floor":8.0,"key":"REST"},{"data":"Well Laid Plans","floor":12.0,"key":"SMITH"},{"data":"Footwork","floor":15.0,"key":"SMITH"}],"neow_cost":"NONE","seed_source_timestamp":349148410994300,"circlet_count":0,"master_deck":["AscendersBane","Defend_G","Defend_G","Defend_G","Defend_G","Defend_G","Strike_G","Strike_G","Strike_G","Strike_G","Survivor","Neutralize+1","Well Laid Plans+1","Dagger Spray","Crippling Poison","Calculated Gamble","Footwork+1","Grand Finale","Quick Slash","Acrobatics","Die Die Die","Tactician","PiercingWail","Reflex"],"special_seed":0,"relics":["Ring of the Snake","Dream Catcher","Bottled Flame","Runic Pyramid"],"potions_floor_usage":[],"damage_taken":[{"damage":14.0,"enemies":"Cultist","floor":1.0,"turns":7.0},{"damage":9.0,"enemies":"Small Slimes","floor":2.0,"turns":4.0},{"damage":0.0,"enemies":"Jaw Worm","floor":3.0,"turns":5.0},{"damage":2.0,"enemies":"Blue Slaver","floor":4.0,"turns":6.0},{"damage":25.0,"enemies":"Exordium Thugs","floor":7.0,"turns":6.0},{"damage":8.0,"enemies":"Lots of Slimes","floor":13.0,"turns":2.0},{"damage":1.0,"enemies":"Slime Boss","floor":16.0,"turns":7.0},{"damage":7.0,"enemies":"Shell Parasite","floor":18.0,"turns":6.0},{"damage":18.0,"enemies":"2 Thieves","floor":19.0,"turns":4.0},{"damage":15,"enemies":"Snake Plant","floor":20,"turns":5},{"damage":14,"enemies":"3 Cultists","floor":21,"turns":3}],"seed_played":"1621138808527520161","potions_obtained":[{"floor":2.0,"key":"Poison Potion"},{"floor":4.0,"key":"SneckoOil"},{"floor":7.0,"key":"Fire Potion"},{"floor":16.0,"key":"Weak Potion"},{"floor":18.0,"key":"Poison Potion"}],"is_trial":false,"path_per_floor":["M","M","M","M","$","R","M","R","T","?","$","R","M","?","R","B",null,"M","M","M","M"],"character_chosen":"THE_SILENT","items_purchased":["Footwork","Acrobatics"],"campfire_rested":1,"item_purchase_floors":[5,11],"current_hp_per_floor":[45,36,36,34,34,34,9,28,28,28,28,28,20,20,20,19,54,47,29,14,0],"gold":172,"neow_bonus":"RANDOM_COMMON_RELIC","is_prod":false,"is_daily":false,"chose_seed":false,"campfire_upgraded":3,"win_rate":0,"timestamp":1561295813,"path_taken":["M","M","M","M","$","R","M","R","T","?","$","R","M","?","R","BOSS","M","M","M","M"],"build_version":"2019-01-23","purchased_purges":1,"victory":false,"max_hp_per_floor":[66,66,66,66,66,66,66,66,66,66,66,66,66,66,66,66,66,66,66,66,66],"card_choices":[{"not_picked":["Blade Dance","Dodge and Roll"],"picked":"Well Laid Plans","floor":1.0},{"not_picked":["Backflip","Poisoned Stab"],"picked":"Dagger Spray","floor":2.0},{"not_picked":["Cloak And Dagger","Choke"],"picked":"Crippling Poison","floor":3.0},{"not_picked":["Setup","Accuracy"],"picked":"Calculated Gamble","floor":4.0},{"not_picked":["Tactician","Well Laid Plans"],"picked":"Grand Finale","floor":7.0},{"not_picked":["Outmaneuver","Bane"],"picked":"Quick Slash","floor":8.0},{"not_picked":["Dagger Spray","Acrobatics","Outmaneuver"],"picked":"SKIP","floor":13.0},{"not_picked":["Unload","Doppelganger"],"picked":"Die Die Die","floor":16.0},{"not_picked":["Bane","Deadly Poison"],"picked":"Tactician","floor":18.0},{"not_picked":["Deflect","Flying Knee"],"picked":"PiercingWail","floor":19.0},{"not_picked":["Catalyst","Slice"],"picked":"Reflex","floor":20}],"player_experience":1014180,"relics_obtained":[{"floor":9.0,"key":"Bottled Flame"}],"event_choices":[{"damage_healed":0.0,"max_hp_gain":0.0,"max_hp_loss":0.0,"gold_gain":58.0,"event_name":"Golden Wing","player_choice":"Gained Gold","floor":10.0,"gold_loss":0.0,"damage_taken":0.0},{"damage_healed":0.0,"max_hp_gain":0.0,"max_hp_loss":0.0,"gold_gain":0.0,"event_name":"Dead Adventurer","player_choice":"Searched \u00270\u0027 times","floor":14.0,"gold_loss":0.0,"damage_taken":0.0}],"is_beta":false,"boss_relics":[{"not_picked":["Orrery","Ring of the Serpent"],"picked":"Runic Pyramid"}],"items_purged_floors":[11],"is_endless":false,"potions_floor_spawned":[2,4,7,16,18],"killed_by":"3 Cultists","ascension_level":20}