{"gold_per_floor":[110,110,124,134,57,90,90,125,125,136,136,57,57,57,57,162,162,179,179,197,247,247,247],"floor_reached":23,"playtime":885,"items_purged":[],"score":197,"play_id":"cc867056-8908-430b-b5be-e8b66b65bd33","local_time":"20181027170523","is_ascension_mode":false,"campfire_choices":[{"data":"Entrench","floor":7,"key":"SMITH"},{"data":"Hemokinesis","floor":11,"key":"SMITH"},{"data":"Inflame","floor":13,"key":"SMITH"},{"data":"Flame Barrier","floor":15,"key":"SMITH"}],"neow_cost":"NONE","seed_source_timestamp":1491331803465589,"circlet_count":0,"master_deck":["Strike_R","Strike_R","Strike_R","Strike_R","Defend_R","Defend_R","Bash","Body Slam+1","Sentinel","Cleave","Hemokinesis+1","Entrench+1","Flame Barrier+1","Inflame+1","Barricade","Rupture+1"],"relics":["Burning Blood","Singing Bowl","Bottled Flame","Mummified Hand","Empty Cage"],"potions_floor_usage":[6,8],"damage_taken":[{"damage":1,"enemies":"Cultist","floor":1,"turns":4},{"damage":5,"enemies":"Jaw Worm","floor":3,"turns":4},{"damage":0,"enemies":"2 Louse","floor":4,"turns":2},{"damage":20,"enemies":"3 Sentries","floor":6,"turns":7},{"damage":39,"enemies":"Lagavulin","floor":8,"turns":9},{"damage":9,"enemies":"Large Slime","floor":10,"turns":3},{"damage":20,"enemies":"Slime Boss","floor":16,"turns":7},{"damage":6,"enemies":"3 Byrds","floor":18,"turns":4},{"damage":23,"enemies":"Chosen","floor":20,"turns":6},{"damage":51,"enemies":"Slavers","floor":23,"turns":4}],"seed_played":"5783733300223206421","potions_obtained":[{"floor":3,"key":"Explosive Potion"},{"floor":4,"key":"AttackPotion"},{"floor":16,"key":"Poison Potion"},{"floor":20,"key":"SpeedPotion"}],"is_trial":false,"path_per_floor":["M","?","M","M","$","E","R","E","T","M","R","$","R","?","R","B",null,"M","?","M","?","?"],"character_chosen":"IRONCLAD","items_purchased":["Entrench","Inflame"],"campfire_rested":0,"item_purchase_floors":[5,12],"current_hp_per_floor":[80,80,80,80,80,68,68,35,35,32,32,32,32,32,32,18,82,84,68,51,51,51,0],"gold":247,"neow_bonus":"THREE_CARDS","is_prod":false,"is_daily":false,"chose_seed":false,"campfire_upgraded":4,"win_rate":0,"timestamp":1540674323,"path_taken":["M","?","M","M","$","E","R","E","T","M","R","$","R","?","R","BOSS","M","?","?","?","?","E"],"build_version":"2018-10-25v2","purchased_purges":0,"victory":false,"max_hp_per_floor":[80,80,80,80,80,82,82,82,82,82,82,82,82,82,82,82,82,84,89,89,89,89,89],"card_choices":[{"not_picked":["Wild Strike","Seeing Red"],"picked":"Body Slam","floor":0},{"not_picked":["Perfected Strike","Wild Strike"],"picked":"Sentinel","floor":1},{"not_picked":["Warcry","Fire Breathing"],"picked":"Cleave","floor":3},{"not_picked":["Perfected Strike","Clash"],"picked":"Hemokinesis","floor":4},{"not_picked":["Juggernaut","Twin Strike","Wild Strike"],"picked":"Singing Bowl","floor":6},{"not_picked":["Warcry","Hemokinesis","Flame Barrier"],"picked":"SKIP","floor":8},{"not_picked":["Havoc","Flex"],"picked":"Flame Barrier","floor":10},{"not_picked":["Berserk","Limit Break"],"picked":"Barricade","floor":16},{"not_picked":["Corruption","Pummel","Warcry"],"picked":"Singing Bowl","floor":18},{"not_picked":["Fire Breathing+1","True Grit"],"picked":"Rupture+1","floor":20}],"player_experience":103177,"relics_obtained":[{"floor":6,"key":"Singing Bowl"},{"floor":8,"key":"Bottled Flame"},{"floor":9,"key":"Mummified Hand"}],"event_choices":[{"damage_healed":0,"gold_gain":0,"player_choice":"Grow","damage_taken":0,"max_hp_gain":0,"max_hp_loss":0,"event_name":"Living Wall","floor":2,"gold_loss":0,"cards_upgraded":["Body Slam"]},{"damage_healed":0,"gold_gain":0,"player_choice":"Ignored","damage_taken":0,"max_hp_gain":0,"max_hp_loss":0,"event_name":"Liars Game","floor":14,"gold_loss":0},{"damage_healed":0,"gold_gain":0,"player_choice":"Shed Blood","damage_taken":21,"max_hp_gain":5,"max_hp_loss":0,"event_name":"Forgotten Altar","floor":19,"gold_loss":0},{"damage_healed":0,"gold_gain":100,"player_choice":"Bet on Murderer","damage_taken":0,"max_hp_gain":0,"max_hp_loss":0,"event_name":"The Joust","floor":21,"gold_loss":50},{"cards_removed":["Strike_R"],"damage_healed":0,"gold_gain":0,"player_choice":"Elegance","damage_taken":0,"max_hp_gain":0,"max_hp_loss":0,"event_name":"Back to Basics","floor":22,"gold_loss":0}],"is_beta":false,"boss_relics":[{"not_picked":["Tiny House","Eternal Feather"],"picked":"Empty Cage"}],"items_purged_floors":[],"is_endless":false,"potions_floor_spawned":[3,4,16,20],"killed_by":"Slavers","ascension_level":0}