{"gold_per_floor":[117,17,17,36,50,78,153,218,242,242,242,254,289,289,289,391,391,356,6,6,31,41,41],"floor_reached":23,"playtime":2431,"items_purged":[],"score":197,"play_id":"a8f05d08-395e-4394-99bb-4381da364650","local_time":"20180628231211","is_ascension_mode":false,"campfire_choices":[{"floor":15,"key":"REST"}],"neow_cost":"","seed_source_timestamp":1043026707607055,"circlet_count":0,"master_deck":["Strike_R","Strike_R","Strike_R","Strike_R","Strike_R","Defend_R","Defend_R","Defend_R","Defend_R","Headbutt","Thunderclap","Reckless Charge","Thunderclap","Seeing Red","Dropkick","Anger","Impervious","Rampage+1","Dark Embrace+1","Impervious+1","Iron Wave+1","Clash","Dark Shackles","Thinking Ahead","Writhe","Clash","Perfected Strike"],"relics":["Burning Blood","Juzu Bracelet","Strawberry","Oddly Smooth Stone","Pantograph","Letter Opener","Astrolabe","Bag of Preparation","Red Mask"],"potions_floor_usage":[8,8,16,23,23],"damage_taken":[{"damage":8,"enemies":"Small Slimes","floor":1,"turns":3},{"damage":6,"enemies":"Jaw Worm","floor":4,"turns":3},{"damage":6,"enemies":"2 Louse","floor":5,"turns":3},{"damage":27,"enemies":"3 Sentries","floor":6,"turns":6},{"damage":25,"enemies":"3 Sentries","floor":8,"turns":9},{"damage":6,"enemies":"Blue Slaver","floor":12,"turns":3},{"damage":28,"enemies":"Lagavulin","floor":13,"turns":7},{"damage":57,"enemies":"The Guardian","floor":16,"turns":10},{"damage":18,"enemies":"2 Thieves","floor":18,"turns":5},{"damage":56,"floor":21,"turns":6},{"damage":27,"enemies":"3 Byrds","floor":22,"turns":7},{"damage":13,"enemies":"3 Cultists","floor":23,"turns":3}],"seed_played":"8726646592624081190","potions_obtained":[{"floor":5,"key":"Ancient Potion"},{"floor":6,"key":"Swift Potion"},{"floor":8,"key":"GamblersBrew"},{"floor":13,"key":"Poison Potion"},{"floor":16,"key":"SteroidPotion"},{"floor":21,"key":"Explosive Potion"}],"is_trial":false,"path_per_floor":["M","$","?","M","M","E","?","?","T","?","?","M","E","T","R","B",null,"M","$","?","?","M"],"character_chosen":"IRONCLAD","items_purchased":["Thunderclap","Reckless Charge","Clash","Dark Shackles","Thinking Ahead"],"campfire_rested":1,"item_purchase_floors":[2,2,19,19,19],"current_hp_per_floor":[78,78,83,83,83,62,51,39,39,39,39,39,17,17,44,18,92,80,80,80,30,9,0],"gold":41,"neow_bonus":"","is_prod":false,"is_daily":false,"chose_seed":false,"campfire_upgraded":0,"win_rate":0.0,"timestamp":1530241931,"path_taken":["M","$","?","M","M","E","?","?","T","?","?","M","E","?","R","BOSS","M","$","?","?","M","M"],"build_version":"2018-06-28","purchased_purges":0,"victory":false,"max_hp_per_floor":[80,80,85,85,85,85,85,92,92,92,92,92,92,92,92,92,92,92,92,92,92,92,92],"card_choices":[{"not_picked":["Infernal Blade","Combust"],"picked":"Headbutt","floor":1},{"not_picked":["Cleave","Flex"],"picked":"Thunderclap","floor":4},{"not_picked":["Anger","Twin Strike"],"picked":"Seeing Red","floor":5},{"not_picked":["Thunderclap","Juggernaut"],"picked":"Dropkick","floor":6},{"not_picked":["Shrug It Off","Clash"],"picked":"Ghostly Armor","floor":8},{"not_picked":["True Grit","Perfected Strike"],"picked":"Shrug It Off","floor":12},{"not_picked":["True Grit","Metallicize"],"picked":"Anger","floor":13},{"not_picked":["Offering","Brutality"],"picked":"Impervious","floor":16},{"not_picked":["Shockwave","Dropkick"],"picked":"Iron Wave+1","floor":18},{"not_picked":["Perfected Strike","Warcry+1"],"picked":"Clash","floor":21},{"not_picked":["Thunderclap","Second Wind+1"],"picked":"Perfected Strike","floor":22}],"player_experience":0,"relics_obtained":[{"floor":6,"key":"Juzu Bracelet"},{"floor":9,"key":"Oddly Smooth Stone"},{"floor":13,"key":"Pantograph"},{"floor":14,"key":"Letter Opener"},{"floor":21,"key":"Red Mask"}],"event_choices":[{"event_name":"Big Fish","player_choice":"Donut","floor":3,"damage_taken":0},{"event_name":"World of Goop","player_choice":"Gather Gold","floor":7,"damage_taken":0},{"event_name":"Dead Adventurer","player_choice":"Searched \u00273\u0027 times","floor":8,"damage_taken":0},{"event_name":"Shining Light","player_choice":"Ignored","floor":10,"damage_taken":0},{"event_name":"Living Wall","player_choice":"Grow","floor":11,"damage_taken":0},{"event_name":"The Mausoleum","player_choice":"Yes","floor":20,"damage_taken":0},{"event_name":"Masked Bandits","player_choice":"Fought over 6 gold","floor":21,"damage_taken":0}],"boss_relics":[{"not_picked":["Runic Cube","Sozu"],"picked":"Astrolabe"}],"items_purged_floors":[],"is_endless":false,"potions_floor_spawned":[5,6,8,13,16,21],"killed_by":"3 Cultists","ascension_level":0}