{"gold_per_floor":[114,124,124,135,135,135,60,92,92,127,143,155,182,182,182,285,285,304,304,304,58,71,71,99,99,150,150],"floor_reached":27,"playtime":1030,"items_purged":["Strike_B"],"score":336,"play_id":"5b5dc43e-eee6-4edf-a178-50d0354e8b24","local_time":"20190626014405","is_ascension_mode":true,"campfire_choices":[{"data":"Fusion","floor":6,"key":"SMITH"},{"data":"Darkness","floor":15,"key":"SMITH"},{"data":"Fission","floor":23,"key":"SMITH"},{"floor":25,"key":"REST"}],"neow_cost":"PERCENT_DAMAGE","seed_source_timestamp":1000868440777500,"circlet_count":0,"master_deck":["Zap","Dualcast","Gash","Darkness+1","Fusion+1","Gash","Steam","Gash","Doom and Gloom","All For One","All For One","Fission+1","Undo","Creative AI+1","Go for the Eyes","Skim","Steam+1","Seek","Defragment+1","Go for the Eyes","Self Repair+1"],"relics":["Cracked Core","Meat on the Bone","PreservedInsect","Frozen Egg 2","WingedGreaves","Happy Flower","Pandora\u0027s Box","Nilry\u0027s Codex","The Courier","Bronze Scales"],"potions_floor_usage":[16,24,27,27],"damage_taken":[{"damage":7,"enemies":"Jaw Worm","floor":1,"turns":3},{"damage":0,"enemies":"Small Slimes","floor":2,"turns":2},{"damage":0,"enemies":"Cultist","floor":4,"turns":4},{"damage":21,"enemies":"Lagavulin","floor":8,"turns":6},{"damage":21,"enemies":"Gremlin Nob","floor":10,"turns":4},{"damage":13,"enemies":"Large Slime","floor":11,"turns":5},{"damage":4,"enemies":"Looter","floor":12,"turns":4},{"damage":10,"enemies":"3 Sentries","floor":13,"turns":7},{"damage":27,"enemies":"The Guardian","floor":16,"turns":9},{"damage":0,"enemies":"Spheric Guardian","floor":18,"turns":3},{"damage":12,"enemies":"Shell Parasite","floor":22,"turns":4},{"damage":47,"enemies":"Slavers","floor":24,"turns":5},{"damage":41,"enemies":"Colosseum Slavers","floor":27,"turns":3},{"damage":24,"enemies":"Colosseum Nobs","floor":27,"turns":3}],"seed_played":"2899843097911771352","potions_obtained":[{"floor":4,"key":"SteroidPotion"},{"floor":10,"key":"Weak Potion"},{"floor":11,"key":"Strength Potion"},{"floor":18,"key":"Energy Potion"},{"floor":24,"key":"Dexterity Potion"}],"is_trial":false,"path_per_floor":["M","M","?","M","?","R","$","E","T","E","M","M","E","?","R","B",null,"M","?","?","$","M","R","E","R","T","?"],"character_chosen":"DEFECT","items_purchased":["Seek","Defragment+1","Go for the Eyes"],"campfire_rested":1,"item_purchase_floors":[21,21,21],"current_hp_per_floor":[61,61,36,48,48,48,48,39,39,30,29,37,39,44,44,29,78,78,78,62,62,50,50,15,43,43,0],"gold":150,"neow_bonus":"TWENTY_PERCENT_HP_BONUS","is_prod":false,"is_daily":false,"chose_seed":false,"campfire_upgraded":3,"win_rate":0,"timestamp":1561527845,"path_taken":["M","M","?","M","?","R","$","E","T","E","M","?","E","?","R","BOSS","M","?","?","$","M","R","E","R","T","?"],"build_version":"2019-01-23","purchased_purges":1,"victory":false,"max_hp_per_floor":[89,89,89,89,89,89,89,89,89,89,89,89,89,94,94,94,94,94,94,94,94,94,94,94,94,94,94],"card_choices":[{"not_picked":["Coolheaded","Chill"],"picked":"Gash","floor":1},{"not_picked":["Redo","Coolheaded"],"picked":"Cold Snap","floor":2},{"not_picked":["Hologram","Ball Lightning"],"picked":"Darkness","floor":4},{"not_picked":["Ball Lightning","Tempest"],"picked":"Gash","floor":8},{"not_picked":["Barrage","Sweeping Beam","Recycle"],"picked":"SKIP","floor":10},{"not_picked":["Leap","Stack"],"picked":"Steam","floor":11},{"not_picked":["Redo","Sweeping Beam"],"picked":"Gash","floor":12},{"not_picked":["Thunder Strike","Reprogram"],"picked":"Doom and Gloom","floor":13},{"not_picked":["Multi-Cast","Hyperbeam"],"picked":"All For One","floor":16},{"not_picked":["Leap","Sweeping Beam"],"picked":"Steam+1","floor":18},{"not_picked":["Hologram","Go for the Eyes","Force Field"],"picked":"SKIP","floor":22},{"not_picked":["FTL+1","Fusion"],"picked":"Self Repair+1","floor":24}],"player_experience":281058,"relics_obtained":[{"floor":8,"key":"PreservedInsect"},{"floor":9,"key":"Frozen Egg 2"},{"floor":10,"key":"WingedGreaves"},{"floor":13,"key":"Happy Flower"},{"floor":20,"key":"Nilry\u0027s Codex"},{"floor":24,"key":"The Courier"},{"floor":26,"key":"Bronze Scales"}],"event_choices":[{"damage_healed":0,"gold_gain":0,"player_choice":"Success","damage_taken":25,"relics_obtained":["Meat on the Bone"],"max_hp_gain":0,"max_hp_loss":0,"event_name":"Scrap Ooze","floor":3,"gold_loss":0},{"damage_healed":0,"gold_gain":0,"cards_transformed":["Strike_B"],"player_choice":"Transformed","damage_taken":0,"max_hp_gain":0,"max_hp_loss":0,"event_name":"Transmorgrifier","floor":5,"gold_loss":0,"cards_obtained":["Fusion"]},{"damage_healed":0,"gold_gain":0,"player_choice":"Donut","damage_taken":0,"max_hp_gain":5,"max_hp_loss":0,"event_name":"Big Fish","floor":14,"gold_loss":0},{"cards_removed":["Cold Snap"],"damage_healed":0,"gold_gain":0,"player_choice":"Elegance","damage_taken":0,"max_hp_gain":0,"max_hp_loss":0,"event_name":"Back to Basics","floor":19,"gold_loss":0},{"damage_healed":0,"gold_gain":0,"player_choice":"Obtained Book","damage_taken":16,"max_hp_gain":0,"max_hp_loss":0,"event_name":"Cursed Tome","floor":20,"gold_loss":0},{"damage_healed":0,"gold_gain":0,"player_choice":"Fight","damage_taken":0,"max_hp_gain":0,"max_hp_loss":0,"event_name":"Colosseum","floor":27,"gold_loss":0},{"damage_healed":0,"gold_gain":0,"player_choice":"Fought Nobs","damage_taken":0,"max_hp_gain":0,"max_hp_loss":0,"event_name":"Colosseum","floor":27,"gold_loss":0}],"is_beta":false,"boss_relics":[{"not_picked":["Velvet Choker","FrozenCore"],"picked":"Pandora\u0027s Box"}],"items_purged_floors":[7],"is_endless":false,"potions_floor_spawned":[4,10,11,18,24,27],"killed_by":"Colosseum Nobs","ascension_level":5}