{"gold_per_floor":[114,125,143,44,44,69,89,89,114,133,162,162,162,10,10,109,109,109],"floor_reached":18,"playtime":1581,"items_purged":["Strike_G"],"score":179,"play_id":"d7e66a68-8163-41b2-9835-924a60abc76b","local_time":"20190112134513","is_ascension_mode":true,"campfire_choices":[{"data":"Footwork","floor":8,"key":"SMITH"},{"data":"Dodge and Roll","floor":13,"key":"SMITH"},{"data":"Blade Dance","floor":15,"key":"SMITH"}],"neow_cost":"NONE","seed_source_timestamp":237202464915988,"circlet_count":0,"master_deck":["Defend_G","Defend_G","Defend_G","Defend_G","Defend_G","Strike_G","Strike_G","Strike_G","Survivor","Neutralize","Cloak And Dagger","Quick Slash","Blur","Poisoned Stab","Footwork+1","Well Laid Plans","Blade Dance+1","Dodge and Roll+1","Envenom"],"relics":["Ring of the Snake","Happy Flower","Vajra","Art of War","PreservedInsect","Pen Nib","WristBlade"],"potions_floor_usage":[11],"damage_taken":[{"damage":0,"enemies":"Small Slimes","floor":1,"turns":6},{"damage":0,"enemies":"Jaw Worm","floor":2,"turns":5},{"damage":0,"enemies":"2 Louse","floor":3,"turns":3},{"damage":26,"enemies":"3 Sentries","floor":6,"turns":14},{"damage":0,"enemies":"Blue Slaver","floor":7,"turns":4},{"damage":1,"enemies":"Large Slime","floor":10,"turns":7},{"damage":10,"enemies":"Gremlin Nob","floor":11,"turns":4},{"damage":15,"enemies":"Slime Boss","floor":16,"turns":14},{"damage":23,"enemies":"3 Byrds","floor":18,"turns":4}],"seed_played":"-1997144034597034751","potions_obtained":[{"floor":2,"key":"GhostInAJar"},{"floor":3,"key":"Strength Potion"},{"floor":10,"key":"Fire Potion"}],"is_trial":false,"path_per_floor":["M","M","M","$","?","E","M","R","T","M","E","?","R","$","R","B",null,"M"],"character_chosen":"THE_SILENT","items_purchased":["Poisoned Stab","Pen Nib"],"campfire_rested":0,"item_purchase_floors":[4,14],"current_hp_per_floor":[70,70,70,70,70,44,44,44,44,43,33,38,38,38,38,23,75,52],"gold":109,"neow_bonus":"RANDOM_COMMON_RELIC","is_prod":false,"is_daily":false,"chose_seed":false,"campfire_upgraded":3,"win_rate":0,"timestamp":1547318713,"path_taken":["M","M","M","$","?","E","M","R","T","M","E","?","R","$","R","BOSS","M"],"build_version":"2019-01-10","purchased_purges":1,"victory":false,"max_hp_per_floor":[70,70,70,70,70,70,70,70,70,70,70,75,75,75,75,75,75,75],"card_choices":[{"not_picked":["Dagger Spray","Crippling Poison"],"picked":"Cloak And Dagger","floor":1},{"not_picked":["Masterful Stab","Heel Hook"],"picked":"Quick Slash","floor":2},{"not_picked":["Flying Knee","Cloak And Dagger"],"picked":"Blur","floor":3},{"not_picked":["Setup","Eviscerate"],"picked":"Footwork","floor":6},{"not_picked":["Blade Dance","Prepared"],"picked":"Well Laid Plans","floor":7},{"not_picked":["Riddle With Holes","Reflex"],"picked":"Blade Dance","floor":10},{"not_picked":["Dagger Spray","Distraction"],"picked":"Dodge and Roll","floor":11},{"not_picked":["Glass Knife","Storm of Steel"],"picked":"Envenom","floor":16}],"player_experience":204579,"relics_obtained":[{"floor":6,"key":"Vajra"},{"floor":9,"key":"Art of War"},{"floor":11,"key":"PreservedInsect"}],"event_choices":[{"cards_removed":["Strike_G"],"damage_healed":0,"gold_gain":0,"player_choice":"Forget","damage_taken":0,"max_hp_gain":0,"max_hp_loss":0,"event_name":"Living Wall","floor":5,"gold_loss":0},{"damage_healed":0,"gold_gain":0,"player_choice":"Donut","damage_taken":0,"max_hp_gain":5,"max_hp_loss":0,"event_name":"Big Fish","floor":12,"gold_loss":0}],"is_beta":false,"boss_relics":[{"not_picked":["Cursed Key","Orrery"],"picked":"WristBlade"}],"items_purged_floors":[4],"is_endless":false,"potions_floor_spawned":[2,3,10],"killed_by":"3 Byrds","ascension_level":1}