{"gold_per_floor":[145,161,179,179,197,197,232,242,267,297,328,184,184,184,184,284,284,297,323,323,223,236,236,262,282,360,360],"floor_reached":27,"playtime":944,"items_purged":["Strike_R","Defend_R"],"score":289,"play_id":"6f7fdd50-75ee-4755-bdf6-40c396ac7e3c","local_time":"20181130193449","is_ascension_mode":true,"campfire_choices":[{"data":"Cleave","floor":6,"key":"SMITH"},{"data":"Flame Barrier","floor":13,"key":"SMITH"},{"data":"Shockwave","floor":15,"key":"SMITH"},{"data":"Fiend Fire","floor":23,"key":"SMITH"}],"neow_cost":"NONE","seed_source_timestamp":370331511307469,"circlet_count":0,"master_deck":["Strike_R","Strike_R","Defend_R+1","Defend_R","Defend_R","Bash","Cleave+1","Impervious+1","Shrug It Off","Flame Barrier+1","Shockwave+1","Clothesline","Immolate","Feel No Pain","Fiend Fire+1","Spot Weakness","Disarm+1"],"relics":["Burning Blood","Tiny Chest","Anchor","Juzu Bracelet","Odd Mushroom","Pen Nib","Black Star","Strawberry","War Paint","Boot","Bottled Lightning"],"potions_floor_usage":[8,24],"damage_taken":[{"damage":13,"enemies":"Jaw Worm","floor":1,"turns":5},{"damage":6,"enemies":"Cultist","floor":2,"turns":3},{"damage":0,"enemies":"Small Slimes","floor":3,"turns":3},{"damage":5,"enemies":"Red Slaver","floor":5,"turns":5},{"damage":25,"enemies":"Gremlin Nob","floor":7,"turns":5},{"damage":0,"enemies":"Lots of Slimes","floor":8,"turns":2},{"damage":13,"enemies":"The Mushroom Lair","floor":10,"turns":5},{"damage":17,"enemies":"3 Sentries","floor":11,"turns":8},{"damage":32,"enemies":"Hexaghost","floor":16,"turns":9},{"damage":27,"enemies":"3 Byrds","floor":18,"turns":6},{"damage":23,"enemies":"Spheric Guardian","floor":22,"turns":6},{"damage":22,"enemies":"Slavers","floor":24,"turns":5},{"damage":21,"enemies":"Snake Plant","floor":25,"turns":3},{"damage":18,"enemies":"Book of Stabbing","floor":27,"turns":4}],"seed_played":"-5363404237493776570","potions_obtained":[{"floor":3,"key":"Fire Potion"},{"floor":5,"key":"Explosive Potion"},{"floor":8,"key":"Energy Potion"},{"floor":11,"key":"Strength Potion"},{"floor":25,"key":"Fire Potion"}],"is_trial":false,"path_per_floor":["M","M","M","?","M","R","E","M","T","?","E","$","R","?","R","B",null,"M","T","?","$","M","R","E","M","T","E"],"character_chosen":"IRONCLAD","items_purchased":["Feel No Pain"],"campfire_rested":0,"item_purchase_floors":[12],"current_hp_per_floor":[73,73,79,79,80,80,61,67,67,60,49,49,49,49,49,23,80,59,66,66,66,49,49,33,18,18,0],"gold":360,"neow_bonus":"RANDOM_COMMON_RELIC","is_prod":false,"is_daily":false,"chose_seed":false,"campfire_upgraded":4,"win_rate":0,"timestamp":1543624489,"path_taken":["M","M","M","?","M","R","E","M","T","?","E","$","R","?","R","BOSS","M","?","?","$","M","R","E","M","T","E"],"build_version":"2018-11-15","purchased_purges":2,"victory":false,"max_hp_per_floor":[80,80,80,80,80,80,80,80,80,80,80,80,80,80,80,80,80,80,87,87,87,87,87,87,87,87,87],"card_choices":[{"not_picked":["Wild Strike","True Grit"],"picked":"Cleave","floor":1},{"not_picked":["Clash","Twin Strike"],"picked":"Impervious","floor":2},{"not_picked":["Iron Wave","Pummel"],"picked":"Shrug It Off","floor":3},{"not_picked":["Cleave","Heavy Blade","Havoc"],"picked":"SKIP","floor":5},{"not_picked":["Iron Wave","Cleave"],"picked":"Flame Barrier","floor":7},{"not_picked":["Battle Trance","Hemokinesis"],"picked":"Shockwave","floor":8},{"not_picked":["Flame Barrier","Sword Boomerang"],"picked":"Clothesline","floor":10},{"not_picked":["Thunderclap","Cleave"],"picked":"Immolate","floor":11},{"not_picked":["Offering","Bludgeon"],"picked":"Fiend Fire","floor":16},{"not_picked":["Sever Soul","Flame Barrier+1","Blood for Blood"],"picked":"SKIP","floor":18},{"not_picked":["Clash","Iron Wave","Shrug It Off"],"picked":"SKIP","floor":22},{"not_picked":["Headbutt","Body Slam+1"],"picked":"Spot Weakness","floor":24},{"not_picked":["Havoc","Flex"],"picked":"Disarm+1","floor":25}],"player_experience":187442,"relics_obtained":[{"floor":7,"key":"Anchor"},{"floor":9,"key":"Juzu Bracelet"},{"floor":10,"key":"Odd Mushroom"},{"floor":11,"key":"Pen Nib"},{"floor":19,"key":"Strawberry"},{"floor":24,"key":"War Paint"},{"floor":24,"key":"Boot"},{"floor":26,"key":"Bottled Lightning"}],"event_choices":[{"cards_removed":["Strike_R"],"damage_healed":0,"gold_gain":0,"player_choice":"Offered Basic","damage_taken":0,"max_hp_gain":0,"max_hp_loss":0,"event_name":"Bonfire Elementals","floor":4,"gold_loss":0},{"damage_healed":0,"gold_gain":0,"player_choice":"Fought Mushrooms","damage_taken":0,"max_hp_gain":0,"max_hp_loss":0,"event_name":"Mushrooms","floor":10,"gold_loss":0},{"damage_healed":0,"gold_gain":0,"player_choice":"Bought 0 Potions","damage_taken":0,"max_hp_gain":0,"max_hp_loss":0,"event_name":"The Woman in Blue","floor":14,"gold_loss":0},{"cards_removed":["Strike_R"],"damage_healed":0,"gold_gain":0,"player_choice":"Purged","damage_taken":0,"max_hp_gain":0,"max_hp_loss":0,"event_name":"Purifier","floor":20,"gold_loss":0}],"is_beta":false,"boss_relics":[{"not_picked":["Mark of Pain","Lizard Tail"],"picked":"Black Star"}],"items_purged_floors":[12,21],"is_endless":false,"potions_floor_spawned":[3,5,8,11,25],"killed_by":"Book of Stabbing","ascension_level":4}