{"gold_per_floor":[113,133,97,97,24,54,79,79,79,79,79,99,134,153,153,277,277,302,427,447,447],"floor_reached":21,"playtime":1657,"items_purged":[],"score":234,"play_id":"a91b2b43-e7aa-4f12-b972-53712e46fbc1","local_time":"20190514211631","is_ascension_mode":true,"campfire_choices":[{"floor":8,"key":"REST"},{"data":"Noxious Fumes","floor":11,"key":"SMITH"},{"floor":15,"key":"REST"}],"neow_cost":"NONE","seed_source_timestamp":927073947959300,"circlet_count":0,"master_deck":["Survivor","Neutralize+1","Accuracy","Blade Dance","Noxious Fumes","Pain","Accuracy","Noxious Fumes+1","Injury","Distraction","Leg Sweep","Cloak And Dagger","After Image","Well Laid Plans","Acrobatics","Escape Plan","Wraith Form v2","Catalyst","Flying Knee","Riddle With Holes","Die Die Die","Wraith Form v2","Bullet Time","Blade Dance","Dagger Spray+1","Backflip+1"],"relics":["Ring of the Snake","WarpedTongs","Happy Flower","Oddly Smooth Stone","Bottled Tornado","Golden Idol","Kunai","Pandora\u0027s Box","Dead Branch","Ninja Scroll"],"potions_floor_usage":[18,18,19],"damage_taken":[{"damage":0,"enemies":"Small Slimes","floor":1,"turns":4},{"damage":0,"enemies":"Cultist","floor":2,"turns":4},{"damage":32,"enemies":"3 Sentries","floor":6,"turns":8},{"damage":3,"enemies":"Jaw Worm","floor":12,"turns":5},{"damage":23,"enemies":"Lagavulin","floor":13,"turns":5},{"damage":3,"enemies":"3 Louse","floor":14,"turns":3},{"damage":31,"enemies":"Slime Boss","floor":16,"turns":9},{"damage":6,"enemies":"Chosen","floor":18,"turns":5},{"damage":25,"enemies":"Colosseum Slavers","floor":19,"turns":5},{"damage":7,"enemies":"Colosseum Nobs","floor":19,"turns":4},{"damage":3,"enemies":"Spheric Guardian","floor":20,"turns":4},{"damage":22,"enemies":"Centurion and Healer","floor":21,"turns":1}],"seed_played":"-3941230129986087791","potions_obtained":[{"floor":12,"key":"LiquidBronze"},{"floor":14,"key":"GamblersBrew"},{"floor":16,"key":"Block Potion"}],"is_trial":false,"path_per_floor":["M","M","$","?","$","E","T","R","T","?","R","M","E","M","R","B",null,"M","?","M","M"],"character_chosen":"THE_SILENT","items_purchased":["Noxious Fumes","Accuracy"],"campfire_rested":2,"item_purchase_floors":[3,5],"current_hp_per_floor":[70,70,70,70,70,38,38,59,59,59,59,56,33,30,51,20,58,52,20,17,0],"gold":447,"neow_bonus":"UPGRADE_CARD","is_prod":false,"is_daily":false,"chose_seed":false,"campfire_upgraded":1,"win_rate":0,"timestamp":1557864991,"path_taken":["M","M","$","?","?","E","?","R","T","?","R","M","E","?","R","BOSS","M","?","M","M"],"build_version":"2019-01-23","purchased_purges":0,"victory":false,"max_hp_per_floor":[70,70,70,70,70,70,70,70,70,70,70,70,70,70,70,70,70,70,70,70,70],"card_choices":[{"not_picked":["Prepared","Concentrate"],"picked":"Accuracy","floor":1},{"not_picked":["Deflect","Caltrops"],"picked":"Blade Dance","floor":2},{"not_picked":["Predator","Concentrate"],"picked":"Noxious Fumes","floor":6},{"not_picked":["Concentrate","Underhanded Strike"],"picked":"Distraction","floor":12},{"not_picked":["Glass Knife","Deadly Poison"],"picked":"Leg Sweep","floor":13},{"not_picked":["Noxious Fumes","Slice"],"picked":"Cloak And Dagger","floor":14},{"not_picked":["Doppelganger","Burst"],"picked":"After Image","floor":16},{"not_picked":["Slice","Backflip"],"picked":"Blade Dance","floor":18},{"not_picked":["Deadly Poison+1","Caltrops"],"picked":"Dagger Spray+1","floor":19},{"not_picked":["Sucker Punch+1","Heel Hook"],"picked":"Backflip+1","floor":20}],"player_experience":726964,"relics_obtained":[{"floor":6,"key":"Happy Flower"},{"floor":7,"key":"Oddly Smooth Stone"},{"floor":9,"key":"Bottled Tornado"},{"floor":13,"key":"Kunai"},{"floor":19,"key":"Dead Branch"},{"floor":19,"key":"Ninja Scroll"}],"event_choices":[{"damage_healed":0,"gold_gain":0,"player_choice":"Rummage","damage_taken":0,"relics_obtained":["WarpedTongs"],"max_hp_gain":0,"max_hp_loss":0,"event_name":"Accursed Blacksmith","floor":4,"gold_loss":0,"cards_obtained":["Pain"]},{"damage_healed":0,"gold_gain":0,"player_choice":"Take Wound","damage_taken":0,"relics_obtained":["Golden Idol"],"max_hp_gain":0,"max_hp_loss":0,"event_name":"Golden Idol","floor":10,"gold_loss":0,"cards_obtained":["Injury"]},{"damage_healed":0,"gold_gain":0,"player_choice":"Fight","damage_taken":0,"max_hp_gain":0,"max_hp_loss":0,"event_name":"Colosseum","floor":19,"gold_loss":0},{"damage_healed":0,"gold_gain":0,"player_choice":"Fought Nobs","damage_taken":0,"max_hp_gain":0,"max_hp_loss":0,"event_name":"Colosseum","floor":19,"gold_loss":0}],"is_beta":false,"boss_relics":[{"not_picked":["Sozu","Snecko Eye"],"picked":"Pandora\u0027s Box"}],"items_purged_floors":[],"is_endless":false,"potions_floor_spawned":[12,14,16,19],"killed_by":"Centurion and Healer","ascension_level":5}