{"gold_per_floor":[114,114,114,129,144,174,189,189,189,204,4,34,34,34,34,134,134,149,464,479,494,509,6,6,6,6,21,36,36,51,66,66,166,216,231,331,346,361,361,361,391,50,125,125,140,145,175,190,190,190],"floor_reached":51,"playtime":4069,"items_purged":[],"score":825,"play_id":"34109f82-f95b-4d63-b5ef-03a6578c27a5","local_time":"20190404145047","daily_mods":["Specialized","Vintage","Binary"],"is_ascension_mode":false,"campfire_choices":[{"data":"Bash","floor":8,"key":"SMITH"},{"data":"Dramatic Entrance","floor":15,"key":"SMITH"},{"floor":25,"key":"REST"},{"data":"Juggernaut","floor":32,"key":"SMITH"},{"data":"1","floor":40,"key":"LIFT"},{"floor":44,"key":"REST"},{"floor":49,"key":"REST"}],"neow_cost":"","seed_source_timestamp":0,"circlet_count":0,"master_deck":["Strike_R","Strike_R","Strike_R","Strike_R","Strike_R","Defend_R","Defend_R","Defend_R","Defend_R","Bash+1","Warcry","Warcry","Warcry","Warcry","Reckless Charge","Pain","Carnage+1","Anger","Juggernaut+1","Dramatic Entrance+1","Feed","Panache","Shrug It Off","Fiend Fire","Second Wind+1","Rampage","Parasite","Barricade","Metallicize","Swift Strike","Violence+1","Iron Wave+1","Shrug It Off+1"],"special_seed":17990,"relics":["Burning Blood","Vajra","WarpedTongs","Smiling Mask","Gremlin Horn","Question Card","Bronze Scales","Self Forming Clay","Blood Vial","Medical Kit","Regal Pillow","Velvet Choker","Incense Burner","Turnip","Mummified Hand","MawBank","Torii","Nloth\u0027s Gift","Paper Frog","Matryoshka","Toxic Egg 2","Ornamental Fan","Bag of Preparation","Tiny House","Dodecahedron","Girya","Mango","Centennial Puzzle","Ice Cream","Ancient Tea Set","Bottled Tornado","Bottled Lightning","Gambling Chip","Darkstone Periapt","Oddly Smooth Stone"],"potions_floor_usage":[6,6,7,27,28,30,31,33,35,36,38,46,50],"damage_taken":[{"damage":6,"enemies":"Jaw Worm","floor":1,"turns":3},{"damage":1,"enemies":"Cultist","floor":4,"turns":3},{"damage":5,"enemies":"2 Louse","floor":5,"turns":2},{"damage":15,"enemies":"Lagavulin","floor":6,"turns":5},{"damage":4,"enemies":"Lots of Slimes","floor":7,"turns":4},{"damage":4,"enemies":"Looter","floor":10,"turns":2},{"damage":31,"enemies":"Gremlin Nob","floor":12,"turns":4},{"damage":0,"enemies":"Gremlin Gang","floor":14,"turns":1},{"damage":34,"enemies":"Hexaghost","floor":16,"turns":8},{"damage":15,"enemies":"Shell Parasite","floor":18,"turns":2},{"damage":15,"enemies":"Chosen","floor":19,"turns":3},{"damage":20,"enemies":"Shelled Parasite and Fungi","floor":20,"turns":3},{"damage":24,"enemies":"Snake Plant","floor":21,"turns":3},{"damage":11,"enemies":"Snecko","floor":22,"turns":4},{"damage":24,"enemies":"Shelled Parasite and Fungi","floor":27,"turns":5},{"damage":16,"enemies":"Centurion and Healer","floor":28,"turns":5},{"damage":14,"enemies":"Cultist and Chosen","floor":30,"turns":5},{"damage":0,"enemies":"Snake Plant","floor":31,"turns":3},{"damage":39,"enemies":"Champ","floor":33,"turns":10},{"damage":3,"enemies":"3 Shapes","floor":35,"turns":2},{"damage":1,"enemies":"Mind Bloom Boss Battle","floor":36,"turns":4},{"damage":33,"enemies":"3 Darklings","floor":37,"turns":4},{"damage":14,"enemies":"Writhing Mass","floor":38,"turns":5},{"damage":53,"enemies":"Reptomancer","floor":41,"turns":5},{"damage":19,"enemies":"Sphere and 2 Shapes","floor":45,"turns":4},{"damage":33,"enemies":"2 Orb Walkers","floor":46,"turns":4},{"damage":22,"enemies":"Nemesis","floor":47,"turns":5},{"damage":14,"enemies":"4 Shapes","floor":48,"turns":2},{"damage":30,"enemies":"Awakened One","floor":50,"turns":9}],"seed_played":"-293968740941532516","potions_obtained":[{"floor":1,"key":"Regen Potion"},{"floor":4,"key":"Fire Potion"},{"floor":5,"key":"Weak Potion"},{"floor":20,"key":"SpeedPotion"},{"floor":22,"key":"Poison Potion"},{"floor":27,"key":"Poison Potion"},{"floor":28,"key":"SkillPotion"},{"floor":30,"key":"Ancient Potion"},{"floor":34,"key":"SteroidPotion"},{"floor":35,"key":"PowerPotion"},{"floor":36,"key":"Energy Potion"},{"floor":37,"key":"Dexterity Potion"},{"floor":45,"key":"GamblersBrew"},{"floor":48,"key":"Ancient Potion"}],"is_trial":false,"path_per_floor":["M","?","?","M","M","E","M","R","T","M","$","E","?","M","R","B",null,"M","M","M","M","M","$","?","R","T","M","M","$","M","M","R","B",null,"M","?","M","M","?","R","E","$","T","R","M","?","E","M","R","B",null],"character_chosen":"IRONCLAD","items_purchased":["Medical Kit","Torii","Panache","Shrug It Off","Metallicize","Swift Strike","Violence+1"],"campfire_rested":3,"item_purchase_floors":[11,23,23,23,42,42,42],"current_hp_per_floor":[80,80,80,80,80,71,80,80,80,80,80,55,55,63,63,37,80,71,68,59,43,40,40,40,81,81,65,60,60,54,62,62,31,95,98,98,85,79,79,79,34,34,34,82,74,49,38,32,82,63],"gold":190,"neow_bonus":"","is_prod":false,"is_daily":true,"chose_seed":false,"campfire_upgraded":3,"win_rate":0,"timestamp":1554385847,"path_taken":["M","?","?","M","?","E","M","R","T","M","?","E","?","M","R","BOSS","M","?","M","M","M","$","?","R","T","M","?","?","M","M","R","BOSS","M","?","M","M","?","R","E","$","T","R","M","?","E","M","R","BOSS"],"build_version":"2019-01-23","purchased_purges":0,"victory":true,"max_hp_per_floor":[80,80,80,80,80,80,80,80,80,80,80,80,80,80,80,80,80,80,84,87,87,87,87,87,87,87,87,90,90,90,90,90,90,95,98,98,112,112,112,112,112,112,112,112,115,115,118,118,118,121],"card_choices":[{"not_picked":["Ghostly Armor"],"picked":"Carnage","floor":6},{"not_picked":["Twin Strike","Perfected Strike"],"picked":"Anger","floor":12},{"not_picked":["Limit Break","Reaper"],"picked":"Feed","floor":16},{"not_picked":["Impervious+1","Berserk"],"picked":"Fiend Fire","floor":33},{"not_picked":["Disarm+1","Heavy Blade"],"picked":"Second Wind+1","floor":34},{"not_picked":["Impervious+1","Clash+1"],"picked":"Rampage","floor":36},{"not_picked":["Hemokinesis","Dark Embrace"],"picked":"Barricade","floor":41},{"not_picked":["Wild Strike+1","Twin Strike+1"],"picked":"Iron Wave+1","floor":46},{"not_picked":["Wild Strike+1","Carnage"],"picked":"Shrug It Off+1","floor":47}],"player_experience":431086,"relics_obtained":[{"floor":1,"key":"Vajra"},{"floor":4,"key":"Smiling Mask"},{"floor":5,"key":"Gremlin Horn"},{"floor":6,"key":"Question Card"},{"floor":7,"key":"Bronze Scales"},{"floor":9,"key":"Self Forming Clay"},{"floor":10,"key":"Blood Vial"},{"floor":12,"key":"Regal Pillow"},{"floor":18,"key":"Incense Burner"},{"floor":19,"key":"Old Coin"},{"floor":20,"key":"Turnip"},{"floor":21,"key":"Mummified Hand"},{"floor":22,"key":"MawBank"},{"floor":26,"key":"Paper Frog"},{"floor":27,"key":"Matryoshka"},{"floor":28,"key":"Toxic Egg 2"},{"floor":30,"key":"Ornamental Fan"},{"floor":31,"key":"Bag of Preparation"},{"floor":35,"key":"Dodecahedron"},{"floor":36,"key":"Girya"},{"floor":37,"key":"Mango"},{"floor":38,"key":"Centennial Puzzle"},{"floor":41,"key":"Ice Cream"},{"floor":43,"key":"Ancient Tea Set"},{"floor":43,"key":"Bottled Tornado"},{"floor":45,"key":"Bottled Lightning"},{"floor":46,"key":"Gambling Chip"},{"floor":47,"key":"Darkstone Periapt"},{"floor":48,"key":"Oddly Smooth Stone"}],"event_choices":[{"damage_healed":0,"gold_gain":0,"cards_transformed":["Warcry"],"player_choice":"Change","damage_taken":0,"max_hp_gain":0,"max_hp_loss":0,"event_name":"Living Wall","floor":2,"gold_loss":0,"cards_obtained":["Reckless Charge"]},{"damage_healed":0,"gold_gain":0,"player_choice":"Rummage","damage_taken":0,"relics_obtained":["WarpedTongs"],"max_hp_gain":0,"max_hp_loss":0,"event_name":"Accursed Blacksmith","floor":3,"gold_loss":0,"cards_obtained":["Pain"]},{"damage_healed":0,"gold_gain":0,"player_choice":"2 cards matched","damage_taken":0,"max_hp_gain":0,"max_hp_loss":0,"event_name":"Match and Keep!","floor":13,"gold_loss":0,"cards_obtained":["Juggernaut","Dramatic Entrance"]},{"damage_healed":0,"gold_gain":0,"player_choice":"Traded Relic","damage_taken":0,"relics_obtained":["Nloth\u0027s Gift"],"max_hp_gain":0,"max_hp_loss":0,"event_name":"N\u0027loth","floor":24,"relics_lost":["Old Coin"],"gold_loss":0},{"damage_healed":0,"gold_gain":0,"player_choice":"Fight","damage_taken":0,"max_hp_gain":0,"max_hp_loss":0,"event_name":"MindBloom","floor":36,"gold_loss":0},{"damage_healed":0,"gold_gain":0,"player_choice":"Ignored","damage_taken":0,"max_hp_gain":0,"max_hp_loss":0,"event_name":"Tomb of Lord Red Mask","floor":39,"gold_loss":0},{"damage_healed":0,"gold_gain":0,"player_choice":"Fight","damage_taken":0,"max_hp_gain":0,"max_hp_loss":0,"event_name":"Mysterious Sphere","floor":46,"gold_loss":0}],"is_beta":false,"boss_relics":[{"not_picked":["Sozu","Runic Dome"],"picked":"Velvet Choker"},{"not_picked":["Lizard Tail","Empty Cage"],"picked":"Tiny House"}],"items_purged_floors":[],"is_endless":false,"potions_floor_spawned":[1,4,5,14,20,22,27,28,30,35,36,37,45,48],"ascension_level":0}