{"gold_per_floor":[114,129,144,319,319,319,349,364,364,379,44,44,44,18,18,118,118,133,133,133,148,148,163,163],"floor_reached":24,"playtime":1440,"items_purged":[],"score":321,"play_id":"c3a53420-561a-4b4a-8485-5107ac95b307","local_time":"20190423081255","daily_mods":["Shiny","Time Dilation","Binary"],"is_ascension_mode":false,"campfire_choices":[{"data":"Storm of Steel","floor":6,"key":"SMITH"},{"data":"Die Die Die","floor":13,"key":"SMITH"},{"data":"A Thousand Cuts","floor":15,"key":"SMITH"}],"neow_cost":"","seed_source_timestamp":0,"circlet_count":0,"master_deck":["Venomology","Corpse Explosion","Malaise","Phantasmal Killer","Die Die Die+1","Adrenaline","Envenom","Doppelganger","Burst","Tools of the Trade","Night Terror","Unload","After Image","Bullet Time","Storm of Steel+1","Glass Knife","A Thousand Cuts+1","Grand Finale","Flying Knee","Sucker Punch","Blade Dance","Doubt","Regret","Finisher","Flying Knee","PiercingWail+1","Discovery+1","Accuracy","Blade Dance+1","Night Terror+1","Doubt","Injury","Doubt","Slice","Pain","Cloak And Dagger+1","Prepared+1"],"special_seed":18009,"relics":["Ring of the Snake","Lantern","Dead Branch","Toxic Egg 2","Bottled Flame","Calling Bell","Oddly Smooth Stone","The Courier","Bird Faced Urn","WarpedTongs","MutagenicStrength"],"potions_floor_usage":[10,10,16,18,18],"damage_taken":[{"damage":11,"enemies":"Cultist","floor":1,"turns":4},{"damage":0,"enemies":"Small Slimes","floor":2,"turns":1},{"damage":0,"enemies":"2 Louse","floor":3,"turns":1},{"damage":10,"enemies":"Gremlin Nob","floor":7,"turns":4},{"damage":0,"enemies":"Exordium Thugs","floor":8,"turns":1},{"damage":3,"enemies":"Large Slime","floor":10,"turns":4},{"damage":17,"enemies":"Slime Boss","floor":16,"turns":5},{"damage":24,"enemies":"2 Thieves","floor":18,"turns":3},{"damage":23,"enemies":"Shell Parasite","floor":21,"turns":3},{"damage":12,"enemies":"Chosen and Byrds","floor":23,"turns":4}],"seed_played":"-6905164264985758512","potions_obtained":[{"floor":1,"key":"Regen Potion"},{"floor":8,"key":"SneckoOil"},{"floor":16,"key":"AttackPotion"},{"floor":21,"key":"FearPotion"},{"floor":23,"key":"GamblersBrew"}],"is_trial":false,"path_per_floor":["M","M","M","?","?","R","E","M","T","M","$","?","R","$","R","B",null,"M","?","?","M","?","M","?"],"character_chosen":"THE_SILENT","items_purchased":["Bottled Flame","Discovery+1","Blade Dance+1"],"campfire_rested":0,"item_purchase_floors":[11,11,14],"current_hp_per_floor":[59,59,59,59,59,59,49,49,49,58,58,58,58,58,58,41,70,46,33,33,14,14,6,0],"gold":163,"neow_bonus":"","is_prod":false,"is_daily":true,"chose_seed":false,"campfire_upgraded":3,"win_rate":0,"timestamp":1556003575,"path_taken":["M","M","?","?","?","R","E","M","T","?","$","?","R","?","R","BOSS","M","?","?","?","?","M","?"],"build_version":"2019-01-23","purchased_purges":0,"victory":false,"max_hp_per_floor":[70,70,70,70,70,70,70,70,70,70,70,70,70,70,70,70,70,70,75,75,75,75,75,75],"card_choices":[{"not_picked":["Dodge and Roll"],"picked":"Flying Knee","floor":1},{"not_picked":["Underhanded Strike"],"picked":"Sucker Punch","floor":2},{"not_picked":["Eviscerate"],"picked":"Blade Dance","floor":3},{"not_picked":["Acrobatics"],"picked":"Finisher","floor":7},{"not_picked":["Outmaneuver"],"picked":"Flying Knee","floor":8},{"not_picked":["Well Laid Plans"],"picked":"PiercingWail+1","floor":10},{"not_picked":["Phantasmal Killer+1"],"picked":"Night Terror+1","floor":16},{"not_picked":["Choke"],"picked":"Slice","floor":18},{"not_picked":["Dagger Spray"],"picked":"Cloak And Dagger+1","floor":21},{"not_picked":["Sucker Punch"],"picked":"Prepared+1","floor":23}],"player_experience":622222,"relics_obtained":[{"floor":7,"key":"Dead Branch"},{"floor":9,"key":"Toxic Egg 2"},{"floor":17,"key":"Oddly Smooth Stone"},{"floor":17,"key":"The Courier"},{"floor":17,"key":"Bird Faced Urn"}],"event_choices":[{"damage_healed":0,"gold_gain":175,"player_choice":"AGREE","damage_taken":0,"max_hp_gain":0,"max_hp_loss":0,"event_name":"Liars Game","floor":4,"gold_loss":0,"cards_obtained":["Doubt"]},{"damage_healed":0,"gold_gain":0,"player_choice":"Box","damage_taken":0,"relics_obtained":["Lantern"],"max_hp_gain":0,"max_hp_loss":0,"event_name":"Big Fish","floor":5,"gold_loss":0,"cards_obtained":["Regret"]},{"damage_healed":0,"gold_gain":0,"cards_transformed":["Wraith Form v2"],"player_choice":"Transformed","damage_taken":0,"max_hp_gain":0,"max_hp_loss":0,"event_name":"Transmorgrifier","floor":12,"gold_loss":0,"cards_obtained":["Accuracy"]},{"damage_healed":0,"gold_gain":0,"player_choice":"Shed Blood","damage_taken":18,"max_hp_gain":5,"max_hp_loss":0,"event_name":"Forgotten Altar","floor":19,"gold_loss":0},{"damage_healed":0,"gold_gain":0,"player_choice":"Rummage","damage_taken":0,"relics_obtained":["WarpedTongs"],"max_hp_gain":0,"max_hp_loss":0,"event_name":"Accursed Blacksmith","floor":20,"gold_loss":0,"cards_obtained":["Pain"]},{"damage_healed":0,"gold_gain":0,"player_choice":"Inject Mutagens","damage_taken":0,"relics_obtained":["MutagenicStrength"],"max_hp_gain":0,"max_hp_loss":0,"event_name":"Drug Dealer","floor":22,"gold_loss":0}],"is_beta":false,"boss_relics":[{"not_picked":["Ectoplasm","Eternal Feather"],"picked":"Calling Bell"}],"items_purged_floors":[],"is_endless":false,"potions_floor_spawned":[1,8,16,21,23],"ascension_level":0}