{"gold_per_floor":[115,115,115,135,155,155,155,68,94,109,128,144,144,159,159,258,258,275,275,286,286,98,124,144,144],"floor_reached":25,"playtime":2266,"items_purged":[],"score":215,"play_id":"280a45fd-0bd2-4780-ab61-414a004b5641","local_time":"20190218231146","is_ascension_mode":false,"campfire_choices":[{"data":"Deadly Poison","floor":6,"key":"SMITH"},{"data":"Noxious Fumes","floor":15,"key":"SMITH"}],"neow_cost":"NONE","seed_source_timestamp":148816003816100,"circlet_count":0,"master_deck":["Defend_G+1","Defend_G+1","Defend_G+1","Defend_G+1","Strike_G+1","Strike_G+1","Strike_G+1","Strike_G+1","Strike_G+1","Survivor","Neutralize","Deadly Poison+1","Iron Wave","Quick Slash","Backflip","Infinite Blades","Acrobatics","Noxious Fumes+1","Blade Dance","Poisoned Stab","Cloak And Dagger","Glass Knife","Crippling Poison","Cloak And Dagger","Accuracy","Adrenaline","Bane","Infinite Blades"],"relics":["Ring of the Snake","Orichalcum","Peace Pipe","Fusion Hammer","The Courier"],"potions_floor_usage":[11,16,18,18,23,25,25],"damage_taken":[{"damage":1,"enemies":"Jaw Worm","floor":1,"turns":5},{"damage":2,"enemies":"Small Slimes","floor":4,"turns":4},{"damage":1,"enemies":"Cultist","floor":5,"turns":3},{"damage":2,"enemies":"Large Slime","floor":10,"turns":5},{"damage":0,"enemies":"Exordium Wildlife","floor":11,"turns":2},{"damage":10,"enemies":"2 Fungi Beasts","floor":12,"turns":3},{"damage":5,"enemies":"Blue Slaver","floor":14,"turns":4},{"damage":25,"enemies":"Hexaghost","floor":16,"turns":8},{"damage":10,"enemies":"2 Thieves","floor":18,"turns":5},{"damage":0,"enemies":"Shell Parasite","floor":20,"turns":4},{"damage":21,"enemies":"Book of Stabbing","floor":23,"turns":6},{"damage":30,"enemies":"Shelled Parasite and Fungi","floor":24,"turns":5},{"damage":35,"enemies":"Slavers","floor":25,"turns":3}],"seed_played":"-1951970703512130139","potions_obtained":[{"floor":1,"key":"Fire Potion"},{"floor":5,"key":"GamblersBrew"},{"floor":10,"key":"SpeedPotion"},{"floor":14,"key":"EssenceOfSteel"},{"floor":16,"key":"Regen Potion"},{"floor":23,"key":"Energy Potion"},{"floor":24,"key":"Energy Potion"}],"is_trial":false,"path_per_floor":["M","?","?","M","M","R","?","$","T","M","M","M","T","M","R","B",null,"M","?","M","?","$","E","M","E"],"character_chosen":"THE_SILENT","items_purchased":["Infinite Blades","Acrobatics","Accuracy","Adrenaline"],"campfire_rested":0,"item_purchase_floors":[8,8,22,22],"current_hp_per_floor":[76,76,76,74,73,73,73,73,73,71,71,61,61,56,56,31,77,76,76,76,76,76,55,25,0],"gold":144,"neow_bonus":"TEN_PERCENT_HP_BONUS","is_prod":false,"is_daily":false,"chose_seed":false,"campfire_upgraded":2,"win_rate":0.0,"timestamp":1550531506,"path_taken":["M","?","?","M","?","R","?","$","T","M","M","M","?","M","R","BOSS","M","?","M","?","$","E","M","E"],"build_version":"2019-01-23","purchased_purges":0,"victory":false,"max_hp_per_floor":[77,77,77,77,77,77,77,77,77,77,77,77,77,77,77,77,77,77,77,77,77,77,77,77,77],"card_choices":[{"not_picked":["Cloak And Dagger","Eviscerate"],"picked":"Deadly Poison","floor":1},{"not_picked":["Cloak And Dagger","Doppelganger"],"picked":"Quick Slash","floor":4},{"not_picked":["Dodge and Roll","PiercingWail"],"picked":"Backflip","floor":5},{"not_picked":["Dagger Spray","Quick Slash"],"picked":"Noxious Fumes","floor":10},{"not_picked":["Well Laid Plans","Underhanded Strike"],"picked":"Blade Dance","floor":11},{"not_picked":["Footwork","Flechettes"],"picked":"Poisoned Stab","floor":12},{"not_picked":["Flying Knee","Skewer"],"picked":"Cloak And Dagger","floor":14},{"not_picked":["Phantasmal Killer","Venomology"],"picked":"Glass Knife","floor":16},{"not_picked":["Backflip","Blade Dance"],"picked":"Crippling Poison","floor":18},{"not_picked":["Outmaneuver","Flying Knee"],"picked":"Cloak And Dagger","floor":20},{"not_picked":["Footwork","Terror+1"],"picked":"Bane","floor":23},{"not_picked":["Slice+1","PiercingWail"],"picked":"Infinite Blades","floor":24}],"player_experience":156875,"relics_obtained":[{"floor":9,"key":"Orichalcum"},{"floor":13,"key":"Peace Pipe"},{"floor":23,"key":"The Courier"}],"event_choices":[{"damage_healed":0,"gold_gain":0,"player_choice":"Ignored","damage_taken":0,"max_hp_gain":0,"max_hp_loss":0,"event_name":"Golden Wing","floor":2,"gold_loss":0},{"cards_removed":["Defend_G"],"damage_healed":0,"gold_gain":0,"player_choice":"Took Card","damage_taken":0,"max_hp_gain":0,"max_hp_loss":0,"event_name":"NoteForYourself","floor":3,"gold_loss":0,"cards_obtained":["Iron Wave"]},{"damage_healed":0,"gold_gain":0,"player_choice":"Leave","damage_taken":0,"max_hp_gain":0,"max_hp_loss":0,"event_name":"The Cleric","floor":7,"gold_loss":0},{"damage_healed":0,"gold_gain":0,"player_choice":"Simplicity","damage_taken":0,"max_hp_gain":0,"max_hp_loss":0,"event_name":"Back to Basics","floor":19,"gold_loss":0,"cards_upgraded":["Defend_G","Defend_G","Defend_G","Defend_G","Strike_G","Strike_G","Strike_G","Strike_G","Strike_G"]},{"damage_healed":0,"gold_gain":0,"player_choice":"Ignored","damage_taken":0,"max_hp_gain":0,"max_hp_loss":0,"event_name":"Beggar","floor":21,"gold_loss":0}],"is_beta":false,"boss_relics":[{"not_picked":["Snecko Eye","Cursed Key"],"picked":"Fusion Hammer"}],"items_purged_floors":[],"is_endless":false,"potions_floor_spawned":[1,5,10,14,16,23,24],"killed_by":"Slavers","ascension_level":0}