{"gold_per_floor":[114,114,129,16,31,61,61,61,61,135,135,135,150,150,150,250,250,265,315,415,18,33,33,63,63,63,27,42,42,72,87,87,187,187,202,217,217,217,232,262,537,537,537,552,552,567,5,20,20,20],"floor_reached":51,"playtime":2466,"items_purged":[],"score":1438,"play_id":"829b6b93-a35d-4f58-8f10-090196f24b54","local_time":"20190319092315","daily_mods":["Insanity","Hoarder","Lethality"],"is_ascension_mode":false,"campfire_choices":[{"floor":7,"key":"DIG"},{"floor":11,"key":"DIG"},{"floor":15,"key":"DIG"},{"floor":23,"key":"DIG"},{"floor":25,"key":"DIG"},{"floor":29,"key":"DIG"},{"floor":32,"key":"DIG"},{"floor":45,"key":"DIG"},{"floor":49,"key":"DIG"}],"neow_cost":"","seed_source_timestamp":0,"circlet_count":0,"master_deck":["Choke","Poisoned Stab","Dagger Spray","Caltrops","Poisoned Stab","Dodge and Roll","Outmaneuver","Deflect","PiercingWail","Dagger Throw","Bane","Choke","Deadly Poison","Backflip","Dodge and Roll","Blade Dance","Slice","Acrobatics","Sucker Punch","Quick Slash","Catalyst","Outmaneuver","Accuracy","Prepared","Dagger Spray","Calculated Gamble","Cloak And Dagger","Deflect","Dagger Spray","Escape Plan","Skewer","Dagger Throw","Deadly Poison","Calculated Gamble","Concentrate","Dagger Throw","Acrobatics","Dash","Bane","Deadly Poison","Distraction","Escape Plan","Distraction","Slice","Finisher","Sucker Punch","Skewer","Outmaneuver","Deflect","Deflect","Deflect","Accuracy","Accuracy","Accuracy","Dagger Spray","Dagger Spray","Dagger Spray","Enlightenment","Enlightenment","Enlightenment","Dagger Throw","Dagger Throw","Dagger Throw","Cloak And Dagger","Cloak And Dagger","Cloak And Dagger","Regret","Regret","Regret","Distraction","Distraction","Distraction","Blade Dance","Blade Dance","Blade Dance","Adrenaline","Adrenaline","Adrenaline","Quick Slash+1","Quick Slash+1","Quick Slash+1","Deflect","Deflect","Deflect","Quick Slash","Quick Slash","Quick Slash","Backstab","Backstab","Backstab","Slice+1","Slice+1","Slice+1","Flechettes","Flechettes","Flechettes","Sucker Punch+1","Sucker Punch+1","Sucker Punch+1","Adrenaline","Adrenaline","Adrenaline","Prepared+1","Prepared+1","Prepared+1","Glass Knife","Glass Knife","Glass Knife","Backflip+1","Backflip+1","Backflip+1","Flechettes+1","Flechettes+1","Flechettes+1","Violence","Violence","Violence","Dramatic Entrance","Dramatic Entrance","Dramatic Entrance","Impatience","Impatience","Impatience","Accuracy+1","Accuracy+1","Accuracy+1","Blur+1","Blur+1","Blur+1","Regret","Regret","Regret","Injury","Injury","Injury","Decay","Decay","Decay","Slice+1","Slice+1","Slice+1","Sucker Punch+1","Sucker Punch+1","Sucker Punch+1","Endless Agony","Endless Agony","Endless Agony","Jack Of All Trades","Jack Of All Trades","Jack Of All Trades","Bandage Up","Bandage Up","Bandage Up","Thinking Ahead","Thinking Ahead","Thinking Ahead","Cloak And Dagger+1","Cloak And Dagger+1","Cloak And Dagger+1"],"special_seed":17974,"relics":["Ring of the Snake","Shovel","Matryoshka","The Specimen","Boot","Juzu Bracelet","Question Card","NlothsMask","Ornamental Fan","WristBlade","Dream Catcher","Incense Burner","Shuriken","TwistedFunnel","Bag of Marbles","Blue Candle","Sundial","Pear","Potion Belt","Tough Bandages","Torii","Cursed Key","The Courier","Unceasing Top","Omamori","Peace Pipe","Nunchaku","Vajra"],"potions_floor_usage":[5,16,20,30,30,33,50,50,50],"damage_taken":[{"damage":0,"enemies":"2 Louse","floor":1,"turns":1},{"damage":0,"enemies":"Cultist","floor":3,"turns":2},{"damage":0,"enemies":"Jaw Worm","floor":5,"turns":1},{"damage":20,"enemies":"3 Sentries","floor":6,"turns":5},{"damage":0,"enemies":"Large Slime","floor":13,"turns":2},{"damage":39,"enemies":"Hexaghost","floor":16,"turns":9},{"damage":0,"enemies":"3 Byrds","floor":18,"turns":1},{"damage":0,"enemies":"Colosseum Slavers","floor":20,"turns":3},{"damage":8,"enemies":"Colosseum Nobs","floor":20,"turns":4},{"damage":9,"enemies":"Shell Parasite","floor":22,"turns":2},{"damage":4,"enemies":"Book of Stabbing","floor":24,"turns":2},{"damage":0,"enemies":"Snake Plant","floor":28,"turns":1},{"damage":8,"enemies":"Slavers","floor":30,"turns":3},{"damage":0,"enemies":"Centurion and Healer","floor":31,"turns":1},{"damage":4,"enemies":"Collector","floor":33,"turns":6},{"damage":0,"enemies":"Orb Walker","floor":35,"turns":1},{"damage":9,"enemies":"3 Shapes","floor":36,"turns":1},{"damage":0,"enemies":"Writhing Mass","floor":39,"turns":1},{"damage":0,"enemies":"Reptomancer","floor":40,"turns":1},{"damage":0,"enemies":"3 Darklings","floor":44,"turns":1},{"damage":10,"enemies":"4 Shapes","floor":46,"turns":1},{"damage":0,"enemies":"Spire Growth","floor":48,"turns":1},{"damage":0,"enemies":"Donu and Deca","floor":50,"turns":4}],"seed_played":"5487330294901235935","potions_obtained":[{"floor":1,"key":"Fire Potion"},{"floor":6,"key":"GamblersBrew"},{"floor":16,"key":"SkillPotion"},{"floor":20,"key":"Weak Potion"},{"floor":22,"key":"Swift Potion"},{"floor":28,"key":"Regen Potion"},{"floor":30,"key":"Fire Potion"},{"floor":31,"key":"Weak Potion"},{"floor":33,"key":"Dexterity Potion"},{"floor":36,"key":"Weak Potion"},{"floor":38,"key":"AttackPotion"},{"floor":38,"key":"FearPotion"},{"floor":38,"key":"FairyPotion"},{"floor":40,"key":"SkillPotion"}],"is_trial":false,"path_per_floor":["M","?","M","$","M","E","R","?","T","?","R","?","M","?","R","B",null,"M","T","?","$","M","R","E","R","T","$","M","R","E","M","R","B",null,"M","M","?","?","M","E","?","T","T","M","R","M","$","M","R","B",null],"character_chosen":"THE_SILENT","items_purchased":["Dagger Spray","Enlightenment","TwistedFunnel","Bag of Marbles","Quick Slash","Flechettes","Nunchaku","Endless Agony","Jack Of All Trades","Bandage Up","Thinking Ahead"],"campfire_rested":0,"item_purchase_floors":[4,4,21,21,21,27,47,47,47,47,47],"current_hp_per_floor":[70,70,70,70,70,50,50,50,50,50,50,50,50,50,50,11,70,70,70,62,62,53,53,49,49,59,59,59,59,60,60,60,56,80,80,71,61,61,61,61,61,61,61,61,61,51,51,55,55,59],"gold":20,"neow_bonus":"","is_prod":false,"is_daily":true,"chose_seed":false,"campfire_upgraded":0,"win_rate":0,"timestamp":1552987395,"path_taken":["M","?","M","?","M","E","R","?","T","?","R","?","M","?","R","BOSS","M","?","?","$","M","R","E","R","T","?","M","R","E","M","R","BOSS","M","M","?","?","M","E","?","?","T","M","R","M","$","M","R","BOSS"],"build_version":"2019-01-23","purchased_purges":0,"victory":true,"max_hp_per_floor":[70,70,70,70,70,70,70,70,70,70,70,70,70,70,70,70,70,70,70,70,70,70,70,70,70,80,80,80,80,80,80,80,80,80,80,80,80,80,80,80,80,80,80,80,80,80,80,80,80,80],"card_choices":[{"not_picked":["Eviscerate","Heel Hook"],"picked":"Deflect","floor":1},{"not_picked":["Outmaneuver","Bouncing Flask"],"picked":"Accuracy","floor":3},{"not_picked":["PiercingWail","Expertise"],"picked":"Dagger Throw","floor":5},{"not_picked":["PiercingWail","Burst"],"picked":"Cloak And Dagger","floor":6},{"not_picked":["Underhanded Strike","Bane","Flying Knee"],"picked":"Blade Dance","floor":13},{"not_picked":["Wraith Form v2","Tools of the Trade","Malaise"],"picked":"Adrenaline","floor":16},{"not_picked":["Poisoned Stab","Underhanded Strike","Backflip"],"picked":"Quick Slash+1","floor":18},{"not_picked":["Terror","Acrobatics+1","Dodge and Roll"],"picked":"Deflect","floor":20},{"not_picked":["PiercingWail","Predator+1","Doppelganger"],"picked":"Backstab","floor":22},{"not_picked":["Escape Plan","Caltrops","Bane"],"picked":"Slice+1","floor":24},{"not_picked":["Dagger Spray","Poisoned Stab","Dagger Throw"],"picked":"Sucker Punch+1","floor":28},{"not_picked":["Sucker Punch","Underhanded Strike+1","Endless Agony"],"picked":"Adrenaline","floor":30},{"not_picked":["Acrobatics","Dagger Spray","Caltrops"],"picked":"Prepared+1","floor":31},{"not_picked":["Envenom","Grand Finale","Bullet Time"],"picked":"Glass Knife","floor":33},{"not_picked":["Sucker Punch","Flying Knee","Underhanded Strike+1"],"picked":"Backflip+1","floor":35},{"not_picked":["Backflip","Footwork","Outmaneuver"],"picked":"Flechettes+1","floor":36},{"not_picked":["Deep Breath","Discovery","Purity"],"picked":"Violence","floor":37},{"not_picked":["Impatience","Madness","Blind"],"picked":"Dramatic Entrance","floor":37},{"not_picked":["Enlightenment","Chrysalis","Purity"],"picked":"Impatience","floor":37},{"not_picked":["Sucker Punch","Predator+1","Quick Slash+1"],"picked":"Accuracy+1","floor":39},{"not_picked":["Predator","Heel Hook","Deadly Poison+1"],"picked":"Blur+1","floor":40},{"not_picked":["Blade Dance+1","Blur","Acrobatics+1"],"picked":"Slice+1","floor":44},{"not_picked":["Acrobatics+1","Choke","Well Laid Plans"],"picked":"Sucker Punch+1","floor":46},{"not_picked":["Deadly Poison","Flying Knee","Dodge and Roll"],"picked":"Cloak And Dagger+1","floor":48}],"player_experience":345707,"relics_obtained":[{"floor":6,"key":"Shovel"},{"floor":7,"key":"Matryoshka"},{"floor":9,"key":"Boot"},{"floor":9,"key":"Juzu Bracelet"},{"floor":11,"key":"Question Card"},{"floor":15,"key":"Ornamental Fan"},{"floor":19,"key":"Dream Catcher"},{"floor":20,"key":"Incense Burner"},{"floor":20,"key":"Shuriken"},{"floor":23,"key":"Blue Candle"},{"floor":24,"key":"Sundial"},{"floor":26,"key":"Pear"},{"floor":29,"key":"Potion Belt"},{"floor":30,"key":"Tough Bandages"},{"floor":32,"key":"Torii"},{"floor":40,"key":"The Courier"},{"floor":42,"key":"Unceasing Top"},{"floor":43,"key":"Omamori"},{"floor":45,"key":"Peace Pipe"},{"floor":49,"key":"Vajra"}],"event_choices":[{"cards_removed":["Masterful Stab"],"damage_healed":0,"gold_gain":0,"player_choice":"Offered Uncommon","damage_taken":0,"max_hp_gain":0,"max_hp_loss":0,"event_name":"Bonfire Elementals","floor":2,"gold_loss":0},{"damage_healed":0,"gold_gain":0,"player_choice":"Box","damage_taken":0,"relics_obtained":["The Specimen"],"max_hp_gain":0,"max_hp_loss":0,"event_name":"Big Fish","floor":8,"gold_loss":0,"cards_obtained":["Regret"]},{"damage_healed":0,"gold_gain":74,"player_choice":"Gained Gold","damage_taken":0,"max_hp_gain":0,"max_hp_loss":0,"event_name":"Golden Wing","floor":10,"gold_loss":0},{"damage_healed":0,"gold_gain":0,"cards_transformed":["Masterful Stab"],"player_choice":"Change","damage_taken":0,"max_hp_gain":0,"max_hp_loss":0,"event_name":"Living Wall","floor":12,"gold_loss":0,"cards_obtained":["Distraction"]},{"damage_healed":0,"gold_gain":0,"player_choice":"Trade","damage_taken":0,"relics_obtained":["NlothsMask"],"max_hp_gain":0,"max_hp_loss":0,"event_name":"FaceTrader","floor":14,"gold_loss":0},{"damage_healed":0,"gold_gain":0,"player_choice":"Fight","damage_taken":0,"max_hp_gain":0,"max_hp_loss":0,"event_name":"Colosseum","floor":20,"gold_loss":0},{"damage_healed":0,"gold_gain":0,"player_choice":"Fought Nobs","damage_taken":0,"max_hp_gain":0,"max_hp_loss":0,"event_name":"Colosseum","floor":20,"gold_loss":0},{"damage_healed":0,"gold_gain":0,"player_choice":"Memory 3","damage_taken":10,"max_hp_gain":0,"max_hp_loss":0,"event_name":"SensoryStone","floor":37,"gold_loss":0},{"damage_healed":0,"gold_gain":0,"player_choice":"Got Potions","damage_taken":0,"max_hp_gain":0,"max_hp_loss":0,"event_name":"Lab","floor":38,"gold_loss":0},{"damage_healed":0,"gold_gain":275,"player_choice":"Desecrate","damage_taken":0,"max_hp_gain":0,"max_hp_loss":0,"event_name":"Golden Shrine","floor":41,"gold_loss":0,"cards_obtained":["Regret"]}],"is_beta":false,"boss_relics":[{"not_picked":["Sozu","Busted Crown"],"picked":"WristBlade"},{"not_picked":["Tiny House","Philosopher\u0027s Stone"],"picked":"Cursed Key"}],"items_purged_floors":[],"is_endless":false,"potions_floor_spawned":[1,6,16,20,22,28,30,31,33,36,40],"ascension_level":0}