{"gold_per_floor":[112,122,122,142,160,160,4,16,16,16,16,32,68,89,89,219,219,235,235,222,222,235,235,510,530,555,555],"floor_reached":27,"playtime":1600,"items_purged":[],"score":260,"play_id":"213db167-c63a-4a55-9543-cadc3780d98a","local_time":"20190320224948","is_ascension_mode":true,"campfire_choices":[{"floor":10,"key":"RECALL"},{"floor":15,"key":"REST"},{"floor":23,"key":"REST"}],"neow_cost":"PERCENT_DAMAGE","seed_source_timestamp":1663098840884900,"circlet_count":0,"master_deck":["Strike_B","Strike_B","Strike_B","Strike_B","Defend_B","Defend_B","Defend_B","Defend_B","Electrodynamics","Chill","Conserve Battery","Gash","All For One","Compile Driver","Go for the Eyes","Capacitor","Turbo","Seek","Decay","Injury","Writhe","Beam Cell","Conserve Battery+1","Loop","White Noise","Regret","Genetic Algorithm+1"],"relics":["Cracked Core","GremlinMask","Bag of Marbles","Kunai","Bloody Idol","Orichalcum","Calling Bell","Ancient Tea Set","Letter Opener","Ice Cream"],"potions_floor_usage":[4,5,13,22,25],"damage_taken":[{"damage":13,"enemies":"Small Slimes","floor":1,"turns":3},{"damage":0,"enemies":"Cultist","floor":2,"turns":4},{"damage":0,"enemies":"2 Louse","floor":4,"turns":1},{"damage":13,"enemies":"Exordium Wildlife","floor":5,"turns":6},{"damage":10,"enemies":"Looter","floor":8,"turns":3},{"damage":20,"enemies":"3 Louse","floor":12,"turns":2},{"damage":9,"enemies":"Lagavulin","floor":13,"turns":5},{"damage":0,"enemies":"Lots of Slimes","floor":14,"turns":3},{"damage":32,"enemies":"Hexaghost","floor":16,"turns":12},{"damage":25,"enemies":"Shell Parasite","floor":18,"turns":8},{"damage":12,"enemies":"2 Thieves","floor":20,"turns":4},{"damage":30,"enemies":"Centurion and Healer","floor":22,"turns":7},{"damage":23,"enemies":"Snake Plant","floor":25,"turns":4},{"damage":42,"enemies":"Book of Stabbing","floor":27,"turns":5}],"seed_played":"3724083122666476840","potions_obtained":[{"floor":1,"key":"Energy Potion"},{"floor":2,"key":"Explosive Potion"},{"floor":12,"key":"SpeedPotion"},{"floor":20,"key":"Poison Potion"},{"floor":22,"key":"FocusPotion"}],"is_trial":false,"path_per_floor":["M","M","?","M","M","?","$","M","T","R","?","M","E","M","R","B",null,"M","?","M","?","M","R","?","M","T","E"],"character_chosen":"DEFECT","items_purchased":["Bag of Marbles"],"campfire_rested":2,"item_purchase_floors":[7],"current_hp_per_floor":[41,41,85,85,72,72,72,62,62,62,62,42,33,33,56,24,79,54,54,52,52,27,50,55,37,42,0],"gold":555,"neow_bonus":"TRANSFORM_TWO_CARDS","is_prod":false,"is_daily":false,"chose_seed":false,"campfire_upgraded":0,"win_rate":0,"timestamp":1553122188,"path_taken":["M","M","?","?","?","?","$","?","T","R","?","M","E","M","R","BOSS","M","?","M","?","M","R","?","M","T","E"],"build_version":"2019-01-23","purchased_purges":0,"victory":false,"max_hp_per_floor":[75,75,85,85,85,85,85,85,85,85,79,79,79,79,79,79,79,79,79,79,79,79,79,79,79,79,79],"card_choices":[{"not_picked":["Steam","Streamline"],"picked":"Chill","floor":1},{"not_picked":["Steam Power","Skim"],"picked":"Conserve Battery","floor":2},{"not_picked":["Capacitor","Streamline"],"picked":"Gash","floor":4},{"not_picked":["Cold Snap","Leap"],"picked":"All For One","floor":5},{"not_picked":["Reprogram","Chaos"],"picked":"Compile Driver","floor":8},{"not_picked":["Streamline","Redo"],"picked":"Go for the Eyes","floor":12},{"not_picked":["Steam Power","Conserve Battery"],"picked":"Capacitor","floor":13},{"not_picked":["Hologram","Rebound"],"picked":"Turbo","floor":14},{"not_picked":["Core Surge","Creative AI"],"picked":"Seek","floor":16},{"not_picked":["Stack","Conserve Battery"],"picked":"Beam Cell","floor":18},{"not_picked":["Auto Shields","Compile Driver"],"picked":"Conserve Battery+1","floor":20},{"not_picked":["Capacitor+1","Redo"],"picked":"White Noise","floor":22},{"not_picked":["Rebound","Conserve Battery"],"picked":"Genetic Algorithm+1","floor":25}],"player_experience":358578,"relics_obtained":[{"floor":9,"key":"Kunai"},{"floor":13,"key":"Orichalcum"},{"floor":17,"key":"Ancient Tea Set"},{"floor":17,"key":"Letter Opener"},{"floor":17,"key":"Ice Cream"}],"event_choices":[{"cards_removed":["Machine Learning"],"damage_healed":34,"gold_gain":0,"player_choice":"Offered Rare","damage_taken":0,"max_hp_gain":10,"max_hp_loss":0,"event_name":"Bonfire Elementals","floor":3,"gold_loss":0},{"damage_healed":0,"gold_gain":0,"player_choice":"Trade","damage_taken":0,"relics_obtained":["GremlinMask"],"max_hp_gain":0,"max_hp_loss":0,"event_name":"FaceTrader","floor":6,"gold_loss":0},{"damage_healed":0,"gold_gain":0,"player_choice":"Lose Max HP","damage_taken":0,"relics_obtained":["Golden Idol"],"max_hp_gain":0,"max_hp_loss":6,"event_name":"Golden Idol","floor":11,"gold_loss":0},{"damage_healed":0,"gold_gain":0,"player_choice":"Gave Idol","damage_taken":0,"relics_obtained":["Bloody Idol"],"max_hp_gain":0,"max_hp_loss":0,"event_name":"Forgotten Altar","floor":19,"relics_lost":["Golden Idol"],"gold_loss":0},{"damage_healed":0,"gold_gain":0,"player_choice":"Read","damage_taken":0,"max_hp_gain":0,"max_hp_loss":0,"event_name":"The Library","floor":21,"gold_loss":0,"cards_obtained":["Loop"]},{"damage_healed":0,"gold_gain":275,"player_choice":"Desecrate","damage_taken":0,"max_hp_gain":0,"max_hp_loss":0,"event_name":"Golden Shrine","floor":24,"gold_loss":0,"cards_obtained":["Regret"]}],"is_beta":false,"boss_relics":[{"not_picked":["Empty Cage","Ectoplasm"],"picked":"Calling Bell"}],"items_purged_floors":[],"is_endless":false,"potions_floor_spawned":[1,2,12,20,22],"killed_by":"Book of Stabbing","ascension_level":4}