{"gold_per_floor":[14,14,14,34,34,34,59,59,59,86,104,124,144,170,170,275,275,288,306,38,56,56,90,90,90,171,199,199,225,225,238,238,336,336,349,121,138,158,58,88,102,136,159,159,189,289,289,303,303,303,303,303,9,40,40],"floor_reached":56,"playtime":2595,"items_purged":["Strike_R","Strike_R"],"score":1953,"play_id":"3cb03272-be07-4bda-9908-3f7c8f5a36ff","local_time":"20190626140403","is_ascension_mode":true,"campfire_choices":[{"data":"Bludgeon","floor":6,"key":"SMITH"},{"data":"Armaments","floor":15,"key":"SMITH"},{"floor":25,"key":"REST"},{"data":"Feel No Pain","floor":30,"key":"SMITH"},{"data":"Battle Trance","floor":32,"key":"SMITH"},{"floor":49,"key":"RECALL"},{"floor":52,"key":"REST"}],"neow_cost":"NO_GOLD","seed_source_timestamp":1043685130326200,"circlet_count":0,"master_deck":["Strike_R","Strike_R","Defend_R","Defend_R","Defend_R","Defend_R","Bash","Bludgeon+1","Headbutt","Battle Trance+1","Dark Embrace","True Grit","Flame Barrier","Armaments+1","Shockwave","Juggernaut","Feel No Pain+1","Corruption","Shrug It Off","Sentinel","Impervious","Power Through+1","Impervious","Body Slam+1","Disarm"],"relics":["Burning Blood","Bird Faced Urn","Pantograph","Singing Bowl","Blue Candle","Busted Crown","OrangePellets","Mercury Hourglass","Enchiridion","Bottled Lightning","Ginger","Meat on the Bone","Fusion Hammer","Shuriken","Sundial","Regal Pillow","Magic Flower","Bronze Scales","FossilizedHelix"],"potions_floor_usage":[14,29,42,55],"damage_taken":[{"damage":9,"enemies":"Jaw Worm","floor":1,"turns":3},{"damage":6,"enemies":"Small Slimes","floor":4,"turns":2},{"damage":16,"enemies":"Gremlin Nob","floor":7,"turns":3},{"damage":35,"enemies":"Lagavulin","floor":10,"turns":4},{"damage":0,"enemies":"Cultist","floor":11,"turns":3},{"damage":13,"enemies":"Blue Slaver","floor":12,"turns":2},{"damage":0,"enemies":"Looter","floor":13,"turns":3},{"damage":0,"enemies":"Gremlin Nob","floor":14,"turns":3},{"damage":8,"enemies":"The Guardian","floor":16,"turns":14},{"damage":10,"enemies":"Shell Parasite","floor":18,"turns":3},{"damage":13,"enemies":"2 Thieves","floor":19,"turns":5},{"damage":8,"enemies":"Cultist and Chosen","floor":21,"turns":6},{"damage":42,"enemies":"Slavers","floor":23,"turns":8},{"damage":16,"enemies":"Gremlin Leader","floor":27,"turns":5},{"damage":17,"enemies":"Slavers","floor":29,"turns":5},{"damage":0,"enemies":"Chosen and Byrds","floor":31,"turns":5},{"damage":29,"enemies":"Champ","floor":33,"turns":9},{"damage":0,"enemies":"Orb Walker","floor":35,"turns":4},{"damage":5,"enemies":"3 Darklings","floor":37,"turns":5},{"damage":36,"enemies":"Spire Growth","floor":38,"turns":5},{"damage":0,"enemies":"Giant Head","floor":40,"turns":5},{"damage":0,"enemies":"Transient","floor":41,"turns":5},{"damage":6,"enemies":"Nemesis","floor":42,"turns":5},{"damage":1,"enemies":"Giant Head","floor":45,"turns":6},{"damage":0,"enemies":"Mind Bloom Boss Battle","floor":46,"turns":4},{"damage":34,"enemies":"Jaw Worm Horde","floor":48,"turns":4},{"damage":28,"enemies":"Donu and Deca","floor":50,"turns":7},{"damage":30,"enemies":"Shield and Spear","floor":54,"turns":5},{"damage":78,"enemies":"The Heart","floor":55,"turns":9}],"seed_played":"-6631023940673032946","potions_obtained":[{"floor":4,"key":"SmokeBomb"},{"floor":10,"key":"AttackPotion"},{"floor":11,"key":"Strength Potion"},{"floor":14,"key":"Explosive Potion"},{"floor":19,"key":"SkillPotion"},{"floor":29,"key":"Poison Potion"},{"floor":35,"key":"Energy Potion"},{"floor":45,"key":"Energy Potion"}],"is_trial":false,"path_per_floor":["M","$","?","M","$","R","E","?","T","E","M","M","M","E","R","B",null,"M","M","$","M","?","E","?","R","T","E","?","E","R","M","R","B",null,"M","$","M","M","$","E","M","E","T","?","E","?","?","M","R","B",null,"R","$","E","B",null],"character_chosen":"IRONCLAD","items_purchased":["Feel No Pain","OrangePellets","Impervious","Bronze Scales","Disarm","BloodPotion"],"campfire_rested":2,"item_purchase_floors":[20,20,36,53,53,53],"current_hp_per_floor":[69,69,74,74,74,74,64,64,64,35,41,34,42,48,48,73,84,84,81,81,85,85,55,39,66,66,68,68,61,61,75,75,78,92,97,97,97,77,77,95,103,105,105,101,113,115,109,92,92,92,106,111,111,98,68],"gold":40,"neow_bonus":"THREE_RARE_CARDS","is_prod":false,"is_daily":false,"chose_seed":false,"campfire_upgraded":4,"win_rate":0,"timestamp":1561572243,"path_taken":["M","$","?","M","$","R","E","?","T","E","M","M","M","E","R","BOSS","M","M","$","M","?","E","?","R","T","E","?","E","R","M","R","BOSS","M","$","M","M","$","E","M","E","T","?","E","?","?","M","R","BOSS","R","$","E","BOSS"],"build_version":"2019-01-23","purchased_purges":2,"victory":true,"max_hp_per_floor":[80,80,85,85,85,85,85,85,85,85,85,85,87,87,87,87,87,89,91,91,93,93,93,93,93,93,95,95,95,95,97,97,97,97,97,97,97,99,99,101,103,105,105,111,113,115,109,111,111,111,111,111,111,113,113],"card_choices":[{"not_picked":["Juggernaut","Dark Embrace"],"picked":"Bludgeon","floor":0},{"not_picked":["Anger","True Grit"],"picked":"Headbutt","floor":1},{"not_picked":["Clothesline","Rage"],"picked":"Battle Trance","floor":4},{"not_picked":["Flex","Reckless Charge","Iron Wave"],"picked":"SKIP","floor":7},{"not_picked":["Exhume","Heavy Blade"],"picked":"True Grit","floor":10},{"not_picked":["True Grit","Ghostly Armor"],"picked":"Flame Barrier","floor":11},{"not_picked":["Iron Wave","Shrug It Off"],"picked":"Armaments","floor":12},{"not_picked":["Shrug It Off","Battle Trance","Wild Strike"],"picked":"Singing Bowl","floor":13},{"not_picked":["Shrug It Off","Armaments"],"picked":"Shockwave","floor":14},{"not_picked":["Exhume","Offering"],"picked":"Juggernaut","floor":16},{"not_picked":["True Grit"],"picked":"Singing Bowl","floor":18},{"not_picked":["Thunderclap"],"picked":"Singing Bowl","floor":19},{"not_picked":["Pommel Strike+1"],"picked":"Singing Bowl","floor":21},{"not_picked":[],"picked":"Corruption","floor":23},{"not_picked":["Clothesline"],"picked":"Singing Bowl","floor":27},{"not_picked":[],"picked":"Sentinel","floor":29},{"not_picked":["Bloodletting"],"picked":"Singing Bowl","floor":31},{"not_picked":[],"picked":"Impervious","floor":33},{"not_picked":[],"picked":"Power Through+1","floor":35},{"not_picked":[],"picked":"Body Slam+1","floor":37},{"not_picked":["Cleave"],"picked":"Singing Bowl","floor":38},{"not_picked":["Body Slam"],"picked":"Singing Bowl","floor":40},{"not_picked":["Pommel Strike+1"],"picked":"Singing Bowl","floor":41},{"not_picked":["Sever Soul+1"],"picked":"Singing Bowl","floor":42},{"not_picked":["Mayhem"],"picked":"Singing Bowl","floor":44},{"not_picked":["Blind"],"picked":"Singing Bowl","floor":44},{"not_picked":["Impatience"],"picked":"Singing Bowl","floor":44},{"not_picked":["Seeing Red"],"picked":"Singing Bowl","floor":45},{"not_picked":["Reckless Charge"],"picked":"Singing Bowl","floor":46},{"not_picked":["Twin Strike+1"],"picked":"Singing Bowl","floor":48},{"not_picked":["Armaments"],"picked":"Singing Bowl","floor":54}],"player_experience":287595,"relics_obtained":[{"floor":7,"key":"Bird Faced Urn"},{"floor":9,"key":"Pantograph"},{"floor":10,"key":"Singing Bowl"},{"floor":14,"key":"Blue Candle"},{"floor":23,"key":"Mercury Hourglass"},{"floor":24,"key":"Enchiridion"},{"floor":26,"key":"Bottled Lightning"},{"floor":27,"key":"Ginger"},{"floor":29,"key":"Meat on the Bone"},{"floor":40,"key":"Shuriken"},{"floor":42,"key":"Sundial"},{"floor":45,"key":"Regal Pillow"},{"floor":46,"key":"Magic Flower"},{"floor":54,"key":"FossilizedHelix"}],"event_choices":[{"damage_healed":0,"gold_gain":0,"player_choice":"Donut","damage_taken":0,"max_hp_gain":5,"max_hp_loss":0,"event_name":"Big Fish","floor":3,"gold_loss":0},{"damage_healed":0,"gold_gain":0,"cards_transformed":["Strike_R"],"player_choice":"Transformed","damage_taken":0,"max_hp_gain":0,"max_hp_loss":0,"event_name":"Transmorgrifier","floor":8,"gold_loss":0,"cards_obtained":["Dark Embrace"]},{"damage_healed":0,"gold_gain":0,"player_choice":"Ignored","damage_taken":0,"max_hp_gain":0,"max_hp_loss":0,"event_name":"Beggar","floor":22,"gold_loss":0},{"damage_healed":0,"gold_gain":0,"player_choice":"Obtained Book","damage_taken":16,"max_hp_gain":0,"max_hp_loss":0,"event_name":"Cursed Tome","floor":24,"gold_loss":0},{"damage_healed":0,"gold_gain":0,"player_choice":"Read","damage_taken":0,"max_hp_gain":0,"max_hp_loss":0,"event_name":"The Library","floor":28,"gold_loss":0,"cards_obtained":["Shrug It Off"]},{"damage_healed":0,"gold_gain":0,"player_choice":"Memory 3","damage_taken":10,"max_hp_gain":0,"max_hp_loss":0,"event_name":"SensoryStone","floor":44,"gold_loss":0},{"damage_healed":0,"gold_gain":0,"player_choice":"Fight","damage_taken":0,"max_hp_gain":0,"max_hp_loss":0,"event_name":"MindBloom","floor":46,"gold_loss":0},{"damage_healed":0,"gold_gain":0,"player_choice":"Max HP","damage_taken":0,"max_hp_gain":0,"max_hp_loss":6,"event_name":"Winding Halls","floor":47,"gold_loss":0}],"is_beta":false,"boss_relics":[{"not_picked":["Black Star","White Beast Statue"],"picked":"Busted Crown"},{"not_picked":["Runic Pyramid","Tiny House"],"picked":"Fusion Hammer"}],"items_purged_floors":[36,39],"is_endless":false,"potions_floor_spawned":[4,10,11,14,19,27,29,35,38,40,41,45],"ascension_level":9}