{"gold_per_floor":[117,292,292,309,323,323,348,362,362,362,396,396,422,432,432,535,535,546,565,221,231,231,231,231],"floor_reached":24,"playtime":1085,"items_purged":["Doubt"],"score":292,"play_id":"a4a471ae-c003-40fb-b383-c469c4ad3ed5","local_time":"20190521160121","is_ascension_mode":true,"campfire_choices":[{"data":"Searing Blow","floor":6,"key":"SMITH"},{"data":"Searing Blow+1","floor":10,"key":"SMITH"},{"data":"Searing Blow+2","floor":12,"key":"SMITH"},{"floor":15,"key":"REST"},{"data":"Armaments","floor":23,"key":"SMITH"}],"neow_cost":"NONE","seed_source_timestamp":327561663932100,"circlet_count":0,"master_deck":["Strike_R+1","Strike_R+1","Strike_R+1","Strike_R+1","Strike_R+1","Defend_R+1","Defend_R+1","Defend_R+1","Defend_R+1","Bash","Searing Blow+3","Anger","Headbutt","Battle Trance","Shrug It Off","Flame Barrier","Double Tap","Spot Weakness","True Grit","Barricade","Thunderclap+1","Corruption","Armaments+1","Feel No Pain"],"relics":["Burning Blood","Thread and Needle","Singing Bowl","Pear","Centennial Puzzle","Mark of Pain","Vajra"],"potions_floor_usage":[7,19,24],"damage_taken":[{"damage":4,"enemies":"Jaw Worm","floor":1,"turns":6},{"damage":14,"enemies":"2 Louse","floor":4,"turns":3},{"damage":1,"enemies":"Cultist","floor":5,"turns":3},{"damage":37,"enemies":"Gremlin Nob","floor":7,"turns":5},{"damage":12,"enemies":"Exordium Wildlife","floor":8,"turns":7},{"damage":20,"enemies":"3 Sentries","floor":11,"turns":9},{"damage":23,"enemies":"Gremlin Nob","floor":13,"turns":4},{"damage":0,"enemies":"Blue Slaver","floor":14,"turns":4},{"damage":14,"enemies":"Slime Boss","floor":16,"turns":8},{"damage":18,"enemies":"Shell Parasite","floor":18,"turns":7},{"damage":20,"enemies":"3 Byrds","floor":19,"turns":5},{"damage":32,"enemies":"Snake Plant","floor":21,"turns":3},{"damage":42,"enemies":"Gremlin Leader","floor":24,"turns":5}],"seed_played":"-3898564242396557036","potions_obtained":[{"floor":4,"key":"AttackPotion"},{"floor":5,"key":"Ancient Potion"},{"floor":8,"key":"Regen Potion"},{"floor":13,"key":"LiquidBronze"},{"floor":19,"key":"Swift Potion"}],"is_trial":false,"path_per_floor":["M","?","?","M","M","R","E","M","T","R","E","R","E","M","R","B",null,"M","M","$","M","?","R","E"],"character_chosen":"IRONCLAD","items_purchased":["Corruption","Vajra","Armaments"],"campfire_rested":1,"item_purchase_floors":[20,20,20],"current_hp_per_floor":[74,74,74,66,71,71,40,34,34,34,30,30,13,19,46,38,77,67,53,53,27,27,27,0],"gold":231,"neow_bonus":"THREE_CARDS","is_prod":false,"is_daily":false,"chose_seed":false,"campfire_upgraded":4,"win_rate":0,"timestamp":1558468881,"path_taken":["M","?","?","?","M","R","E","M","T","R","E","R","E","M","R","BOSS","M","M","$","M","?","R","E"],"build_version":"2019-01-23","purchased_purges":1,"victory":false,"max_hp_per_floor":[80,80,80,80,80,80,80,80,80,80,90,90,90,90,90,90,90,92,92,92,92,92,92,92],"card_choices":[{"not_picked":["Armaments","Burning Pact"],"picked":"Searing Blow","floor":0},{"not_picked":["Clash","Pommel Strike"],"picked":"Anger","floor":1},{"not_picked":["Searing Blow","Flex"],"picked":"Headbutt","floor":4},{"not_picked":["Intimidate","Rage"],"picked":"Battle Trance","floor":5},{"not_picked":["Pommel Strike","Anger"],"picked":"Shrug It Off","floor":7},{"not_picked":["Sever Soul","Havoc"],"picked":"Flame Barrier","floor":8},{"not_picked":["Heavy Blade","Clash"],"picked":"Double Tap","floor":11},{"not_picked":["Flex","Rupture"],"picked":"Spot Weakness","floor":13},{"not_picked":["Searing Blow","Twin Strike"],"picked":"True Grit","floor":14},{"not_picked":["Bludgeon","Immolate"],"picked":"Barricade","floor":16},{"not_picked":["Iron Wave","Twin Strike","Pommel Strike+1"],"picked":"Singing Bowl","floor":18},{"not_picked":["Twin Strike","Flex"],"picked":"Thunderclap+1","floor":19},{"not_picked":["Iron Wave","Body Slam+1"],"picked":"Feel No Pain","floor":21}],"player_experience":241913,"relics_obtained":[{"floor":7,"key":"Thread and Needle"},{"floor":9,"key":"Singing Bowl"},{"floor":11,"key":"Pear"},{"floor":13,"key":"Centennial Puzzle"}],"event_choices":[{"damage_healed":0,"gold_gain":175,"player_choice":"AGREE","damage_taken":0,"max_hp_gain":0,"max_hp_loss":0,"event_name":"Liars Game","floor":2,"gold_loss":0,"cards_obtained":["Doubt"]},{"damage_healed":0,"gold_gain":0,"player_choice":"Bought 0 Potions","damage_taken":0,"max_hp_gain":0,"max_hp_loss":0,"event_name":"The Woman in Blue","floor":3,"gold_loss":0},{"damage_healed":0,"gold_gain":0,"player_choice":"Simplicity","damage_taken":0,"max_hp_gain":0,"max_hp_loss":0,"event_name":"Back to Basics","floor":22,"gold_loss":0,"cards_upgraded":["Strike_R","Strike_R","Strike_R","Strike_R","Strike_R","Defend_R","Defend_R","Defend_R","Defend_R"]}],"is_beta":false,"boss_relics":[{"not_picked":["Tiny House","Black Star"],"picked":"Mark of Pain"}],"items_purged_floors":[20],"is_endless":false,"potions_floor_spawned":[4,5,8,13,18,19],"killed_by":"Gremlin Leader","ascension_level":7}