{"gold_per_floor":[114,289,289,289,304,334,334,349,349,349,379,409,424,439,439,539,539,554,569,584,22,37,37,37,52,102,132,132],"floor_reached":28,"playtime":1970,"items_purged":[],"score":310,"play_id":"3949e7f2-3eec-414e-b004-57706f87742b","local_time":"20190425125156","daily_mods":["Shiny","Green Cards","DeadlyEvents"],"is_ascension_mode":false,"campfire_choices":[{"floor":7,"key":"REST"},{"floor":10,"key":"REST"},{"data":"Adrenaline","floor":15,"key":"SMITH"},{"floor":23,"key":"REST"}],"neow_cost":"","seed_source_timestamp":0,"circlet_count":0,"master_deck":["Venomology","Corpse Explosion","Malaise","Phantasmal Killer","Die Die Die","Adrenaline+1","Envenom","Doppelganger","Burst","Wraith Form v2","Tools of the Trade","Night Terror","Unload","After Image","Bullet Time","Storm of Steel","Glass Knife","A Thousand Cuts","Grand Finale","Multi-Cast","Hyperbeam","Thunder Strike","Biased Cognition","Machine Learning","Electrodynamics","Buffer","Rainbow","Seek","Meteor Strike","Echo Form","All For One+1","Reboot","Amplify","Creative AI","Fission","Core Surge","Undo","Doubt","Melter","Coolheaded","Self Repair","Quick Slash","Endless Agony","Defragment","Gash","Venomology","Leap","Dagger Spray","Gash+1","Dagger Spray","Loop","Noxious Fumes","Sweeping Beam"],"special_seed":18011,"relics":["Cracked Core","Orichalcum","The Courier","Bottled Lightning","Omamori","Vajra","Cables","Fusion Hammer","Pen Nib","Bronze Scales","Sling","Whetstone","Art of War","DataDisk"],"potions_floor_usage":[6,16,16,16,16,25,25,27,27,28],"damage_taken":[{"damage":9,"enemies":"Jaw Worm","floor":1,"turns":2},{"damage":4,"enemies":"Small Slimes","floor":5,"turns":3},{"damage":17,"enemies":"Lagavulin","floor":6,"turns":6},{"damage":0,"enemies":"Cultist","floor":8,"turns":2},{"damage":1,"enemies":"3 Sentries","floor":11,"turns":2},{"damage":5,"enemies":"Gremlin Nob","floor":12,"turns":4},{"damage":7,"enemies":"Red Slaver","floor":13,"turns":2},{"damage":0,"enemies":"Lots of Slimes","floor":14,"turns":1},{"damage":33,"enemies":"Hexaghost","floor":16,"turns":8},{"damage":4,"enemies":"Chosen","floor":18,"turns":3},{"damage":0,"enemies":"3 Byrds","floor":19,"turns":2},{"damage":25,"enemies":"Shelled Parasite and Fungi","floor":20,"turns":4},{"damage":0,"enemies":"Cultist and Chosen","floor":22,"turns":3},{"damage":15,"enemies":"Snake Plant","floor":25,"turns":2},{"damage":31,"enemies":"Book of Stabbing","floor":27,"turns":4},{"damage":39,"enemies":"Slavers","floor":28,"turns":2}],"seed_played":"189634073739240432","potions_obtained":[{"floor":8,"key":"Strength Potion"},{"floor":13,"key":"Strength Potion"},{"floor":14,"key":"SkillPotion"},{"floor":18,"key":"SmokeBomb"},{"floor":20,"key":"Explosive Potion"},{"floor":22,"key":"AttackPotion"},{"floor":27,"key":"Poison Potion"}],"is_trial":false,"path_per_floor":["M","?","?","T","M","E","R","M","T","R","E","E","M","M","R","B",null,"M","M","M","$","M","R","?","M","T","E","E"],"character_chosen":"DEFECT","items_purchased":["Pen Nib","Bronze Scales","Sling","Whetstone","Dagger Spray"],"campfire_rested":3,"item_purchase_floors":[21,21,21,21,21],"current_hp_per_floor":[66,66,59,59,55,38,60,60,60,75,74,75,68,68,68,35,75,71,71,53,53,60,75,75,67,67,36,0],"gold":132,"neow_bonus":"","is_prod":false,"is_daily":true,"chose_seed":false,"campfire_upgraded":1,"win_rate":0,"timestamp":1556193116,"path_taken":["M","?","?","?","?","E","R","M","T","R","E","?","M","M","R","BOSS","M","?","M","$","M","R","?","M","T","?","E"],"build_version":"2019-01-23","purchased_purges":0,"victory":false,"max_hp_per_floor":[75,75,75,75,75,75,75,75,75,75,75,75,75,75,75,75,75,75,75,75,75,75,75,75,75,75,75,75],"card_choices":[{"not_picked":["Outmaneuver","Dagger Spray"],"picked":"Undo","floor":1},{"not_picked":["Gash","FTL"],"picked":"Melter","floor":5},{"not_picked":["Heel Hook","Steam"],"picked":"Coolheaded","floor":6},{"not_picked":["Concentrate","Blizzard"],"picked":"Self Repair","floor":8},{"not_picked":["Go for the Eyes","Core Surge"],"picked":"Quick Slash","floor":11},{"not_picked":["Deflect","Masterful Stab"],"picked":"Endless Agony","floor":12},{"not_picked":["Skim","Rebound"],"picked":"Defragment","floor":13},{"not_picked":["Heatsinks","Accuracy"],"picked":"Gash","floor":14},{"not_picked":["Biased Cognition","Doppelganger"],"picked":"Venomology","floor":16},{"not_picked":["Reprogram+1","Riddle With Holes"],"picked":"Leap","floor":18},{"not_picked":["Gash","Bane+1"],"picked":"Dagger Spray","floor":19},{"not_picked":["Calculated Gamble+1","PiercingWail"],"picked":"Gash","floor":20},{"not_picked":["Outmaneuver","Sunder"],"picked":"Loop","floor":22},{"not_picked":["Stack","Cloak And Dagger+1"],"picked":"Noxious Fumes","floor":25},{"not_picked":["Auto Shields+1","Flechettes"],"picked":"Sweeping Beam","floor":27}],"player_experience":625878,"relics_obtained":[{"floor":4,"key":"The Courier"},{"floor":6,"key":"Bottled Lightning"},{"floor":9,"key":"Omamori"},{"floor":11,"key":"Vajra"},{"floor":12,"key":"Cables"},{"floor":26,"key":"Art of War"},{"floor":27,"key":"DataDisk"}],"event_choices":[{"damage_healed":0,"gold_gain":175,"player_choice":"AGREE","damage_taken":0,"max_hp_gain":0,"max_hp_loss":0,"event_name":"Liars Game","floor":2,"gold_loss":0,"cards_obtained":["Doubt"]},{"damage_healed":0,"gold_gain":0,"player_choice":"Success","damage_taken":7,"relics_obtained":["Orichalcum"],"max_hp_gain":0,"max_hp_loss":0,"event_name":"Scrap Ooze","floor":3,"gold_loss":0},{"damage_healed":0,"gold_gain":0,"player_choice":"Ignored","damage_taken":0,"max_hp_gain":0,"max_hp_loss":0,"event_name":"N\u0027loth","floor":24,"gold_loss":0}],"is_beta":false,"boss_relics":[{"not_picked":["Philosopher\u0027s Stone","Coffee Dripper"],"picked":"Fusion Hammer"}],"items_purged_floors":[],"is_endless":false,"potions_floor_spawned":[8,13,14,18,20,22,27],"killed_by":"Slavers","ascension_level":0}