{"gold_per_floor":[114,64,79,79,79,79,94,124,124,36,51,11,26,41,41,41],"floor_reached":16,"playtime":965,"items_purged":[],"score":102,"play_id":"c4268fcb-3ca2-48f7-95c7-73ef72045c83","local_time":"20190324102037","daily_mods":["Specialized","Green Cards","DeadlyEvents"],"is_ascension_mode":false,"campfire_choices":[{"floor":6,"key":"REST"},{"floor":15,"key":"REST"}],"neow_cost":"","seed_source_timestamp":0,"circlet_count":0,"master_deck":["Strike_B","Strike_B","Strike_B","Strike_B","Defend_B","Defend_B","Defend_B","Defend_B","Zap","Dualcast","Echo Form","Echo Form","Echo Form","Gash","Coolheaded","Melter","Prepared+1","All For One","Flash of Steel","Turbo+1","Backstab","Setup+1","Steam+1"],"special_seed":17979,"relics":["Cracked Core","Toxic Egg 2","Bottled Tornado","Matryoshka"],"potions_floor_usage":[11,14],"damage_taken":[{"damage":14,"enemies":"Small Slimes","floor":1,"turns":3},{"damage":15,"enemies":"Jaw Worm","floor":3,"turns":4},{"damage":17,"enemies":"2 Louse","floor":7,"turns":4},{"damage":4,"enemies":"Lagavulin","floor":8,"turns":6},{"damage":14,"enemies":"Blue Slaver","floor":11,"turns":3},{"damage":7,"enemies":"2 Fungi Beasts","floor":13,"turns":3},{"damage":15,"enemies":"Exordium Wildlife","floor":14,"turns":4},{"damage":35,"enemies":"The Guardian","floor":16,"turns":9}],"seed_played":"-2515655049749316802","potions_obtained":[{"floor":8,"key":"AttackPotion"},{"floor":13,"key":"Weak Potion"}],"is_trial":false,"path_per_floor":["M","?","M","T","?","R","M","E","T","$","M","$","M","M","R","B"],"character_chosen":"DEFECT","items_purchased":["Flash of Steel","Backstab"],"campfire_rested":2,"item_purchase_floors":[10,12],"current_hp_per_floor":[61,61,46,46,46,68,51,47,47,47,33,33,26,11,33,0],"gold":41,"neow_bonus":"","is_prod":false,"is_daily":true,"chose_seed":false,"campfire_upgraded":0,"win_rate":0,"timestamp":1553422837,"path_taken":["M","?","M","?","?","R","?","?","T","?","M","$","M","M","R","BOSS"],"build_version":"2019-01-23","purchased_purges":0,"victory":false,"max_hp_per_floor":[75,75,75,75,75,75,75,75,75,75,75,75,75,75,75,75],"card_choices":[{"not_picked":["Conserve Battery","Blade Dance"],"picked":"Gash","floor":1},{"not_picked":["Quick Slash","Expertise"],"picked":"Coolheaded","floor":3},{"not_picked":["Flechettes","Predator"],"picked":"Prepared+1","floor":7},{"not_picked":["Leap+1","Barrage"],"picked":"All For One","floor":8},{"not_picked":["Deadly Poison+1","Streamline"],"picked":"Turbo+1","floor":11},{"not_picked":["Heel Hook","Leg Sweep+1"],"picked":"Setup+1","floor":13},{"not_picked":["Rebound","Sweeping Beam"],"picked":"Steam+1","floor":14}],"player_experience":378200,"relics_obtained":[{"floor":4,"key":"Toxic Egg 2"},{"floor":8,"key":"Bottled Tornado"},{"floor":9,"key":"Matryoshka"}],"event_choices":[{"cards_removed":["Echo Form"],"damage_healed":0,"gold_gain":0,"player_choice":"Card Removal","damage_taken":0,"max_hp_gain":0,"max_hp_loss":0,"event_name":"The Cleric","floor":2,"gold_loss":50},{"damage_healed":0,"gold_gain":0,"cards_transformed":["Echo Form"],"player_choice":"Change","damage_taken":0,"max_hp_gain":0,"max_hp_loss":0,"event_name":"Living Wall","floor":5,"gold_loss":0,"cards_obtained":["Melter"]}],"is_beta":false,"boss_relics":[],"items_purged_floors":[],"is_endless":false,"potions_floor_spawned":[8,13],"killed_by":"The Guardian","ascension_level":0}