{"gold_per_floor":[109,109,127,202,218,218,253,253,253,266,280,245,306,326,326,429,429,443,358,369,12,111,111],"floor_reached":23,"playtime":1616,"items_purged":[],"score":210,"play_id":"bc4dbb4c-7d82-44b3-b17b-62f6b4d4e7ce","local_time":"20190220230841","is_ascension_mode":true,"campfire_choices":[{"floor":6,"key":"REST"},{"floor":15,"key":"REST"}],"neow_cost":"PERCENT_DAMAGE","seed_source_timestamp":322078828533000,"circlet_count":0,"master_deck":["Strike_R","Strike_R","Strike_R","Strike_R","Strike_R","Defend_R","Defend_R","Defend_R","Defend_R","Bash","Armaments","Rage","Armaments","Dropkick","Battle Trance","Cleave","Rampage","Demon Form","Limit Break","Combust","Heavy Blade","Evolve","Armaments"],"relics":["Burning Blood","Magic Flower","The Courier","Blue Candle","Letter Opener","Mark of Pain","Potion Belt","Toolbox","Boot"],"potions_floor_usage":[7,13,16,16,18,20],"damage_taken":[{"damage":10,"enemies":"2 Louse","floor":1,"turns":3},{"damage":4,"enemies":"Small Slimes","floor":3,"turns":4},{"damage":5,"enemies":"Cultist","floor":5,"turns":4},{"damage":26,"enemies":"3 Sentries","floor":7,"turns":6},{"damage":5,"enemies":"Blue Slaver","floor":10,"turns":5},{"damage":15,"enemies":"2 Fungi Beasts","floor":11,"turns":4},{"damage":28,"enemies":"Gremlin Nob","floor":13,"turns":4},{"damage":17,"enemies":"Gremlin Gang","floor":14,"turns":3},{"damage":50,"enemies":"Slime Boss","floor":16,"turns":10},{"damage":48,"enemies":"Shell Parasite","floor":18,"turns":7},{"damage":34,"enemies":"Chosen","floor":20,"turns":6},{"damage":18,"enemies":"Book of Stabbing","floor":23,"turns":3}],"seed_played":"5653178580770152278","potions_obtained":[{"floor":1,"key":"PowerPotion"},{"floor":11,"key":"Explosive Potion"},{"floor":13,"key":"Dexterity Potion"},{"floor":14,"key":"Explosive Potion"},{"floor":16,"key":"GamblersBrew"},{"floor":18,"key":"SteroidPotion"}],"is_trial":false,"path_per_floor":["M","?","M","?","M","R","E","?","T","M","M","?","?","M","R","B",null,"M","?","M","$","?","E"],"character_chosen":"IRONCLAD","items_purchased":["Toolbox","Boot","Evolve","Armaments"],"campfire_rested":2,"item_purchase_floors":[21,21,21,21],"current_hp_per_floor":[55,37,42,31,35,59,42,42,42,46,40,60,41,33,57,16,80,41,41,16,16,16,0],"gold":111,"neow_bonus":"ONE_RARE_RELIC","is_prod":false,"is_daily":false,"chose_seed":false,"campfire_upgraded":0,"win_rate":0,"timestamp":1550704121,"path_taken":["M","?","M","?","M","R","E","?","T","M","M","?","?","?","R","BOSS","M","?","M","$","?","E"],"build_version":"2019-01-23","purchased_purges":0,"victory":false,"max_hp_per_floor":[80,80,80,80,80,80,80,80,80,80,80,80,80,80,80,80,80,80,80,80,80,80,80],"card_choices":[{"not_picked":["Ghostly Armor","Wild Strike"],"picked":"Armaments","floor":1},{"not_picked":["Iron Wave","Entrench"],"picked":"Rage","floor":3},{"not_picked":["Uppercut","Wild Strike"],"picked":"Armaments","floor":5},{"not_picked":["Shockwave","True Grit"],"picked":"Dropkick","floor":7},{"not_picked":["Bloodletting","Shrug It Off"],"picked":"Battle Trance","floor":10},{"not_picked":["Headbutt","Heavy Blade"],"picked":"Cleave","floor":11},{"not_picked":["Intimidate","Uppercut"],"picked":"Rampage","floor":13},{"not_picked":["Body Slam","Heavy Blade"],"picked":"Demon Form","floor":14},{"not_picked":["Feed","Offering"],"picked":"Limit Break","floor":16},{"not_picked":["Rage","Havoc"],"picked":"Combust","floor":18},{"not_picked":["Twin Strike","Cleave"],"picked":"Heavy Blade","floor":20}],"player_experience":194966,"relics_obtained":[{"floor":7,"key":"Blue Candle"},{"floor":13,"key":"Letter Opener"}],"event_choices":[{"damage_healed":0,"gold_gain":0,"player_choice":"Success","damage_taken":18,"relics_obtained":["The Courier"],"max_hp_gain":0,"max_hp_loss":0,"event_name":"Scrap Ooze","floor":2,"gold_loss":0},{"damage_healed":0,"gold_gain":75,"player_choice":"Gather Gold","damage_taken":11,"max_hp_gain":0,"max_hp_loss":0,"event_name":"World of Goop","floor":4,"gold_loss":0},{"damage_healed":0,"gold_gain":0,"player_choice":"Ignored","damage_taken":0,"max_hp_gain":0,"max_hp_loss":0,"event_name":"Golden Wing","floor":8,"gold_loss":0},{"damage_healed":20,"gold_gain":0,"player_choice":"Healed","damage_taken":0,"max_hp_gain":0,"max_hp_loss":0,"event_name":"The Cleric","floor":12,"gold_loss":35},{"damage_healed":0,"gold_gain":30,"player_choice":"Searched \u00272\u0027 times","damage_taken":0,"max_hp_gain":0,"max_hp_loss":0,"event_name":"Dead Adventurer","floor":13,"gold_loss":0},{"damage_healed":0,"gold_gain":0,"player_choice":"Obtained Relic","damage_taken":0,"relics_obtained":["Potion Belt"],"max_hp_gain":0,"max_hp_loss":0,"event_name":"Addict","floor":19,"gold_loss":85},{"damage_healed":0,"gold_gain":99,"player_choice":"Stole From Cult","damage_taken":0,"max_hp_gain":0,"max_hp_loss":0,"event_name":"Nest","floor":22,"gold_loss":0}],"is_beta":false,"boss_relics":[{"not_picked":["Astrolabe","White Beast Statue"],"picked":"Mark of Pain"}],"items_purged_floors":[],"is_endless":false,"potions_floor_spawned":[1,11,13,14,16,18],"killed_by":"Book of Stabbing","ascension_level":2}