{"gold_per_floor":[114,114,114,126,157,207,219,250,312,343,17,17,17,36,36,161,161,180,180],"floor_reached":19,"playtime":37788,"items_purged":[],"score":167,"play_id":"af9e4a3d-b530-4cc8-9ed1-5209dba42105","local_time":"20190416184816","daily_mods":["Chimera","Red Cards","Elite Swarm"],"is_ascension_mode":false,"campfire_choices":[{"floor":7,"key":"REST"},{"floor":12,"key":"REST"},{"floor":15,"key":"REST"}],"neow_cost":"","seed_source_timestamp":0,"circlet_count":0,"master_deck":["Bash","Survivor","Zap","Strike_R","Strike_G","Strike_B","Feel No Pain","Cold Snap","Echo Form","Intimidate","Infernal Blade","Metamorphosis","True Grit","Barricade","FTL+1","Cleave+1","Ball Lightning+1","Steam Power"],"special_seed":18002,"relics":["Cracked Core","Golden Idol","MawBank","StoneCalendar","Bird Faced Urn","Bag of Preparation","PreservedInsect","Astrolabe"],"potions_floor_usage":[6,19,19],"damage_taken":[{"damage":7,"enemies":"2 Louse","floor":1,"turns":3},{"damage":0,"enemies":"Small Slimes","floor":5,"turns":3},{"damage":25,"enemies":"3 Sentries","floor":6,"turns":7},{"damage":15,"enemies":"Jaw Worm","floor":8,"turns":4},{"damage":12,"enemies":"Large Slime","floor":10,"turns":7},{"damage":6,"enemies":"Exordium Wildlife","floor":14,"turns":4},{"damage":19,"enemies":"Hexaghost","floor":16,"turns":8},{"damage":26,"enemies":"2 Thieves","floor":18,"turns":4},{"damage":39,"enemies":"Colosseum Slavers","floor":19,"turns":5},{"damage":34,"enemies":"Colosseum Nobs","floor":19,"turns":3}],"seed_played":"3566118031847447450","potions_obtained":[{"floor":5,"key":"Poison Potion"},{"floor":8,"key":"Ancient Potion"},{"floor":16,"key":"Strength Potion"}],"is_trial":false,"path_per_floor":["M","?","?","?","M","E","R","M","T","M","$","R","?","M","R","B",null,"M","?"],"character_chosen":"DEFECT","items_purchased":["PreservedInsect","Metamorphosis"],"campfire_rested":3,"item_purchase_floors":[11,11],"current_hp_per_floor":[68,50,50,47,47,22,44,33,33,23,23,45,45,41,63,48,75,51,0],"gold":180,"neow_bonus":"","is_prod":false,"is_daily":true,"chose_seed":false,"campfire_upgraded":0,"win_rate":0,"timestamp":1555436896,"path_taken":["M","?","?","?","M","E","R","M","T","M","?","R","?","?","R","BOSS","M","?"],"build_version":"2019-01-23","purchased_purges":0,"victory":false,"max_hp_per_floor":[75,75,75,75,75,75,75,75,75,75,75,75,75,75,75,75,75,75,75],"card_choices":[{"not_picked":["Flex","Twin Strike"],"picked":"Feel No Pain","floor":1},{"not_picked":["Glacier","FTL"],"picked":"Cold Snap","floor":5},{"not_picked":["Limit Break","Creative AI"],"picked":"Echo Form","floor":6},{"not_picked":["Bloodletting","Thunderclap"],"picked":"Intimidate","floor":8},{"not_picked":["Perfected Strike","Static Discharge"],"picked":"Infernal Blade","floor":10},{"not_picked":["Carnage","Flex"],"picked":"True Grit","floor":14},{"not_picked":["Meteor Strike","Double Tap"],"picked":"Barricade","floor":16},{"not_picked":["True Grit","Hologram+1"],"picked":"Steam Power","floor":18}],"player_experience":527609,"relics_obtained":[{"floor":6,"key":"Bird Faced Urn"},{"floor":9,"key":"Bag of Preparation"}],"event_choices":[{"damage_healed":0,"gold_gain":0,"player_choice":"Take Damage","damage_taken":18,"relics_obtained":["Golden Idol"],"max_hp_gain":0,"max_hp_loss":0,"event_name":"Golden Idol","floor":2,"gold_loss":0},{"damage_healed":0,"gold_gain":0,"player_choice":"Box","damage_taken":0,"relics_obtained":["MawBank"],"max_hp_gain":0,"max_hp_loss":0,"event_name":"Big Fish","floor":3,"gold_loss":0,"cards_obtained":["Regret"]},{"damage_healed":0,"gold_gain":0,"player_choice":"Success","damage_taken":3,"relics_obtained":["StoneCalendar"],"max_hp_gain":0,"max_hp_loss":0,"event_name":"Scrap Ooze","floor":4,"gold_loss":0},{"cards_removed":["Regret"],"damage_healed":0,"gold_gain":0,"player_choice":"Forget","damage_taken":0,"max_hp_gain":0,"max_hp_loss":0,"event_name":"Living Wall","floor":13,"gold_loss":0},{"damage_healed":0,"gold_gain":0,"player_choice":"Fight","damage_taken":0,"max_hp_gain":0,"max_hp_loss":0,"event_name":"Colosseum","floor":19,"gold_loss":0},{"damage_healed":0,"gold_gain":0,"player_choice":"Fought Nobs","damage_taken":0,"max_hp_gain":0,"max_hp_loss":0,"event_name":"Colosseum","floor":19,"gold_loss":0}],"is_beta":false,"boss_relics":[{"not_picked":["Coffee Dripper","Runic Dome"],"picked":"Astrolabe"}],"items_purged_floors":[],"is_endless":false,"potions_floor_spawned":[5,8,16,19],"killed_by":"Colosseum Nobs","ascension_level":0}