{"gold_per_floor":[109,184,202,202,218,245,245,280,329,340,340,369,386,419,419,514,514,530,542,641,641,641],"floor_reached":22,"playtime":1077,"items_purged":[],"score":306,"play_id":"3f7344e7-8af8-4624-b3d4-2f4be0d58be1","local_time":"20190629125206","is_ascension_mode":true,"campfire_choices":[{"floor":7,"key":"REST"},{"floor":11,"key":"REST"},{"floor":15,"key":"REST"}],"neow_cost":"NONE","seed_source_timestamp":1300105972465000,"circlet_count":0,"master_deck":["AscendersBane","Survivor","Neutralize+1","Bouncing Flask","Predator","Deflect","Noxious Fumes","Crippling Poison","Catalyst","Footwork","Die Die Die","Blade Dance","Prepared","A Thousand Cuts","Die Die Die","Terror","Terror","Doppelganger","Heel Hook","Bullet Time","Footwork","Deflect","Cloak And Dagger","Decay"],"relics":["Ring of the Snake","Pantograph","Boot","Ornamental Fan","Strawberry","Odd Mushroom","Art of War","Pandora\u0027s Box"],"potions_floor_usage":[14,22,22,22],"damage_taken":[{"damage":0,"enemies":"2 Louse","floor":1,"turns":3},{"damage":2,"enemies":"Small Slimes","floor":3,"turns":3},{"damage":7,"enemies":"Jaw Worm","floor":5,"turns":3},{"damage":19,"enemies":"Gremlin Nob","floor":6,"turns":4},{"damage":20,"enemies":"Lagavulin","floor":8,"turns":6},{"damage":2,"enemies":"Gremlin Gang","floor":10,"turns":5},{"damage":26,"enemies":"The Mushroom Lair","floor":12,"turns":5},{"damage":1,"enemies":"Blue Slaver","floor":13,"turns":6},{"damage":22,"enemies":"Gremlin Nob","floor":14,"turns":5},{"damage":29,"enemies":"The Guardian","floor":16,"turns":9},{"damage":29,"enemies":"Shell Parasite","floor":18,"turns":5},{"damage":27,"enemies":"3 Byrds","floor":19,"turns":4},{"damage":22,"enemies":"Shelled Parasite and Fungi","floor":22,"turns":2}],"seed_played":"5035100238014050876","potions_obtained":[{"floor":1,"key":"EssenceOfSteel"},{"floor":5,"key":"FairyPotion"},{"floor":14,"key":"Dexterity Potion"},{"floor":16,"key":"Fire Potion"},{"floor":18,"key":"EssenceOfSteel"}],"is_trial":false,"path_per_floor":["M","?","M","?","M","E","R","E","T","M","R","?","M","E","R","B",null,"M","M","?","?","M"],"character_chosen":"THE_SILENT","items_purchased":[],"campfire_rested":3,"item_purchase_floors":[],"current_hp_per_floor":[63,52,50,38,31,12,33,13,20,18,41,15,14,6,29,25,64,35,8,8,8,0],"gold":641,"neow_bonus":"UPGRADE_CARD","is_prod":false,"is_daily":false,"chose_seed":false,"campfire_upgraded":0,"win_rate":0,"timestamp":1561827126,"path_taken":["M","?","M","?","M","E","R","E","T","M","R","?","M","E","R","BOSS","M","M","?","?","M"],"build_version":"2019-01-23","purchased_purges":0,"victory":false,"max_hp_per_floor":[70,70,70,70,70,70,70,70,77,77,77,77,77,77,77,77,77,77,77,77,77,77],"card_choices":[{"not_picked":["Distraction","Poisoned Stab"],"picked":"Bouncing Flask","floor":1},{"not_picked":["Infinite Blades","Escape Plan"],"picked":"Predator","floor":3},{"not_picked":["Prepared","Setup"],"picked":"Deflect","floor":5},{"not_picked":["PiercingWail","Dodge and Roll"],"picked":"Noxious Fumes","floor":6},{"not_picked":["Underhanded Strike","Masterful Stab","Bouncing Flask"],"picked":"SKIP","floor":8},{"not_picked":["Dagger Throw","Reflex","Calculated Gamble"],"picked":"SKIP","floor":10},{"not_picked":["Prepared","Envenom"],"picked":"Crippling Poison","floor":12},{"not_picked":["Sucker Punch","Deadly Poison"],"picked":"Catalyst","floor":13},{"not_picked":["Prepared","Riddle With Holes"],"picked":"Footwork","floor":14},{"not_picked":["Grand Finale","Venomology"],"picked":"Die Die Die","floor":16},{"not_picked":["Slice+1","PiercingWail"],"picked":"Deflect","floor":18},{"not_picked":["Concentrate","Poisoned Stab"],"picked":"Cloak And Dagger","floor":19}],"player_experience":303812,"relics_obtained":[{"floor":6,"key":"Boot"},{"floor":8,"key":"Ornamental Fan"},{"floor":9,"key":"Strawberry"},{"floor":12,"key":"Odd Mushroom"},{"floor":14,"key":"Art of War"}],"event_choices":[{"damage_healed":0,"gold_gain":75,"player_choice":"Gather Gold","damage_taken":11,"max_hp_gain":0,"max_hp_loss":0,"event_name":"World of Goop","floor":2,"gold_loss":0},{"damage_healed":0,"gold_gain":0,"player_choice":"Success","damage_taken":12,"relics_obtained":["Pantograph"],"max_hp_gain":0,"max_hp_loss":0,"event_name":"Scrap Ooze","floor":4,"gold_loss":0},{"damage_healed":0,"gold_gain":0,"player_choice":"Fought Mushrooms","damage_taken":0,"max_hp_gain":0,"max_hp_loss":0,"event_name":"Mushrooms","floor":12,"gold_loss":0},{"damage_healed":0,"gold_gain":99,"player_choice":"Stole From Cult","damage_taken":0,"max_hp_gain":0,"max_hp_loss":0,"event_name":"Nest","floor":20,"gold_loss":0},{"damage_healed":0,"gold_gain":0,"player_choice":"Smashed Altar","damage_taken":0,"max_hp_gain":0,"max_hp_loss":0,"event_name":"Forgotten Altar","floor":21,"gold_loss":0,"cards_obtained":["Decay"]}],"is_beta":false,"boss_relics":[{"not_picked":["WristBlade","Busted Crown"],"picked":"Pandora\u0027s Box"}],"items_purged_floors":[],"is_endless":false,"potions_floor_spawned":[1,5,14,16,18,19],"killed_by":"Shelled Parasite and Fungi","ascension_level":10}