{"gold_per_floor":[114,127,127,142,195,222,322,341,341,341,341,371,371,371,371,475,475,487,487,487],"floor_reached":20,"playtime":722,"items_purged":[],"score":243,"play_id":"82c2adb7-d181-4d76-97f6-50c67856bcb3","local_time":"20190625132239","is_ascension_mode":true,"campfire_choices":[{"floor":11,"key":"REST"},{"floor":13,"key":"REST"},{"data":"Caltrops","floor":15,"key":"SMITH"}],"neow_cost":"NONE","seed_source_timestamp":956692565284200,"circlet_count":0,"master_deck":["Defend_G","Defend_G","Defend_G","Defend_G","Defend_G","Strike_G","Strike_G","Strike_G","Strike_G","Survivor","Neutralize","Grand Finale","Backstab+1","Dodge and Roll","Caltrops+1","Footwork","Backflip","Escape Plan","Night Terror","Acrobatics+1"],"relics":["Ring of the Snake","Question Card","Pantograph","Paper Crane","Black Star"],"potions_floor_usage":[16],"damage_taken":[{"damage":3,"enemies":"Jaw Worm","floor":1,"turns":6},{"damage":0,"enemies":"Cultist","floor":2,"turns":3},{"damage":0,"enemies":"Small Slimes","floor":4,"turns":4},{"damage":44,"enemies":"Gremlin Nob","floor":6,"turns":6},{"damage":0,"enemies":"2 Fungi Beasts","floor":8,"turns":4},{"damage":41,"enemies":"Lagavulin","floor":12,"turns":12},{"damage":26,"enemies":"The Guardian","floor":16,"turns":19},{"damage":32,"enemies":"Spheric Guardian","floor":18,"turns":9},{"damage":0,"enemies":"Shell Parasite","floor":20,"turns":2}],"seed_played":"-113750386535596331","potions_obtained":[{"floor":2,"key":"Fruit Juice"},{"floor":12,"key":"Block Potion"},{"floor":14,"key":"GhostInAJar"},{"floor":16,"key":"Poison Potion"}],"is_trial":false,"path_per_floor":["M","M","?","M","?","E","?","M","T","?","R","E","R","?","R","B",null,"M","?","M"],"character_chosen":"THE_SILENT","items_purchased":[],"campfire_rested":2,"item_purchase_floors":[],"current_hp_per_floor":[60,60,60,60,60,16,16,16,16,21,43,2,24,24,24,28,67,35,35,35],"gold":487,"neow_bonus":"ONE_RANDOM_RARE_CARD","is_prod":false,"is_daily":false,"chose_seed":false,"campfire_upgraded":1,"win_rate":0,"timestamp":1561483359,"path_taken":["M","M","?","?","?","E","?","?","T","?","R","E","R","?","R","BOSS","M","?","?"],"build_version":"2019-01-23","purchased_purges":0,"victory":false,"max_hp_per_floor":[70,70,70,70,70,70,70,70,70,75,75,75,75,75,75,80,80,80,80,80],"card_choices":[{"not_picked":["Dagger Spray","Prepared"],"picked":"Backstab","floor":1},{"not_picked":["Underhanded Strike","Choke"],"picked":"Dodge and Roll","floor":2},{"not_picked":["Bane","Outmaneuver"],"picked":"Caltrops","floor":4},{"not_picked":["Backflip","Expertise"],"picked":"Footwork","floor":6},{"not_picked":["Dagger Throw","Underhanded Strike","Masterful Stab"],"picked":"Backflip","floor":8},{"not_picked":["Dodge and Roll","Tactician","All Out Attack"],"picked":"Escape Plan","floor":12},{"not_picked":["Unload","A Thousand Cuts","Venomology"],"picked":"Night Terror","floor":16},{"not_picked":["Sucker Punch","Dagger Throw","Blade Dance"],"picked":"Acrobatics+1","floor":18}],"player_experience":262481,"relics_obtained":[{"floor":6,"key":"Question Card"},{"floor":9,"key":"Pantograph"},{"floor":12,"key":"Paper Crane"}],"event_choices":[{"damage_healed":0,"gold_gain":0,"player_choice":"Forge","damage_taken":0,"max_hp_gain":0,"max_hp_loss":0,"event_name":"Accursed Blacksmith","floor":3,"gold_loss":0,"cards_upgraded":["Backstab"]},{"damage_healed":0,"gold_gain":53,"player_choice":"Gained Gold","damage_taken":0,"max_hp_gain":0,"max_hp_loss":0,"event_name":"Golden Wing","floor":5,"gold_loss":0},{"damage_healed":0,"gold_gain":100,"player_choice":"Pray","damage_taken":0,"max_hp_gain":0,"max_hp_loss":0,"event_name":"Golden Shrine","floor":7,"gold_loss":0},{"damage_healed":0,"gold_gain":0,"player_choice":"Donut","damage_taken":0,"max_hp_gain":5,"max_hp_loss":0,"event_name":"Big Fish","floor":10,"gold_loss":0},{"damage_healed":0,"gold_gain":0,"player_choice":"Got Potions","damage_taken":0,"max_hp_gain":0,"max_hp_loss":0,"event_name":"Lab","floor":14,"gold_loss":0},{"cards_removed":["Strike_G"],"damage_healed":0,"gold_gain":0,"player_choice":"Offered Basic","damage_taken":0,"max_hp_gain":0,"max_hp_loss":0,"event_name":"Bonfire Elementals","floor":19,"gold_loss":0}],"is_beta":false,"boss_relics":[{"not_picked":["Philosopher\u0027s Stone","Lizard Tail"],"picked":"Black Star"}],"items_purged_floors":[],"is_endless":false,"potions_floor_spawned":[2,12,16],"killed_by":"Shell Parasite","ascension_level":7}