{"gold_per_floor":[115,125,125,136,146,178,178,203,227,7,7,36,53,68,68,163,163,178,88,100,0,10,10,25,25,25,25,25,57,57,70,70,70],"floor_reached":33,"playtime":1433,"items_purged":["Defend_R","Defend_R"],"score":312,"play_id":"5c6304f9-cd09-4f09-8840-082c6281f1a9","local_time":"20181022222217","is_ascension_mode":false,"campfire_choices":[{"data":"Dual Wield","floor":7,"key":"SMITH"},{"data":"Metallicize","floor":11,"key":"SMITH"},{"data":"Barricade","floor":15,"key":"SMITH"},{"floor":25,"key":"REST"},{"data":"True Grit","floor":30,"key":"SMITH"},{"data":"Flame Barrier","floor":32,"key":"SMITH"}],"neow_cost":"PERCENT_DAMAGE","seed_source_timestamp":1077799495049296,"circlet_count":0,"master_deck":["Strike_R+1","Strike_R","Strike_R","Strike_R","Strike_R","Defend_R","Bash","Immolate+1","Flex","Body Slam","Shrug It Off","Metallicize+1","Dual Wield+1","Flex","True Grit+1","Barricade+1","Berserk","Double Tap","Iron Wave","Rage","Flame Barrier+1"],"relics":["Burning Blood","Bag of Preparation","PreservedInsect","Bronze Scales","Anchor","Orichalcum","Mark of Pain","Frozen Egg 2","Enchiridion","Bird Faced Urn"],"potions_floor_usage":[8,16,22,24,24,24,33,33],"damage_taken":[{"damage":6,"enemies":"Jaw Worm","floor":1,"turns":3},{"damage":0,"enemies":"Small Slimes","floor":2,"turns":3},{"damage":7,"enemies":"2 Louse","floor":4,"turns":2},{"damage":0,"enemies":"Gremlin Gang","floor":5,"turns":1},{"damage":21,"enemies":"Gremlin Nob","floor":6,"turns":5},{"damage":16,"enemies":"3 Sentries","floor":8,"turns":5},{"damage":11,"enemies":"Gremlin Nob","floor":12,"turns":3},{"damage":0,"enemies":"Blue Slaver","floor":13,"turns":2},{"damage":0,"enemies":"Lots of Slimes","floor":14,"turns":1},{"damage":10,"enemies":"Hexaghost","floor":16,"turns":9},{"damage":18,"enemies":"2 Thieves","floor":18,"turns":3},{"damage":27,"enemies":"3 Byrds","floor":20,"turns":3},{"damage":30,"enemies":"Snake Plant","floor":22,"turns":3},{"damage":14,"enemies":"Cultist and Chosen","floor":24,"turns":4},{"damage":0,"enemies":"Gremlin Leader","floor":29,"turns":5},{"damage":0,"enemies":"Chosen and Byrds","floor":31,"turns":4},{"damage":84,"enemies":"Automaton","floor":33,"turns":8}],"seed_played":"-9159987995984827189","potions_obtained":[{"floor":1,"key":"Fire Potion"},{"floor":2,"key":"Fire Potion"},{"floor":4,"key":"Ancient Potion"},{"floor":12,"key":"EntropicBrew"},{"floor":13,"key":"SpeedPotion"},{"floor":18,"key":"Poison Potion"},{"floor":31,"key":"Weak Potion"}],"is_trial":false,"path_per_floor":["M","M","?","M","M","E","R","E","T","$","R","E","M","M","R","B",null,"M","?","M","$","M","$","M","R","T","?","$","E","R","M","R"],"character_chosen":"IRONCLAD","items_purchased":["Anchor"],"campfire_rested":1,"item_purchase_floors":[10],"current_hp_per_floor":[56,62,62,61,67,52,52,42,42,42,42,37,43,49,49,45,80,68,68,47,47,23,23,15,39,39,23,23,29,29,45,45,0],"gold":70,"neow_bonus":"THREE_RARE_CARDS","is_prod":false,"is_daily":false,"chose_seed":false,"campfire_upgraded":5,"win_rate":0.0,"timestamp":1540261337,"path_taken":["M","M","?","M","M","E","R","E","T","$","R","E","M","M","R","BOSS","M","?","?","$","M","?","M","R","T","?","$","E","R","?","R","BOSS"],"build_version":"2018-10-18","purchased_purges":2,"victory":false,"max_hp_per_floor":[80,80,80,80,80,80,80,80,80,80,80,80,80,80,80,80,80,80,80,80,80,80,80,80,80,80,80,80,80,80,80,80,80],"card_choices":[{"not_picked":["Bludgeon","Fiend Fire"],"picked":"Immolate","floor":0},{"not_picked":["Clash","Hemokinesis"],"picked":"Flex","floor":1},{"not_picked":["Blood for Blood","Armaments"],"picked":"Body Slam","floor":2},{"not_picked":["Twin Strike","Shockwave"],"picked":"Shrug It Off","floor":4},{"not_picked":["Thunderclap","Warcry"],"picked":"Metallicize","floor":5},{"not_picked":["Perfected Strike","Infernal Blade"],"picked":"Dual Wield","floor":6},{"not_picked":["Rampage","Havoc"],"picked":"Flex","floor":8},{"not_picked":["Second Wind","Warcry"],"picked":"True Grit","floor":12},{"not_picked":["Sword Boomerang","Clash","Rupture"],"picked":"SKIP","floor":13},{"not_picked":["Metallicize","Thunderclap"],"picked":"Barricade","floor":14},{"not_picked":["Feed","Fiend Fire"],"picked":"Berserk","floor":16},{"not_picked":["Flex","Pummel","Perfected Strike+1"],"picked":"SKIP","floor":18},{"not_picked":["Twin Strike","Havoc+1"],"picked":"Double Tap","floor":20},{"not_picked":["Warcry","Bloodletting","Twin Strike"],"picked":"SKIP","floor":22},{"not_picked":["Body Slam+1","Hemokinesis"],"picked":"Iron Wave","floor":24},{"not_picked":["Warcry+1","Bludgeon"],"picked":"Rage","floor":29},{"not_picked":["Sword Boomerang","Wild Strike"],"picked":"Flame Barrier","floor":31}],"player_experience":57701,"relics_obtained":[{"floor":6,"key":"Bag of Preparation"},{"floor":8,"key":"PreservedInsect"},{"floor":9,"key":"Bronze Scales"},{"floor":12,"key":"Orichalcum"},{"floor":26,"key":"Frozen Egg 2"},{"floor":27,"key":"Enchiridion"},{"floor":29,"key":"Bird Faced Urn"}],"event_choices":[{"damage_healed":0,"gold_gain":0,"player_choice":"Grow","damage_taken":0,"max_hp_gain":0,"max_hp_loss":0,"event_name":"Living Wall","floor":3,"gold_loss":0,"cards_upgraded":["Immolate"]},{"cards_removed":["Defend_R"],"damage_healed":0,"gold_gain":0,"player_choice":"Upgrade and Remove","damage_taken":0,"max_hp_gain":0,"max_hp_loss":0,"event_name":"Designer","floor":19,"gold_loss":90,"cards_upgraded":["Strike_R"]},{"damage_healed":0,"gold_gain":0,"player_choice":"Obtained Book","damage_taken":16,"max_hp_gain":0,"max_hp_loss":0,"event_name":"Cursed Tome","floor":27,"gold_loss":0}],"is_beta":false,"boss_relics":[{"not_picked":["Astrolabe","Calling Bell"],"picked":"Mark of Pain"}],"items_purged_floors":[10,21],"is_endless":false,"potions_floor_spawned":[1,2,4,5,12,13,18,31],"killed_by":"Automaton","ascension_level":0}