{"gold_per_floor":[111,122,122,9,29,29,58,58,58,70,86,4,4,4,4,99,99,99,99,99,99,52,52,52,52,52,52,52,52,2,2,2,2,2,2,2,2,2,2,2,2,2,2,2,2,2,2,2,2,2],"floor_reached":50,"playtime":2842,"items_purged":["Strike_G"],"score":678,"play_id":"0a0562f3-e3c1-489b-90c2-4fa09fb15e2f","local_time":"20181026172304","is_ascension_mode":true,"campfire_choices":[{"data":"Sucker Punch","floor":6,"key":"SMITH"},{"data":"Dash","floor":8,"key":"SMITH"},{"data":"Footwork","floor":13,"key":"SMITH"},{"data":"PiercingWail","floor":15,"key":"SMITH"},{"data":"Noxious Fumes","floor":23,"key":"SMITH"},{"data":"Survivor","floor":25,"key":"SMITH"},{"floor":29,"key":"REST"},{"floor":32,"key":"REST"},{"data":"Secret Weapon","floor":40,"key":"SMITH"},{"data":"Malaise","floor":44,"key":"SMITH"},{"floor":49,"key":"REST"}],"neow_cost":"NONE","seed_source_timestamp":1404041800123199,"circlet_count":0,"master_deck":["Defend_G","Defend_G","Defend_G","Defend_G","Defend_G","Strike_G","Strike_G","Strike_G+1","Strike_G","Survivor+1","Neutralize","Unload+1","Dagger Spray","Sucker Punch+1","Infinite Blades","Dash+1","PiercingWail+1","Terror+1","Footwork+1","Phantasmal Killer","Blade Dance+1","Deflect+1","Noxious Fumes+1","Acrobatics+1","Infinite Blades","Infinite Blades","Malaise+1","Parasite","Shame","Clumsy","Backflip","Secret Weapon+1","Parasite","Prepared","Dodge and Roll+1","Backflip+1","Catalyst+1"],"relics":["Ring of the Snake","Ornamental Fan","Paper Crane","Ectoplasm","CultistMask","PreservedInsect","Ancient Tea Set","Calling Bell","Blood Vial","Pear","FossilizedHelix","Du-Vu Doll","War Paint","Dream Catcher","Smiling Mask"],"potions_floor_usage":[16,21,33,36,41,42,42,42,50],"damage_taken":[{"damage":0,"enemies":"Small Slimes","floor":1,"turns":2},{"damage":1,"enemies":"Jaw Worm","floor":2,"turns":4},{"damage":0,"enemies":"2 Louse","floor":5,"turns":1},{"damage":17,"enemies":"Lagavulin","floor":7,"turns":6},{"damage":0,"enemies":"2 Fungi Beasts","floor":10,"turns":3},{"damage":0,"enemies":"Exordium Wildlife","floor":11,"turns":3},{"damage":0,"enemies":"Hexaghost","floor":16,"turns":9},{"damage":16,"enemies":"3 Byrds","floor":18,"turns":5},{"damage":6,"enemies":"Shell Parasite","floor":19,"turns":4},{"damage":14,"enemies":"Sentry and Sphere","floor":21,"turns":6},{"damage":11,"enemies":"Centurion and Healer","floor":24,"turns":5},{"damage":14,"enemies":"3 Cultists","floor":28,"turns":7},{"damage":22,"enemies":"Gremlin Leader","floor":31,"turns":7},{"damage":42,"enemies":"Champ","floor":33,"turns":13},{"damage":31,"enemies":"3 Shapes","floor":35,"turns":5},{"damage":9,"enemies":"3 Darklings","floor":36,"turns":8},{"damage":0,"enemies":"Mind Bloom Boss Battle","floor":39,"turns":8},{"damage":0,"enemies":"Transient","floor":41,"turns":5},{"damage":0,"enemies":"Nemesis","floor":42,"turns":7},{"damage":0,"enemies":"Writhing Mass","floor":45,"turns":7},{"damage":24,"enemies":"Sphere and 2 Shapes","floor":46,"turns":7},{"damage":0,"enemies":"Giant Head","floor":47,"turns":6},{"damage":16,"enemies":"3 Darklings","floor":48,"turns":5},{"damage":43,"enemies":"Donu and Deca","floor":50,"turns":7}],"seed_played":"-1003563295361273820","potions_obtained":[{"floor":7,"key":"FairyPotion"},{"floor":10,"key":"PowerPotion"},{"floor":11,"key":"Energy Potion"},{"floor":16,"key":"SpeedPotion"},{"floor":19,"key":"GhostInAJar"},{"floor":24,"key":"Fire Potion"},{"floor":33,"key":"Block Potion"},{"floor":37,"key":"EssenceOfSteel"},{"floor":37,"key":"SpeedPotion"},{"floor":39,"key":"EssenceOfSteel"},{"floor":41,"key":"Block Potion"},{"floor":42,"key":"SpeedPotion"}],"is_trial":false,"path_per_floor":["M","M","?","$","M","R","E","R","T","M","M","$","R","?","R","B",null,"M","M","?","M","$","R","M","R","T","$","M","R","?","E","R","B",null,"M","M","?","?","?","R","M","E","T","R","M","M","E","M","R"],"character_chosen":"THE_SILENT","items_purchased":["Infinite Blades","Footwork","Acrobatics"],"campfire_rested":3,"item_purchase_floors":[4,12,22],"current_hp_per_floor":[70,69,55,55,55,55,38,38,38,38,38,38,38,61,61,61,70,54,48,48,34,34,34,23,23,23,23,9,30,30,8,29,7,80,49,42,42,42,44,44,46,48,48,48,50,28,30,16,40,0],"gold":2,"neow_bonus":"ONE_RANDOM_RARE_CARD","is_prod":false,"is_daily":false,"chose_seed":false,"campfire_upgraded":8,"win_rate":0,"timestamp":1540588984,"path_taken":["M","M","?","$","M","R","E","R","T","M","M","$","R","?","R","BOSS","M","M","?","M","$","R","M","R","T","$","?","R","?","E","R","BOSS","M","M","?","?","?","R","M","E","T","R","M","M","E","M","R","BOSS"],"build_version":"2018-10-25v2","purchased_purges":1,"victory":false,"max_hp_per_floor":[70,70,70,70,70,70,70,70,70,70,70,70,70,70,70,70,70,70,70,70,70,70,70,70,70,70,70,70,70,70,70,70,70,80,80,80,80,80,80,80,80,80,80,80,80,80,80,80,80,80],"card_choices":[{"not_picked":["Quick Slash","Underhanded Strike"],"picked":"Dagger Spray","floor":1},{"not_picked":["Backstab","Phantasmal Killer"],"picked":"Sucker Punch","floor":2},{"not_picked":["Reflex","Dagger Spray","Flechettes"],"picked":"SKIP","floor":5},{"not_picked":["Flying Knee","Bane"],"picked":"Dash","floor":7},{"not_picked":["Underhanded Strike","Deadly Poison"],"picked":"PiercingWail","floor":10},{"not_picked":["Backflip","PiercingWail"],"picked":"Terror","floor":11},{"not_picked":["Bullet Time","Die Die Die"],"picked":"Phantasmal Killer","floor":16},{"not_picked":["PiercingWail","Dagger Spray"],"picked":"Blade Dance+1","floor":18},{"not_picked":["Bane","Dagger Spray"],"picked":"Deflect+1","floor":19},{"not_picked":["Endless Agony","Well Laid Plans"],"picked":"Noxious Fumes","floor":21},{"not_picked":["Dagger Spray","Heel Hook"],"picked":"Infinite Blades","floor":24},{"not_picked":["Phantasmal Killer","Eviscerate","Blade Dance"],"picked":"SKIP","floor":28},{"not_picked":["Deflect","Dagger Throw"],"picked":"Infinite Blades","floor":31},{"not_picked":["Unload","Adrenaline"],"picked":"Malaise","floor":33},{"not_picked":["Poisoned Stab","Caltrops","Well Laid Plans"],"picked":"SKIP","floor":35},{"not_picked":["Dagger Spray+1","Underhanded Strike"],"picked":"Backflip","floor":36},{"not_picked":["Discovery","Panacea"],"picked":"Secret Weapon","floor":38},{"not_picked":["Poisoned Stab+1","Acrobatics","Quick Slash"],"picked":"SKIP","floor":41},{"not_picked":["Unload","Acrobatics+1","Poisoned Stab+1"],"picked":"SKIP","floor":42},{"not_picked":["Quick Slash","Eviscerate"],"picked":"Prepared","floor":45},{"not_picked":["Tactician+1","Heel Hook"],"picked":"Dodge and Roll+1","floor":46},{"not_picked":["Outmaneuver+1","Prepared","Slice+1"],"picked":"SKIP","floor":47},{"not_picked":["Infinite Blades","Flying Knee"],"picked":"Backflip+1","floor":48},{"not_picked":["Heel Hook","Caltrops"],"picked":"Catalyst+1","floor":49}],"player_experience":90366,"relics_obtained":[{"floor":7,"key":"Ornamental Fan"},{"floor":9,"key":"Paper Crane"},{"floor":26,"key":"PreservedInsect"},{"floor":31,"key":"Ancient Tea Set"},{"floor":34,"key":"Blood Vial"},{"floor":34,"key":"Pear"},{"floor":34,"key":"FossilizedHelix"},{"floor":39,"key":"Du-Vu Doll"},{"floor":42,"key":"War Paint"},{"floor":43,"key":"Dream Catcher"},{"floor":47,"key":"Smiling Mask"}],"event_choices":[{"damage_healed":0,"gold_gain":0,"player_choice":"Entered Light","damage_taken":14,"max_hp_gain":0,"max_hp_loss":0,"event_name":"Shining Light","floor":3,"gold_loss":0,"cards_upgraded":["Unload","Strike_G"]},{"damage_healed":23,"gold_gain":0,"player_choice":"Banana","damage_taken":0,"max_hp_gain":0,"max_hp_loss":0,"event_name":"Big Fish","floor":14,"gold_loss":0},{"damage_healed":0,"gold_gain":0,"player_choice":"Trade","damage_taken":0,"relics_obtained":["CultistMask"],"max_hp_gain":0,"max_hp_loss":0,"event_name":"FaceTrader","floor":20,"gold_loss":0},{"damage_healed":0,"gold_gain":0,"player_choice":"Bet on Owner","damage_taken":0,"max_hp_gain":0,"max_hp_loss":0,"event_name":"The Joust","floor":30,"gold_loss":50},{"damage_healed":0,"gold_gain":0,"player_choice":"Got Potions","damage_taken":0,"max_hp_gain":0,"max_hp_loss":0,"event_name":"The Lab","floor":37,"gold_loss":0},{"damage_healed":0,"gold_gain":0,"player_choice":"Memory 1","damage_taken":0,"max_hp_gain":0,"max_hp_loss":0,"event_name":"SensoryStone","floor":38,"gold_loss":0},{"damage_healed":0,"gold_gain":0,"player_choice":"Fight","damage_taken":0,"max_hp_gain":0,"max_hp_loss":0,"event_name":"MindBloom","floor":39,"gold_loss":0}],"is_beta":false,"boss_relics":[{"not_picked":["Snecko Eye","Astrolabe"],"picked":"Ectoplasm"},{"not_picked":["Fusion Hammer","Runic Pyramid"],"picked":"Calling Bell"}],"items_purged_floors":[4],"is_endless":false,"potions_floor_spawned":[7,10,11,16,19,24,28,33,39,41,42],"killed_by":"Donu and Deca","ascension_level":1}