{"gold_per_floor":[112,122,132,144,144,144,144,144,144,159,192,192,210,210,210,312,312,323,422,472,483,493,493],"floor_reached":23,"playtime":1413,"items_purged":[],"score":241,"play_id":"5325599e-02f8-4b2a-a1d0-701dbb580582","local_time":"20190520081136","is_ascension_mode":true,"campfire_choices":[{"data":"Crippling Poison","floor":6.0,"key":"SMITH"},{"floor":12.0,"key":"REST"},{"data":"Leg Sweep","floor":15.0,"key":"SMITH"}],"neow_cost":"NONE","seed_source_timestamp":0,"circlet_count":0,"master_deck":["Defend_G+1","Defend_G","Defend_G","Defend_G","Defend_G","Strike_G","Strike_G","Strike_G","Strike_G","Survivor","Neutralize","Crippling Poison+1","Footwork+1","Noxious Fumes+1","Leg Sweep+1","Bane","Poisoned Stab","Bane","Regret","Envenom","Dodge and Roll","Skewer"],"special_seed":0,"relics":["Ring of the Snake","NeowsBlessing","Paper Crane","Nunchaku","Black Star"],"potions_floor_usage":[23,23],"damage_taken":[{"damage":0.0,"enemies":"Cultist","floor":1.0,"turns":1.0},{"damage":0.0,"enemies":"Small Slimes","floor":2.0,"turns":1.0},{"damage":0.0,"enemies":"2 Louse","floor":3.0,"turns":1.0},{"damage":4.0,"enemies":"2 Fungi Beasts","floor":4.0,"turns":4.0},{"damage":5.0,"enemies":"3 Louse","floor":10.0,"turns":4.0},{"damage":7.0,"enemies":"3 Sentries","floor":11.0,"turns":8.0},{"damage":1.0,"enemies":"Large Slime","floor":13.0,"turns":5.0},{"damage":28.0,"enemies":"The Guardian","floor":16.0,"turns":9.0},{"damage":22.0,"enemies":"3 Byrds","floor":18.0,"turns":4.0},{"damage":15,"enemies":"Spheric Guardian","floor":21,"turns":5},{"damage":12,"enemies":"Snake Plant","floor":22,"turns":6},{"damage":12,"enemies":"Slavers","floor":23,"turns":1}],"seed_played":"815676787694418500","potions_obtained":[{"floor":1.0,"key":"PowerPotion"},{"floor":2.0,"key":"AttackPotion"},{"floor":3.0,"key":"Strength Potion"},{"floor":10.0,"key":"Strength Potion"},{"floor":16.0,"key":"PowerPotion"},{"floor":22,"key":"SpeedPotion"}],"is_trial":false,"path_per_floor":["M","M","M","M","?","R","?","?","T","M","E","R","M","?","R","B",null,"M","?","?","M","M","E"],"character_chosen":"THE_SILENT","items_purchased":[],"campfire_rested":1,"item_purchase_floors":[],"current_hp_per_floor":[70,70,70,66,59,59,59,45,45,40,33,54,53,53,53,25,59,37,37,37,22,10,0],"gold":493,"neow_bonus":"THREE_ENEMY_KILL","is_prod":false,"is_daily":false,"chose_seed":false,"campfire_upgraded":2,"win_rate":0,"timestamp":1558336296,"path_taken":["M","M","?","M","?","R","?","?","T","M","E","R","M","?","R","BOSS","M","?","?","M","?","E"],"build_version":"2019-01-23","purchased_purges":0,"victory":false,"max_hp_per_floor":[70,70,70,70,70,70,70,70,70,70,70,70,70,70,70,70,70,70,70,70,70,70,70],"card_choices":[{"not_picked":["Flying Knee","Flechettes"],"picked":"Crippling Poison","floor":1.0},{"not_picked":["Calculated Gamble","Outmaneuver"],"picked":"Footwork","floor":2.0},{"not_picked":["Heel Hook","Footwork"],"picked":"Noxious Fumes","floor":3.0},{"not_picked":["Dagger Spray","Deflect"],"picked":"Leg Sweep","floor":4.0},{"not_picked":["Escape Plan","Terror"],"picked":"Bane","floor":10.0},{"not_picked":["Prepared","Slice"],"picked":"Poisoned Stab","floor":11.0},{"not_picked":["Riddle With Holes","Infinite Blades"],"picked":"Bane","floor":13.0},{"not_picked":["Tools of the Trade","Venomology"],"picked":"Envenom","floor":16.0},{"not_picked":["Poisoned Stab","Outmaneuver"],"picked":"Dodge and Roll","floor":18},{"not_picked":["Outmaneuver","Flying Knee","Masterful Stab"],"picked":"SKIP","floor":21},{"not_picked":["Dagger Throw","Flying Knee"],"picked":"Skewer","floor":22}],"player_experience":731916,"relics_obtained":[{"floor":11.0,"key":"Paper Crane"}],"event_choices":[{"cards_removed":["Strike_G"],"damage_healed":0.0,"max_hp_gain":0.0,"max_hp_loss":0.0,"gold_gain":0.0,"event_name":"Golden Wing","player_choice":"Card Removal","floor":5.0,"gold_loss":0.0,"damage_taken":7.0},{"damage_healed":0.0,"max_hp_gain":0.0,"max_hp_loss":0.0,"gold_gain":0.0,"event_name":"Living Wall","player_choice":"Grow","floor":7.0,"gold_loss":0.0,"damage_taken":0.0,"cards_upgraded":["Footwork"]},{"damage_healed":0.0,"max_hp_gain":0.0,"max_hp_loss":0.0,"gold_gain":0.0,"event_name":"Shining Light","player_choice":"Entered Light","floor":8.0,"gold_loss":0.0,"damage_taken":14.0,"cards_upgraded":["Noxious Fumes","Defend_G"]},{"damage_healed":0.0,"max_hp_gain":0.0,"max_hp_loss":0.0,"gold_gain":0.0,"event_name":"Big Fish","player_choice":"Box","floor":14.0,"gold_loss":0.0,"damage_taken":0.0,"relics_obtained":["Nunchaku"],"cards_obtained":["Regret"]},{"damage_healed":0,"gold_gain":99,"player_choice":"Stole From Cult","damage_taken":0,"max_hp_gain":0,"max_hp_loss":0,"event_name":"Nest","floor":19,"gold_loss":0},{"damage_healed":0,"gold_gain":100,"player_choice":"Bet on Murderer","damage_taken":0,"max_hp_gain":0,"max_hp_loss":0,"event_name":"The Joust","floor":20,"gold_loss":50}],"is_beta":false,"boss_relics":[{"not_picked":["Pandora\u0027s Box","Coffee Dripper"],"picked":"Black Star"}],"items_purged_floors":[],"is_endless":false,"potions_floor_spawned":[1,2,3,10,16,22],"killed_by":"Slavers","ascension_level":5}