{"gold_per_floor":[113,127,139,139,139,165,165,176,176,207,177,177,18,31,31,31],"floor_reached":16,"playtime":1182,"items_purged":["Regret"],"score":138,"play_id":"e912df5f-7442-4293-9e14-c98f65063cf0","local_time":"20190514204827","is_ascension_mode":true,"campfire_choices":[{"floor":7,"key":"REST"},{"floor":15,"key":"REST"}],"neow_cost":"NONE","seed_source_timestamp":925865433211000,"circlet_count":0,"master_deck":["Defend_G","Defend_G","Defend_G","Defend_G","Defend_G","Strike_G","Strike_G","Strike_G","Strike_G","Strike_G","Survivor","Neutralize","Deep Breath","Backstab","Dagger Spray","Caltrops","Dodge and Roll","Prepared","Backstab","Venomology","Dash"],"relics":["Ring of the Snake","Smiling Mask","The Courier","Juzu Bracelet","Bronze Scales"],"potions_floor_usage":[6,6,8,14,14,14,16,16],"damage_taken":[{"damage":4,"enemies":"Jaw Worm","floor":1,"turns":5},{"damage":0,"enemies":"Cultist","floor":2,"turns":3},{"damage":2,"enemies":"Small Slimes","floor":3,"turns":2},{"damage":32,"enemies":"Lagavulin","floor":6,"turns":10},{"damage":9,"enemies":"Blue Slaver","floor":8,"turns":4},{"damage":53,"enemies":"3 Sentries","floor":10,"turns":11},{"damage":0,"enemies":"Lots of Slimes","floor":14,"turns":2},{"damage":26,"enemies":"Hexaghost","floor":16,"turns":9}],"seed_played":"-3535669259954197128","potions_obtained":[{"floor":5,"key":"FairyPotion"},{"floor":5,"key":"Ancient Potion"},{"floor":5,"key":"EssenceOfSteel"},{"floor":6,"key":"SpeedPotion"},{"floor":10,"key":"SpeedPotion"},{"floor":11,"key":"Dexterity Potion"},{"floor":11,"key":"SteroidPotion"},{"floor":14,"key":"Weak Potion"}],"is_trial":false,"path_per_floor":["M","M","M","?","?","E","R","M","T","E","?","?","$","M","R","B"],"character_chosen":"THE_SILENT","items_purchased":["Venomology"],"campfire_rested":2,"item_purchase_floors":[13],"current_hp_per_floor":[66,66,64,64,64,32,53,44,44,7,7,4,4,4,25,0],"gold":31,"neow_bonus":"RANDOM_COLORLESS","is_prod":false,"is_daily":false,"chose_seed":false,"campfire_upgraded":0,"win_rate":0,"timestamp":1557863307,"path_taken":["M","M","M","?","?","E","R","M","T","E","?","?","$","M","R","BOSS"],"build_version":"2019-01-23","purchased_purges":1,"victory":false,"max_hp_per_floor":[70,70,70,70,70,70,70,70,70,70,70,70,70,70,70,70],"card_choices":[{"not_picked":["Bane","Sucker Punch"],"picked":"Backstab","floor":1},{"not_picked":["Deadly Poison","Dagger Throw"],"picked":"Dagger Spray","floor":2},{"not_picked":["All Out Attack","Distraction"],"picked":"Caltrops","floor":3},{"not_picked":["Slice","Concentrate"],"picked":"Dodge and Roll","floor":6},{"not_picked":["Expertise","Riddle With Holes"],"picked":"Prepared","floor":8},{"not_picked":["Prepared","Expertise"],"picked":"Backstab","floor":10},{"not_picked":["Concentrate","Dagger Throw"],"picked":"Dash","floor":14}],"player_experience":725782,"relics_obtained":[{"floor":6,"key":"The Courier"},{"floor":9,"key":"Juzu Bracelet"},{"floor":10,"key":"Bronze Scales"}],"event_choices":[{"damage_healed":0,"gold_gain":0,"player_choice":"Box","damage_taken":0,"relics_obtained":["Smiling Mask"],"max_hp_gain":0,"max_hp_loss":0,"event_name":"Big Fish","floor":4,"gold_loss":0,"cards_obtained":["Regret"]},{"damage_healed":0,"gold_gain":0,"player_choice":"Got Potions","damage_taken":0,"max_hp_gain":0,"max_hp_loss":0,"event_name":"Lab","floor":5,"gold_loss":0},{"damage_healed":0,"gold_gain":0,"player_choice":"Bought 2 Potions","damage_taken":0,"max_hp_gain":0,"max_hp_loss":0,"event_name":"The Woman in Blue","floor":11,"gold_loss":0},{"damage_healed":0,"gold_gain":0,"player_choice":"Fled","damage_taken":3,"max_hp_gain":0,"max_hp_loss":0,"event_name":"Scrap Ooze","floor":12,"gold_loss":0}],"is_beta":false,"boss_relics":[],"items_purged_floors":[13],"is_endless":false,"potions_floor_spawned":[6,10,14],"killed_by":"Hexaghost","ascension_level":5}