{"gold_per_floor":[117,392,402,419,43,43,69,89,89,89,105,105,130,164,164,261,261,280,299,299,314,333,15,15],"floor_reached":24,"playtime":2557,"items_purged":[],"score":218,"play_id":"7e4d71d9-65c3-4a37-b79d-76f146fca14e","local_time":"20190219182452","is_ascension_mode":true,"campfire_choices":[{"floor":6,"key":"RECALL"},{"floor":12,"key":"REST"},{"floor":15,"key":"REST"}],"neow_cost":"NONE","seed_source_timestamp":217710901584900,"circlet_count":0,"master_deck":["Defend_G","Defend_G","Defend_G","Defend_G+1","Defend_G","Strike_G","Strike_G","Strike_G","Strike_G+1","Strike_G","Survivor","Neutralize+1","Escape Plan","Regret","Terror","Quick Slash+1","Dagger Spray","Underhanded Strike","Tools of the Trade","Deflect","Backflip","After Image","Heel Hook","Finisher","Pain","Flechettes","Reflex","Die Die Die","Quick Slash"],"relics":["Ring of the Snake","TheAbacus","Whetstone","Blood Vial","Boot","The Courier","Fusion Hammer","WarpedTongs","Medical Kit"],"potions_floor_usage":[7,16,16,19],"damage_taken":[{"damage":4,"enemies":"Small Slimes","floor":1,"turns":6},{"damage":4,"enemies":"Cultist","floor":3,"turns":4},{"damage":2,"enemies":"Jaw Worm","floor":4,"turns":4},{"damage":25,"enemies":"3 Sentries","floor":7,"turns":17},{"damage":1,"enemies":"Exordium Thugs","floor":8,"turns":4},{"damage":19,"enemies":"Exordium Wildlife","floor":11,"turns":3},{"damage":14,"enemies":"Gremlin Nob","floor":14,"turns":4},{"damage":17,"enemies":"Hexaghost","floor":16,"turns":9},{"damage":2,"enemies":"3 Byrds","floor":18,"turns":4},{"damage":23,"enemies":"2 Thieves","floor":19,"turns":5},{"damage":26,"enemies":"Snake Plant","floor":21,"turns":4},{"damage":24,"enemies":"Centurion and Healer","floor":22,"turns":7},{"damage":21,"enemies":"Gremlin Leader","floor":24,"turns":5}],"seed_played":"1722311614298687923","potions_obtained":[{"floor":4,"key":"SkillPotion"},{"floor":7,"key":"Block Potion"},{"floor":11,"key":"GamblersBrew"},{"floor":16,"key":"FairyPotion"},{"floor":18,"key":"LiquidBronze"}],"is_trial":false,"path_per_floor":["M","?","M","M","$","R","E","M","T","?","M","R","T","E","R","B",null,"M","M","?","M","M","$","E"],"character_chosen":"THE_SILENT","items_purchased":["TheAbacus","Whetstone","Dagger Spray","Medical Kit","Die Die Die","Quick Slash"],"campfire_rested":2,"item_purchase_floors":[5,5,5,23,23,23],"current_hp_per_floor":[73,73,69,67,67,67,42,43,43,28,11,34,34,22,45,30,77,75,54,54,30,8,8,0],"gold":15,"neow_bonus":"TEN_PERCENT_HP_BONUS","is_prod":false,"is_daily":false,"chose_seed":false,"campfire_upgraded":0,"win_rate":0,"timestamp":1550600692,"path_taken":["M","?","M","?","$","R","E","M","T","?","M","R","?","E","R","BOSS","M","M","?","M","M","?","E"],"build_version":"2019-01-23","purchased_purges":0,"victory":false,"max_hp_per_floor":[77,77,77,77,77,77,77,77,77,77,77,77,77,77,77,77,77,77,77,77,77,77,77,77],"card_choices":[{"not_picked":["Outmaneuver","Choke"],"picked":"Escape Plan","floor":1},{"not_picked":["Well Laid Plans","PiercingWail"],"picked":"Terror","floor":3},{"not_picked":["Leg Sweep","Flying Knee"],"picked":"Quick Slash","floor":4},{"not_picked":["Flying Knee","Dagger Throw"],"picked":"Underhanded Strike","floor":7},{"not_picked":["Acrobatics","Infinite Blades"],"picked":"Tools of the Trade","floor":8},{"not_picked":["Dodge and Roll","Cloak And Dagger"],"picked":"Deflect","floor":11},{"not_picked":["Dash","Blade Dance"],"picked":"Backflip","floor":14},{"not_picked":["Bullet Time","Glass Knife"],"picked":"After Image","floor":16},{"not_picked":["Catalyst","Blade Dance"],"picked":"Heel Hook","floor":18},{"not_picked":["Prepared+1","All Out Attack"],"picked":"Finisher","floor":19},{"not_picked":["Dagger Spray","Flying Knee"],"picked":"Flechettes","floor":21},{"not_picked":["Dodge and Roll","Terror"],"picked":"Reflex","floor":22}],"player_experience":173650,"relics_obtained":[{"floor":7,"key":"Blood Vial"},{"floor":9,"key":"Boot"},{"floor":14,"key":"The Courier"}],"event_choices":[{"damage_healed":0,"gold_gain":275,"player_choice":"Desecrate","damage_taken":0,"max_hp_gain":0,"max_hp_loss":0,"event_name":"Golden Shrine","floor":2,"gold_loss":0,"cards_obtained":["Regret"]},{"damage_healed":0,"gold_gain":0,"player_choice":"Entered Light","damage_taken":15,"max_hp_gain":0,"max_hp_loss":0,"event_name":"Shining Light","floor":10,"gold_loss":0,"cards_upgraded":["Strike_G","Defend_G"]},{"damage_healed":0,"gold_gain":0,"player_choice":"Rummage","damage_taken":0,"relics_obtained":["WarpedTongs"],"max_hp_gain":0,"max_hp_loss":0,"event_name":"Accursed Blacksmith","floor":20,"gold_loss":0,"cards_obtained":["Pain"]}],"is_beta":false,"boss_relics":[{"not_picked":["Tiny House","HoveringKite"],"picked":"Fusion Hammer"}],"items_purged_floors":[],"is_endless":false,"potions_floor_spawned":[4,7,11,16,18],"killed_by":"Gremlin Leader","ascension_level":1}