{"gold_per_floor":[117,130,149,149,165,165,199,199,199,228,228,243,208,225,225,302,352,362,381,400,400,413,447,447,13,40,40,73,73,86,97,97,97],"floor_reached":33,"playtime":2206,"items_purged":["Pain"],"score":518,"play_id":"d2d0999a-a29b-4c8b-b7b1-6c336e21fe9d","local_time":"20190629123237","is_ascension_mode":true,"campfire_choices":[{"data":"Leap","floor":6.0,"key":"SMITH"},{"floor":8.0,"key":"REST"},{"data":"White Noise","floor":15.0,"key":"SMITH"},{"floor":24,"key":"REST"},{"data":"Static Discharge","floor":29,"key":"SMITH"},{"floor":32,"key":"REST"}],"neow_cost":"NONE","seed_source_timestamp":0,"circlet_count":0,"master_deck":["AscendersBane","Strike_B","Strike_B","Strike_B","Strike_B","Defend_B","Defend_B","Defend_B","Defend_B","Zap+1","Dualcast","Leap+1","Ball Lightning","Doom and Gloom","Compile Driver","Static Discharge+1","Rainbow","Conserve Battery","White Noise+1","Electrodynamics+1","Cold Snap","Glacier","Go for the Eyes","Core Surge","Capacitor","Steam","Consume"],"special_seed":0,"relics":["Cracked Core","DataDisk","Question Card","Gambling Chip","Pen Nib","Tiny House","WarpedTongs","FossilizedHelix","Lee\u0027s Waffle","Ancient Tea Set","Art of War"],"potions_floor_usage":[19,22,23,28],"damage_taken":[{"damage":1.0,"enemies":"Cultist","floor":1.0,"turns":3.0},{"damage":5.0,"enemies":"Small Slimes","floor":2.0,"turns":3.0},{"damage":0.0,"enemies":"Jaw Worm","floor":3.0,"turns":4.0},{"damage":8.0,"enemies":"Exordium Thugs","floor":5.0,"turns":3.0},{"damage":20.0,"enemies":"Lagavulin","floor":7.0,"turns":6.0},{"damage":15.0,"enemies":"3 Sentries","floor":10.0,"turns":5.0},{"damage":1.0,"enemies":"3 Louse","floor":12.0,"turns":4.0},{"damage":4.0,"enemies":"Blue Slaver","floor":14.0,"turns":2.0},{"damage":39.0,"enemies":"Slime Boss","floor":16.0,"turns":7.0},{"damage":23,"enemies":"Shell Parasite","floor":18,"turns":3},{"damage":7,"enemies":"Chosen","floor":19,"turns":4},{"damage":1,"enemies":"Sentry and Sphere","floor":20,"turns":3},{"damage":14,"enemies":"Snecko","floor":22,"turns":4},{"damage":7,"enemies":"Gremlin Leader","floor":23,"turns":7},{"damage":51,"enemies":"Slavers","floor":28,"turns":4},{"damage":16,"enemies":"Snake Plant","floor":30,"turns":5},{"damage":0,"enemies":"Chosen and Byrds","floor":31,"turns":4},{"damage":59,"enemies":"Collector","floor":33,"turns":7}],"seed_played":"-7273167785214923181","potions_obtained":[{"floor":3.0,"key":"Weak Potion"},{"floor":10.0,"key":"Ancient Potion"},{"floor":17,"key":"Dexterity Potion"},{"floor":18,"key":"FocusPotion"},{"floor":19,"key":"Fire Potion"},{"floor":28,"key":"Fruit Juice"}],"is_trial":false,"path_per_floor":["M","M","M","$","M","R","E","R","T","E","?","M","?","M","R","B",null,"M","M","M","?","M","E","R","$","T","$","E","R","M","M","R","B"],"character_chosen":"DEFECT","items_purchased":["Lee\u0027s Waffle","Core Surge","Capacitor"],"campfire_rested":3,"item_purchase_floors":[25,25,25],"current_hp_per_floor":[67,62,62,62,54,54,34,56,56,41,29,28,46,42,42,3,62,39,32,31,31,17,10,34,87,87,87,41,41,25,25,52,0],"gold":97,"neow_bonus":"UPGRADE_CARD","is_prod":false,"is_daily":false,"chose_seed":false,"campfire_upgraded":3,"win_rate":0,"timestamp":1561782757,"path_taken":["M","M","M","$","M","R","E","R","T","E","?","M","?","M","R","BOSS","M","M","M","?","M","E","R","$","T","?","E","R","M","M","R","BOSS"],"build_version":"2019-01-23","purchased_purges":1,"victory":false,"max_hp_per_floor":[75,75,75,75,75,75,75,75,75,75,75,75,75,75,75,75,80,80,80,80,80,80,80,80,87,87,87,92,92,92,92,92,92],"card_choices":[{"not_picked":["Reprogram","Skim"],"picked":"Leap","floor":1.0},{"not_picked":["Tempest","Darkness"],"picked":"Ball Lightning","floor":2.0},{"not_picked":["Gash","Sweeping Beam"],"picked":"Doom and Gloom","floor":3.0},{"not_picked":["Recycle","Force Field"],"picked":"Compile Driver","floor":5.0},{"not_picked":["Lockon","Heatsinks"],"picked":"Static Discharge","floor":7.0},{"not_picked":["Fusion","Hello World","Stack"],"picked":"Rainbow","floor":10.0},{"not_picked":["Streamline","Beam Cell","Sweeping Beam"],"picked":"Conserve Battery","floor":12.0},{"not_picked":["Barrage","Hologram","Consume"],"picked":"White Noise","floor":14.0},{"not_picked":["Seek","Reboot","Amplify"],"picked":"Electrodynamics","floor":16.0},{"not_picked":["Rip and Tear","Streamline","Gash"],"picked":"Cold Snap","floor":17},{"not_picked":["Streamline","Double Energy","Stack","Leap"],"picked":"SKIP","floor":18},{"not_picked":["Beam Cell+1","Leap","Consume","Reinforced Body"],"picked":"SKIP","floor":19},{"not_picked":["Stack","All For One","Hologram"],"picked":"Glacier","floor":20},{"not_picked":["Undo","Turbo","Coolheaded"],"picked":"Go for the Eyes","floor":22},{"not_picked":["Ball Lightning","Hologram","Static Discharge","Compile Driver+1"],"picked":"SKIP","floor":23},{"not_picked":["Conserve Battery","Redo","Hologram","Undo"],"picked":"SKIP","floor":28},{"not_picked":["Rebound","Conserve Battery","Coolheaded"],"picked":"Steam","floor":30},{"not_picked":["Hologram","Genetic Algorithm","Leap+1"],"picked":"Consume","floor":31}],"player_experience":808256,"relics_obtained":[{"floor":7.0,"key":"DataDisk"},{"floor":9.0,"key":"Question Card"},{"floor":10.0,"key":"Gambling Chip"},{"floor":23,"key":"FossilizedHelix"},{"floor":26,"key":"Ancient Tea Set"},{"floor":28,"key":"Art of War"}],"event_choices":[{"damage_healed":0.0,"max_hp_gain":0.0,"max_hp_loss":0.0,"gold_gain":0.0,"event_name":"Scrap Ooze","player_choice":"Success","floor":11.0,"gold_loss":0.0,"damage_taken":12.0,"relics_obtained":["Pen Nib"]},{"damage_healed":18.0,"max_hp_gain":0.0,"max_hp_loss":0.0,"gold_gain":0.0,"event_name":"The Cleric","player_choice":"Healed","floor":13.0,"gold_loss":35.0,"damage_taken":0.0},{"damage_healed":0,"gold_gain":0,"player_choice":"Rummage","damage_taken":0,"relics_obtained":["WarpedTongs"],"max_hp_gain":0,"max_hp_loss":0,"event_name":"Accursed Blacksmith","floor":21,"gold_loss":0,"cards_obtained":["Pain"]}],"is_beta":false,"boss_relics":[{"not_picked":["Busted Crown","Philosopher\u0027s Stone"],"picked":"Tiny House"}],"items_purged_floors":[25],"is_endless":false,"potions_floor_spawned":[3,10,12,14,18,19,28],"killed_by":"Collector","ascension_level":13}