{"gold_per_floor":[118,43,63,13,13,13,44,54,77,108,35,35,35,52,52,152,152,165,182,107,107,121,121,154,118,118,153,153,252,282,282,282,382,382,398,413,201,212,212,212,212],"floor_reached":41,"playtime":2015,"items_purged":["Strike_G"],"score":689,"play_id":"865291c2-5182-47c0-b8c3-356800c5a859","local_time":"20190615132126","is_ascension_mode":true,"campfire_choices":[{"data":"Skewer","floor":6,"key":"SMITH"},{"floor":12,"key":"REST"},{"floor":15,"key":"REST"},{"data":"Crippling Poison","floor":23,"key":"SMITH"},{"data":"Footwork","floor":28,"key":"SMITH"},{"floor":32,"key":"REST"},{"floor":40,"key":"REST"}],"neow_cost":"NONE","seed_source_timestamp":91314614967400,"circlet_count":0,"master_deck":["Defend_G+1","Defend_G+1","Defend_G+1","Defend_G+1","Defend_G+1","Strike_G+1","Survivor","Neutralize","Skewer+1","Crippling Poison+1","PiercingWail","Poisoned Stab","Deflect","Bouncing Flask","Glass Knife","Deflect","Blur","Cloak And Dagger","Dagger Spray","Glass Knife","Deflect+1","Caltrops+1","Footwork+1","Footwork","Well Laid Plans","PiercingWail","Night Terror","Acrobatics+1","PiercingWail+1","Crippling Poison","Deadly Poison","Dark Shackles"],"relics":["Ring of the Snake","Pen Nib","FossilizedHelix","Snake Skull","Happy Flower","Orrery","NlothsMask","Omamori","Ancient Tea Set","Red Mask","Philosopher\u0027s Stone","Strawberry"],"potions_floor_usage":[33,33,41],"damage_taken":[{"damage":0,"enemies":"2 Louse","floor":1,"turns":3},{"damage":2,"enemies":"Jaw Worm","floor":3,"turns":6},{"damage":30,"enemies":"Lagavulin","floor":7,"turns":7},{"damage":0,"enemies":"Small Slimes","floor":8,"turns":2},{"damage":0,"enemies":"Gremlin Nob","floor":10,"turns":4},{"damage":0,"enemies":"Blue Slaver","floor":14,"turns":2},{"damage":0,"enemies":"The Guardian","floor":16,"turns":13},{"damage":0,"enemies":"3 Byrds","floor":18,"turns":5},{"damage":0,"enemies":"Spheric Guardian","floor":19,"turns":3},{"damage":6,"enemies":"3 Cultists","floor":22,"turns":7},{"damage":21,"enemies":"Slavers","floor":24,"turns":6},{"damage":16,"enemies":"Book of Stabbing","floor":27,"turns":6},{"damage":35,"enemies":"Masked Bandits","floor":30,"turns":4},{"damage":24,"enemies":"Champ","floor":33,"turns":17},{"damage":18,"enemies":"3 Darklings","floor":35,"turns":6},{"damage":0,"enemies":"Orb Walker","floor":36,"turns":5},{"damage":39,"enemies":"Spire Growth","floor":38,"turns":7},{"damage":32,"enemies":"Giant Head","floor":41,"turns":10}],"seed_played":"-3427350484359540630","potions_obtained":[{"floor":3,"key":"Swift Potion"},{"floor":7,"key":"GamblersBrew"},{"floor":19,"key":"Swift Potion"},{"floor":27,"key":"FairyPotion"},{"floor":30,"key":"Fire Potion"},{"floor":35,"key":"Strength Potion"}],"is_trial":false,"path_per_floor":["M","$","M","?","?","R","E","M","T","E","$","R","?","M","R","B",null,"M","M","?","?","M","R","E","$","T","E","R","?","?","?","R","B",null,"M","M","$","M","?","R","E"],"character_chosen":"THE_SILENT","items_purchased":["Bouncing Flask","Footwork","Crippling Poison","Strawberry"],"campfire_rested":4,"item_purchase_floors":[11,25,37,37],"current_hp_per_floor":[63,63,61,61,49,49,19,19,19,19,19,40,26,26,47,47,64,64,64,64,64,58,58,37,37,37,21,21,21,7,7,28,4,54,36,36,43,4,4,27,0],"gold":212,"neow_bonus":"TRANSFORM_CARD","is_prod":false,"is_daily":false,"chose_seed":false,"campfire_upgraded":3,"win_rate":0,"timestamp":1560619286,"path_taken":["M","$","M","?","?","R","E","M","T","E","?","R","?","M","R","BOSS","M","M","?","?","?","R","E","$","T","E","R","?","?","?","R","BOSS","M","M","$","M","?","R","E"],"build_version":"2019-01-23","purchased_purges":1,"victory":false,"max_hp_per_floor":[70,70,70,70,70,70,70,70,70,70,70,70,70,70,70,70,70,70,70,70,70,70,70,70,70,70,70,70,70,70,70,70,70,70,70,70,77,77,77,77,77],"card_choices":[{"not_picked":["Outmaneuver","Acrobatics"],"picked":"Crippling Poison","floor":1},{"not_picked":["Tactician","Catalyst"],"picked":"PiercingWail","floor":3},{"not_picked":["Dagger Throw","Bane"],"picked":"Poisoned Stab","floor":7},{"not_picked":["Bane","Reflex","Blade Dance"],"picked":"SKIP","floor":8},{"not_picked":["Storm of Steel","Sucker Punch"],"picked":"Deflect","floor":10},{"not_picked":["Dagger Throw","Dagger Spray","Setup"],"picked":"SKIP","floor":14},{"not_picked":["Storm of Steel","Unload"],"picked":"Glass Knife","floor":16},{"not_picked":["Flechettes","Flying Knee"],"picked":"Deflect","floor":17},{"not_picked":["Dagger Throw","Deflect"],"picked":"Blur","floor":17},{"not_picked":["Skewer","Endless Agony"],"picked":"Cloak And Dagger","floor":17},{"not_picked":["Concentrate","Masterful Stab"],"picked":"Dagger Spray","floor":17},{"not_picked":["Choke+1","Cloak And Dagger"],"picked":"Glass Knife","floor":18},{"not_picked":["Escape Plan","Prepared"],"picked":"Deflect+1","floor":19},{"not_picked":["Setup+1","Deadly Poison"],"picked":"Caltrops+1","floor":22},{"not_picked":["Deadly Poison","Sucker Punch"],"picked":"Footwork","floor":24},{"not_picked":["Dagger Spray","Dodge and Roll"],"picked":"Well Laid Plans","floor":27},{"not_picked":["Dagger Spray","Quick Slash"],"picked":"PiercingWail","floor":30},{"not_picked":["Storm of Steel","Adrenaline"],"picked":"Night Terror","floor":33},{"not_picked":["Outmaneuver","Finisher"],"picked":"Acrobatics+1","floor":35},{"not_picked":["Dagger Spray+1","Backflip"],"picked":"PiercingWail+1","floor":36},{"not_picked":["Dagger Spray+1","Flying Knee"],"picked":"Deadly Poison","floor":38},{"not_picked":["Bandage Up","Metamorphosis"],"picked":"Dark Shackles","floor":39}],"player_experience":258615,"relics_obtained":[{"floor":7,"key":"FossilizedHelix"},{"floor":9,"key":"Snake Skull"},{"floor":10,"key":"Happy Flower"},{"floor":24,"key":"Omamori"},{"floor":27,"key":"Ancient Tea Set"},{"floor":30,"key":"Red Mask"}],"event_choices":[{"cards_removed":["Strike_G"],"damage_healed":0,"gold_gain":0,"player_choice":"Card Removal","damage_taken":0,"max_hp_gain":0,"max_hp_loss":0,"event_name":"The Cleric","floor":4,"gold_loss":50},{"damage_healed":0,"gold_gain":0,"player_choice":"Success","damage_taken":12,"relics_obtained":["Pen Nib"],"max_hp_gain":0,"max_hp_loss":0,"event_name":"Scrap Ooze","floor":5,"gold_loss":0},{"damage_healed":0,"gold_gain":0,"player_choice":"Entered Light","damage_taken":14,"max_hp_gain":0,"max_hp_loss":0,"event_name":"Shining Light","floor":13,"gold_loss":0,"cards_upgraded":["Defend_G","Strike_G"]},{"cards_removed":["Strike_G"],"damage_healed":0,"gold_gain":0,"player_choice":"Gave Gold","damage_taken":0,"max_hp_gain":0,"max_hp_loss":0,"event_name":"Beggar","floor":20,"gold_loss":75},{"damage_healed":0,"gold_gain":0,"player_choice":"Trade","damage_taken":0,"relics_obtained":["NlothsMask"],"max_hp_gain":0,"max_hp_loss":0,"event_name":"FaceTrader","floor":21,"gold_loss":0},{"damage_healed":0,"gold_gain":99,"player_choice":"Stole From Cult","damage_taken":0,"max_hp_gain":0,"max_hp_loss":0,"event_name":"Nest","floor":29,"gold_loss":0},{"damage_healed":0,"gold_gain":0,"player_choice":"Fought Bandits","damage_taken":0,"max_hp_gain":0,"max_hp_loss":0,"event_name":"Masked Bandits","floor":30,"gold_loss":0},{"damage_healed":0,"gold_gain":0,"player_choice":"Simplicity","damage_taken":0,"max_hp_gain":0,"max_hp_loss":0,"event_name":"Back to Basics","floor":31,"gold_loss":0,"cards_upgraded":["Defend_G","Defend_G","Defend_G","Defend_G"]},{"damage_healed":0,"gold_gain":0,"player_choice":"Memory 1","damage_taken":0,"max_hp_gain":0,"max_hp_loss":0,"event_name":"SensoryStone","floor":39,"gold_loss":0}],"is_beta":false,"boss_relics":[{"not_picked":["Ring of the Serpent","Empty Cage"],"picked":"Orrery"},{"not_picked":["Pandora\u0027s Box","Tiny House"],"picked":"Philosopher\u0027s Stone"}],"items_purged_floors":[2],"is_endless":false,"potions_floor_spawned":[3,7,19,27,30,35],"killed_by":"Giant Head","ascension_level":7}