{"gold_per_floor":[109,39,49,49,64,64,84,84,84,84,100,100,112,112,112,184,184,204,217,25,25,40,72,72,88,88,88,113,53,53,78,78,152,152,170,19,32,49,66,66,95,95,122,166,78,0,35,35,35,35],"floor_reached":51,"playtime":5097,"items_purged":["Strike_G","Strike_G","Strike_G"],"score":1751,"play_id":"f8a75c35-7e8c-420b-8ed1-890f735915b9","local_time":"20190629225826","is_ascension_mode":true,"campfire_choices":[{"data":"Neutralize","floor":6.0,"key":"SMITH"},{"data":"Backflip","floor":8.0,"key":"SMITH"},{"data":"Backflip","floor":10.0,"key":"SMITH"},{"data":"Backflip","floor":12.0,"key":"SMITH"},{"data":"Noxious Fumes","floor":15.0,"key":"SMITH"},{"data":"Burst","floor":24.0,"key":"SMITH"},{"data":"Well Laid Plans","floor":30.0,"key":"SMITH"},{"data":"Catalyst","floor":32.0,"key":"SMITH"},{"data":"Footwork","floor":40.0,"key":"SMITH"},{"data":"Backflip","floor":42.0,"key":"SMITH"},{"data":"Survivor","floor":49.0,"key":"SMITH"}],"neow_cost":"NONE","seed_source_timestamp":0,"circlet_count":0,"master_deck":["AscendersBane","Defend_G","Defend_G+1","Defend_G","Defend_G","Defend_G","Strike_G","Survivor+1","Neutralize+1","Backflip+1","Backflip+1","Backflip+1","Noxious Fumes+1","Burst+1","Backflip+1","Well Laid Plans+1","Finesse+1","Leg Sweep+1","Catalyst+1","Catalyst+1","After Image","Deadly Poison+1","Footwork+1"],"special_seed":0,"relics":["Ring of the Snake","Lantern","The Specimen","Bottled Flame","Coffee Dripper","MutagenicStrength","Unceasing Top","Molten Egg 2","CultistMask","The Courier","Bag of Marbles","Eternal Feather","Mummified Hand","MawBank","Bottled Tornado","Red Mask","War Paint"],"potions_floor_usage":[50],"damage_taken":[{"damage":0.0,"enemies":"2 Louse","floor":1.0,"turns":3.0},{"damage":6.0,"enemies":"Cultist","floor":3.0,"turns":5.0},{"damage":0.0,"enemies":"Jaw Worm","floor":5.0,"turns":6.0},{"damage":0.0,"enemies":"Blue Slaver","floor":7.0,"turns":8.0},{"damage":0.0,"enemies":"Red Slaver","floor":11.0,"turns":4.0},{"damage":8.0,"enemies":"Large Slime","floor":13.0,"turns":13.0},{"damage":34.0,"enemies":"Slime Boss","floor":16.0,"turns":12.0},{"damage":13.0,"enemies":"3 Byrds","floor":18.0,"turns":5.0},{"damage":0.0,"enemies":"Spheric Guardian","floor":19.0,"turns":7.0},{"damage":0.0,"enemies":"Shelled Parasite and Fungi","floor":22.0,"turns":7.0},{"damage":5.0,"enemies":"Book of Stabbing","floor":23.0,"turns":11.0},{"damage":0.0,"enemies":"Centurion and Healer","floor":25.0,"turns":9.0},{"damage":1.0,"enemies":"Slavers","floor":28.0,"turns":5.0},{"damage":0.0,"enemies":"Gremlin Leader","floor":31.0,"turns":5.0},{"damage":0.0,"enemies":"Champ","floor":33.0,"turns":5.0},{"damage":0.0,"enemies":"Orb Walker","floor":35.0,"turns":5.0},{"damage":6.0,"enemies":"3 Darklings","floor":37.0,"turns":9.0},{"damage":0.0,"enemies":"Sphere and 2 Shapes","floor":38.0,"turns":5.0},{"damage":0.0,"enemies":"Writhing Mass","floor":39.0,"turns":5.0},{"damage":17.0,"enemies":"Reptomancer","floor":41.0,"turns":6.0},{"damage":0.0,"enemies":"Giant Head","floor":44.0,"turns":4.0},{"damage":0.0,"enemies":"Nemesis","floor":47.0,"turns":5.0},{"damage":0,"enemies":"Time Eater","floor":50,"turns":3}],"seed_played":"-4340914300238895213","potions_obtained":[{"floor":3.0,"key":"Fire Potion"},{"floor":7.0,"key":"Weak Potion"},{"floor":13.0,"key":"Swift Potion"},{"floor":25.0,"key":"Dexterity Potion"},{"floor":31.0,"key":"Poison Potion"},{"floor":38.0,"key":"GhostInAJar"}],"is_trial":false,"path_per_floor":["M","?","M","$","M","R","M","R","T","R","M","R","M","?","R","B",null,"M","M","$","?","M","E","R","M","T","?","E","$","R","E","R","B",null,"M","$","M","M","M","R","E","R","T","E","$","?","E","?","R","B",null],"character_chosen":"THE_SILENT","items_purchased":["Well Laid Plans","Finesse","Footwork"],"campfire_rested":0,"item_purchase_floors":[20,20,36],"current_hp_per_floor":[59,59,53,53,53,53,53,53,53,53,53,53,45,38,38,4,51,38,38,38,38,38,33,33,33,33,33,32,32,32,32,32,32,58,58,58,52,52,52,64,47,59,59,59,59,59,59,59,66,66],"gold":35,"neow_bonus":"RANDOM_COMMON_RELIC","is_prod":false,"is_daily":false,"chose_seed":false,"campfire_upgraded":11,"win_rate":0,"timestamp":1561863506,"path_taken":["M","?","M","?","M","R","M","R","T","R","M","R","M","?","R","BOSS","M","M","$","?","M","E","R","M","T","?","E","$","R","E","R","BOSS","M","$","M","M","M","R","E","R","T","E","$","?","E","?","R","BOSS"],"build_version":"2019-01-23","purchased_purges":3,"victory":true,"max_hp_per_floor":[66,66,66,66,66,66,66,66,66,66,66,66,66,66,66,66,66,66,66,66,66,66,66,66,66,66,66,66,66,66,66,66,66,66,66,66,66,66,66,66,66,66,66,66,66,66,66,66,66,66],"card_choices":[{"not_picked":["Blade Dance","Flying Knee","Predator"],"picked":"SKIP","floor":1.0},{"not_picked":["Bane","Caltrops"],"picked":"Backflip","floor":3.0},{"not_picked":["Prepared","Cloak And Dagger","Wraith Form v2"],"picked":"SKIP","floor":5.0},{"not_picked":["Poisoned Stab","Sucker Punch"],"picked":"Backflip","floor":7.0},{"not_picked":["Deflect","Outmaneuver"],"picked":"Backflip","floor":11.0},{"not_picked":["Dagger Spray","Catalyst"],"picked":"Noxious Fumes","floor":13.0},{"not_picked":["Envenom","Grand Finale"],"picked":"Burst","floor":16.0},{"not_picked":["Bane","Finisher","Dagger Spray"],"picked":"SKIP","floor":18.0},{"not_picked":["Riddle With Holes","Calculated Gamble"],"picked":"Backflip","floor":19.0},{"not_picked":["Quick Slash","Underhanded Strike"],"picked":"Leg Sweep+1","floor":22.0},{"not_picked":["Cloak And Dagger","Prepared+1"],"picked":"Catalyst+1","floor":23.0},{"not_picked":["Flying Knee","Infinite Blades"],"picked":"Catalyst","floor":25.0},{"not_picked":["Dagger Throw+1","Predator+1","Leg Sweep"],"picked":"SKIP","floor":28.0},{"not_picked":["Dagger Throw+1","Crippling Poison","Poisoned Stab+1"],"picked":"SKIP","floor":31.0},{"not_picked":["Storm of Steel","Doppelganger"],"picked":"After Image","floor":33.0},{"not_picked":["Dodge and Roll","Quick Slash+1"],"picked":"Deadly Poison+1","floor":35.0},{"not_picked":["Endless Agony+1","Quick Slash+1","Bane+1"],"picked":"SKIP","floor":37.0},{"not_picked":["Cloak And Dagger","Infinite Blades+1","Tactician"],"picked":"SKIP","floor":38.0},{"not_picked":["Concentrate","Masterful Stab+1","Prepared"],"picked":"SKIP","floor":39.0},{"not_picked":["Heel Hook+1","Dash+1","Quick Slash+1"],"picked":"SKIP","floor":41.0},{"not_picked":["Bane+1","Caltrops+1","Riddle With Holes+1"],"picked":"SKIP","floor":44.0},{"not_picked":["Deadly Poison","Grand Finale+1","Doppelganger"],"picked":"SKIP","floor":47.0}],"player_experience":173974,"relics_obtained":[{"floor":9.0,"key":"Bottled Flame"},{"floor":23.0,"key":"Unceasing Top"},{"floor":26.0,"key":"Molten Egg 2"},{"floor":28.0,"key":"The Courier"},{"floor":31.0,"key":"Bag of Marbles"},{"floor":41.0,"key":"Mummified Hand"},{"floor":43.0,"key":"MawBank"},{"floor":44.0,"key":"Bottled Tornado"},{"floor":47.0,"key":"War Paint"}],"event_choices":[{"damage_healed":0.0,"max_hp_gain":0.0,"max_hp_loss":0.0,"gold_gain":0.0,"event_name":"WeMeetAgain","player_choice":"Paid Gold","floor":2.0,"gold_loss":70.0,"damage_taken":0.0,"relics_obtained":["The Specimen"]},{"cards_removed":["Strike_G"],"damage_healed":0.0,"max_hp_gain":0.0,"max_hp_loss":0.0,"gold_gain":0.0,"event_name":"Golden Wing","player_choice":"Card Removal","floor":14.0,"gold_loss":0.0,"damage_taken":7.0},{"damage_healed":0.0,"max_hp_gain":0.0,"max_hp_loss":0.0,"gold_gain":0.0,"event_name":"Drug Dealer","player_choice":"Inject Mutagens","floor":21.0,"gold_loss":0.0,"damage_taken":0.0,"relics_obtained":["MutagenicStrength"]},{"damage_healed":0.0,"max_hp_gain":0.0,"max_hp_loss":0.0,"gold_gain":0.0,"event_name":"FaceTrader","player_choice":"Trade","floor":27.0,"gold_loss":0.0,"damage_taken":0.0,"relics_obtained":["CultistMask"]},{"damage_healed":0.0,"max_hp_gain":0.0,"max_hp_loss":0.0,"gold_gain":0.0,"event_name":"Tomb of Lord Red Mask","player_choice":"Paid","floor":46.0,"gold_loss":78.0,"damage_taken":0.0,"relics_obtained":["Red Mask"]},{"damage_healed":0.0,"max_hp_gain":0.0,"max_hp_loss":0.0,"gold_gain":0.0,"event_name":"SecretPortal","player_choice":"Ignored","floor":48.0,"gold_loss":0.0,"damage_taken":0.0}],"is_beta":false,"boss_relics":[{"not_picked":["Fusion Hammer","Pandora\u0027s Box"],"picked":"Coffee Dripper"},{"not_picked":["White Beast Statue","Calling Bell"],"picked":"Eternal Feather"}],"items_purged_floors":[29,36,45],"is_endless":false,"potions_floor_spawned":[3,7,13,25,31,37,38,47],"ascension_level":17}