{"gold_per_floor":[113,288,305,4,4,31,31,59,59,72,88,21,21,56,56,156,156,176,101,16,16,31,31,58,70,70,70,89,116,116,126,126,229,229,242,87,103,122,132,132,145,176,230,128,161,161,175,187,187,187,187,187,50,50],"floor_reached":54,"playtime":2410,"items_purged":["Doubt","Strike_R","Strike_R"],"score":1095,"play_id":"25a2dea9-e5b2-4243-9242-36a5e6a33da0","local_time":"20190625181740","is_ascension_mode":true,"campfire_choices":[{"data":"Whirlwind","floor":7,"key":"SMITH"},{"floor":13,"key":"REST"},{"data":"Metallicize","floor":15,"key":"SMITH"},{"data":"Demon Form","floor":23,"key":"SMITH"},{"data":"Pummel","floor":27,"key":"SMITH"},{"data":"Strike_R","floor":30,"key":"PURGE"},{"floor":32,"key":"REST"},{"data":"Bludgeon","floor":40,"key":"SMITH"},{"floor":49,"key":"RECALL"},{"data":"Armaments","floor":52,"key":"SMITH"}],"neow_cost":"NONE","seed_source_timestamp":972705642455600,"circlet_count":0,"master_deck":["Defend_R","Defend_R","Defend_R","Defend_R","Bash","True Grit","Whirlwind+1","Twin Strike","Thunderclap","Clothesline","Metallicize+1","Corruption","Offering","Demon Form+1","Shockwave","Pummel+1","Spot Weakness","Double Tap","Flame Barrier","The Bomb","Heavy Blade+1","Metallicize","Bludgeon+1","Metallicize","Shrug It Off+1","Armaments+1","Armaments","Armaments+1","Sentinel","Juggernaut","Battle Trance","Jack Of All Trades"],"relics":["Burning Blood","NeowsBlessing","Membership Card","Lantern","Peace Pipe","Bag of Preparation","Pocketwatch","Sundial","Sozu","Anchor","Regal Pillow","Pantograph","Darkstone Periapt","Snecko Eye","Juzu Bracelet","Orichalcum","Red Skull"],"potions_floor_usage":[16,54,54],"damage_taken":[{"damage":0,"enemies":"2 Louse","floor":1,"turns":2},{"damage":0,"enemies":"Small Slimes","floor":3,"turns":2},{"damage":0,"enemies":"Gremlin Nob","floor":6,"turns":1},{"damage":70,"enemies":"Lagavulin","floor":8,"turns":7},{"damage":2,"enemies":"Jaw Worm","floor":10,"turns":3},{"damage":4,"enemies":"Blue Slaver","floor":11,"turns":3},{"damage":7,"enemies":"3 Sentries","floor":14,"turns":6},{"damage":26,"enemies":"The Guardian","floor":16,"turns":14},{"damage":0,"enemies":"3 Byrds","floor":18,"turns":2},{"damage":0,"enemies":"Chosen","floor":22,"turns":4},{"damage":33,"enemies":"Book of Stabbing","floor":24,"turns":5},{"damage":11,"enemies":"Snecko","floor":25,"turns":5},{"damage":32,"enemies":"Sentry and Sphere","floor":28,"turns":4},{"damage":0,"enemies":"Gremlin Leader","floor":29,"turns":5},{"damage":11,"enemies":"Centurion and Healer","floor":31,"turns":3},{"damage":22,"enemies":"Collector","floor":33,"turns":4},{"damage":6,"enemies":"Orb Walker","floor":35,"turns":3},{"damage":6,"enemies":"3 Darklings","floor":37,"turns":3},{"damage":23,"enemies":"Writhing Mass","floor":38,"turns":4},{"damage":6,"enemies":"Jaw Worm Horde","floor":39,"turns":1},{"damage":6,"enemies":"Transient","floor":41,"turns":5},{"damage":25,"enemies":"Reptomancer","floor":42,"turns":4},{"damage":21,"enemies":"Nemesis","floor":45,"turns":5},{"damage":34,"enemies":"Spire Growth","floor":47,"turns":4},{"damage":20,"enemies":"Writhing Mass","floor":48,"turns":4},{"damage":25,"enemies":"Time Eater","floor":50,"turns":8},{"damage":75,"enemies":"Shield and Spear","floor":54,"turns":4}],"seed_played":"-7445664111574779944","potions_obtained":[{"floor":6,"key":"Swift Potion"},{"floor":11,"key":"Regen Potion"},{"floor":14,"key":"SkillPotion"},{"floor":16,"key":"SteroidPotion"}],"is_trial":false,"path_per_floor":["M","?","M","$","?","E","R","E","T","M","M","$","R","E","R","B",null,"M","?","?","$","M","R","E","M","T","R","M","E","R","M","R","B",null,"M","$","M","M","M","R","M","E","T","$","E","?","M","M","R","B",null,"R","$","E"],"character_chosen":"IRONCLAD","items_purchased":["Membership Card","Lantern","Corruption","The Bomb","Armaments","Orichalcum","Juggernaut","Battle Trance","Jack Of All Trades"],"campfire_rested":2,"item_purchase_floors":[4,4,12,36,44,44,53,53,53],"current_hp_per_floor":[78,78,80,80,73,79,79,15,15,19,21,21,45,44,44,24,66,72,72,72,72,78,78,51,46,46,46,20,26,26,21,60,64,76,76,76,76,59,59,59,59,40,40,40,25,70,42,28,28,34,61,61,61,0],"gold":50,"neow_bonus":"THREE_ENEMY_KILL","is_prod":false,"is_daily":false,"chose_seed":false,"campfire_upgraded":6,"win_rate":0,"timestamp":1561501060,"path_taken":["M","?","M","$","?","E","R","E","T","?","M","$","R","E","R","BOSS","M","?","?","$","M","R","E","M","T","R","M","E","R","M","R","BOSS","M","$","M","M","M","R","M","E","T","$","E","?","M","M","R","BOSS","R","$","E"],"build_version":"2019-01-23","purchased_purges":3,"victory":false,"max_hp_per_floor":[80,80,80,80,80,80,80,80,80,80,80,80,80,80,80,80,80,80,80,80,80,80,80,80,80,80,80,80,80,80,80,80,80,80,80,80,80,80,80,80,80,80,80,80,80,70,70,70,70,70,70,70,70,70],"card_choices":[{"not_picked":["Wild Strike","Entrench"],"picked":"True Grit","floor":1},{"not_picked":["Blood for Blood","Clash"],"picked":"Whirlwind","floor":3},{"not_picked":["Seeing Red","True Grit"],"picked":"Twin Strike","floor":6},{"not_picked":["Pommel Strike","Blood for Blood"],"picked":"Thunderclap","floor":8},{"not_picked":["Offering","Wild Strike"],"picked":"Clothesline","floor":10},{"not_picked":["Hemokinesis","Cleave"],"picked":"Metallicize","floor":11},{"not_picked":["Rampage","Shrug It Off"],"picked":"Offering","floor":14},{"not_picked":["Reaper","Barricade"],"picked":"Demon Form","floor":16},{"not_picked":["Havoc","Iron Wave","Bloodletting"],"picked":"SKIP","floor":18},{"not_picked":["Pommel Strike","Seeing Red","Bloodletting"],"picked":"SKIP","floor":22},{"not_picked":["Dropkick","Clothesline"],"picked":"Shockwave","floor":24},{"not_picked":["Battle Trance","Perfected Strike"],"picked":"Pummel","floor":25},{"not_picked":["Blood for Blood","Iron Wave","Headbutt"],"picked":"SKIP","floor":28},{"not_picked":["Twin Strike","Cleave","Heavy Blade"],"picked":"SKIP","floor":29},{"not_picked":["Ghostly Armor","Bloodletting"],"picked":"Spot Weakness","floor":31},{"not_picked":["Fiend Fire","Exhume"],"picked":"Double Tap","floor":33},{"not_picked":["Thunderclap","Searing Blow+1"],"picked":"Flame Barrier","floor":35},{"not_picked":["Iron Wave+1","True Grit"],"picked":"Heavy Blade+1","floor":37},{"not_picked":["Shockwave","Havoc"],"picked":"Metallicize","floor":38},{"not_picked":["Headbutt+1","Battle Trance+1"],"picked":"Bludgeon","floor":39},{"not_picked":["Sword Boomerang+1","Battle Trance+1"],"picked":"Metallicize","floor":41},{"not_picked":["Dropkick","Heavy Blade+1"],"picked":"Shrug It Off+1","floor":42},{"not_picked":["Havoc","Twin Strike"],"picked":"Armaments","floor":45},{"not_picked":["Uppercut+1","Whirlwind"],"picked":"Armaments+1","floor":47},{"not_picked":["Armaments+1","Clothesline"],"picked":"Sentinel","floor":48}],"player_experience":267943,"relics_obtained":[{"floor":6,"key":"Peace Pipe"},{"floor":8,"key":"Bag of Preparation"},{"floor":9,"key":"Pocketwatch"},{"floor":14,"key":"Sundial"},{"floor":24,"key":"Regal Pillow"},{"floor":26,"key":"Pantograph"},{"floor":29,"key":"Darkstone Periapt"},{"floor":42,"key":"Juzu Bracelet"},{"floor":45,"key":"Red Skull"}],"event_choices":[{"damage_healed":0,"gold_gain":175,"player_choice":"AGREE","damage_taken":0,"max_hp_gain":0,"max_hp_loss":0,"event_name":"Liars Game","floor":2,"gold_loss":0,"cards_obtained":["Doubt"]},{"cards_removed":["Strike_R"],"damage_healed":0,"gold_gain":0,"player_choice":"Card Removal","damage_taken":7,"max_hp_gain":0,"max_hp_loss":0,"event_name":"Golden Wing","floor":5,"gold_loss":0},{"cards_removed":["Strike_R"],"damage_healed":0,"gold_gain":0,"player_choice":"Gave Gold","damage_taken":0,"max_hp_gain":0,"max_hp_loss":0,"event_name":"Beggar","floor":19,"gold_loss":75},{"damage_healed":0,"gold_gain":0,"player_choice":"Obtained Relic","damage_taken":0,"relics_obtained":["Anchor"],"max_hp_gain":0,"max_hp_loss":0,"event_name":"Addict","floor":20,"gold_loss":85},{"damage_healed":70,"gold_gain":0,"player_choice":"Heal","damage_taken":0,"max_hp_gain":0,"max_hp_loss":10,"event_name":"The Moai Head","floor":46,"gold_loss":0}],"is_beta":false,"boss_relics":[{"not_picked":["Black Blood","Black Star"],"picked":"Sozu"},{"not_picked":["Tiny House","Busted Crown"],"picked":"Snecko Eye"}],"items_purged_floors":[4,12,36],"is_endless":false,"potions_floor_spawned":[6,11,14,16,22,24,28,29,33,35,38,42,45],"killed_by":"Shield and Spear","ascension_level":8}