{"gold_per_floor":[112,58,70,83,7,7,40,40,65,83,99,99,130,151,151,275,275,298,298,298,322,127,160,160,193,193,23,23,23,23,23,23,143,206,225,558,558,558,558,593,593,612,612,639,639,459,472,482,482,482],"floor_reached":50,"playtime":4694,"items_purged":[],"score":671,"play_id":"cd09647b-3c43-4f3d-89b6-c815d98b7079","local_time":"20190217201832","is_ascension_mode":true,"campfire_choices":[{"data":"Storm","floor":6,"key":"SMITH"},{"floor":15,"key":"REST"},{"data":"Static Discharge","floor":24,"key":"SMITH"},{"floor":32,"key":"REST"},{"floor":41,"key":"REST"},{"floor":45,"key":"REST"},{"floor":49,"key":"REST"}],"neow_cost":"NONE","seed_source_timestamp":49592566434700,"circlet_count":0,"master_deck":["Strike_B+1","Strike_B+1","Strike_B+1","Strike_B+1","Defend_B+1","Defend_B+1","Defend_B+1","Defend_B+1","Zap","Storm+1","Conserve Battery","Buffer","Hello World+1","Defragment","Chill","Cold Snap","Glacier","Genetic Algorithm","Amplify","Cold Snap","Static Discharge+1","Biased Cognition","Double Energy","Force Field","Doom and Gloom+1","Sweeping Beam","Ball Lightning+1","Heatsinks","Thunder Strike","FTL","Stack","Finesse","Sadistic Nature","Transmutation","Madness","Madness","Storm","FTL","Static Discharge","Loop","Impatience","Loop+1","Melter"],"relics":["Cracked Core","NeowsBlessing","Orichalcum","Art of War","Ancient Tea Set","Thread and Needle","Inserter","Pen Nib","Torii","Pear","Boot","Tiny House","Sundial","Bottled Lightning","Singing Bowl"],"potions_floor_usage":[7,16,18,18,33,35,48],"damage_taken":[{"damage":0,"enemies":"2 Louse","floor":1,"turns":1},{"damage":0,"enemies":"Cultist","floor":3,"turns":1},{"damage":0,"enemies":"Small Slimes","floor":4,"turns":1},{"damage":2,"enemies":"Gremlin Nob","floor":7,"turns":4},{"damage":10,"enemies":"Looter","floor":10,"turns":3},{"damage":7,"enemies":"Red Slaver","floor":11,"turns":2},{"damage":14,"enemies":"Lagavulin","floor":13,"turns":6},{"damage":0,"enemies":"Blue Slaver","floor":14,"turns":4},{"damage":21,"enemies":"The Guardian","floor":16,"turns":12},{"damage":1,"enemies":"Shell Parasite","floor":18,"turns":5},{"damage":0,"enemies":"Chosen","floor":21,"turns":5},{"damage":12,"enemies":"Gremlin Leader","floor":23,"turns":5},{"damage":10,"enemies":"Book of Stabbing","floor":25,"turns":5},{"damage":1,"enemies":"Champ","floor":33,"turns":8},{"damage":0,"enemies":"3 Shapes","floor":35,"turns":3},{"damage":31,"enemies":"Reptomancer","floor":40,"turns":6},{"damage":0,"enemies":"Orb Walker","floor":42,"turns":3},{"damage":33,"enemies":"Nemesis","floor":44,"turns":5},{"damage":7,"enemies":"Spire Growth","floor":47,"turns":4},{"damage":16,"enemies":"4 Shapes","floor":48,"turns":4},{"damage":91,"enemies":"Donu and Deca","floor":50,"turns":8}],"seed_played":"5970764099274451593","potions_obtained":[{"floor":3,"key":"Strength Potion"},{"floor":4,"key":"Block Potion"},{"floor":11,"key":"FearPotion"},{"floor":13,"key":"SpeedPotion"},{"floor":16,"key":"FearPotion"},{"floor":20,"key":"FairyPotion"},{"floor":20,"key":"SneckoOil"},{"floor":23,"key":"PowerPotion"},{"floor":33,"key":"Explosive Potion"},{"floor":42,"key":"GamblersBrew"},{"floor":44,"key":"LiquidBronze"},{"floor":48,"key":"SteroidPotion"}],"is_trial":false,"path_per_floor":["M","?","M","M","$","R","E","?","T","M","M","?","E","M","R","B",null,"M","?","?","M","$","E","R","E","T","$","?","?","$","?","R","B",null,"M","?","?","?","?","E","R","M","T","E","R","$","M","M","R","B"],"character_chosen":"DEFECT","items_purchased":["Hello World","Biased Cognition","Double Energy","Boot","Sweeping Beam","Loop","Impatience"],"campfire_rested":5,"item_purchase_floors":[5,22,22,27,27,46,46],"current_hp_per_floor":[75,75,75,75,75,75,73,73,73,63,56,56,42,42,64,43,75,74,74,74,74,74,62,62,52,62,62,62,62,62,62,85,84,90,90,90,80,69,69,38,65,65,65,32,59,59,52,36,63,0],"gold":482,"neow_bonus":"THREE_ENEMY_KILL","is_prod":false,"is_daily":false,"chose_seed":false,"campfire_upgraded":2,"win_rate":0,"timestamp":1550434712,"path_taken":["M","?","M","?","?","R","E","?","T","M","M","?","E","M","R","BOSS","M","?","?","?","$","E","R","E","T","$","?","?","?","?","R","BOSS","M","?","?","?","?","E","R","M","T","E","R","$","M","?","R","BOSS"],"build_version":"2019-01-23","purchased_purges":0,"victory":false,"max_hp_per_floor":[75,75,75,75,75,75,75,75,75,75,75,75,75,75,75,75,75,75,75,75,75,75,75,75,75,85,85,85,85,85,85,85,85,90,90,90,90,90,90,90,90,90,90,90,90,90,90,90,90,90],"card_choices":[{"not_picked":["Beam Cell","Cold Snap"],"picked":"Storm","floor":1},{"not_picked":["Hologram","Streamline"],"picked":"Conserve Battery","floor":3},{"not_picked":["Beam Cell","Streamline"],"picked":"Buffer","floor":4},{"not_picked":["Consume","Barrage"],"picked":"Defragment","floor":7},{"not_picked":["Compile Driver","Consume"],"picked":"Chill","floor":10},{"not_picked":["Redo","Fusion"],"picked":"Cold Snap","floor":11},{"not_picked":["Compile Driver","Undo"],"picked":"Glacier","floor":13},{"not_picked":["Streamline","Beam Cell"],"picked":"Genetic Algorithm","floor":14},{"not_picked":["Core Surge","All For One"],"picked":"Amplify","floor":16},{"not_picked":["Conserve Battery","Stack"],"picked":"Cold Snap","floor":18},{"not_picked":["Recycle+1","Force Field+1"],"picked":"Static Discharge","floor":21},{"not_picked":["Go for the Eyes","Beam Cell"],"picked":"Force Field","floor":23},{"not_picked":["Stack+1","Skim"],"picked":"Doom and Gloom+1","floor":25},{"not_picked":["Fission","Hyperbeam"],"picked":"Thunder Strike","floor":33},{"not_picked":["Steam","Beam Cell"],"picked":"FTL","floor":34},{"not_picked":["Gash","Leap"],"picked":"Stack","floor":35},{"not_picked":["Flash of Steel","Jack Of All Trades"],"picked":"Finesse","floor":37},{"not_picked":["PanicButton","Secret Weapon"],"picked":"Sadistic Nature","floor":37},{"not_picked":["Blind","Flash of Steel"],"picked":"Transmutation","floor":37},{"not_picked":["Coolheaded+1","Skim"],"picked":"Storm","floor":40},{"not_picked":["Reinforced Body","Streamline"],"picked":"FTL","floor":42},{"not_picked":["Chill","Stack+1"],"picked":"Static Discharge","floor":44},{"not_picked":["Consume","Rebound"],"picked":"Loop+1","floor":47},{"not_picked":["BootSequence","Hologram+1"],"picked":"Melter","floor":48}],"player_experience":134014,"relics_obtained":[{"floor":7,"key":"Art of War"},{"floor":9,"key":"Ancient Tea Set"},{"floor":13,"key":"Thread and Needle"},{"floor":23,"key":"Pen Nib"},{"floor":25,"key":"Torii"},{"floor":26,"key":"Pear"},{"floor":40,"key":"Sundial"},{"floor":43,"key":"Bottled Lightning"},{"floor":44,"key":"Singing Bowl"}],"event_choices":[{"damage_healed":0,"gold_gain":0,"player_choice":"Paid Gold","damage_taken":0,"relics_obtained":["Orichalcum"],"max_hp_gain":0,"max_hp_loss":0,"event_name":"WeMeetAgain","floor":2,"gold_loss":54},{"damage_healed":0,"gold_gain":0,"player_choice":"Grow","damage_taken":0,"max_hp_gain":0,"max_hp_loss":0,"event_name":"Living Wall","floor":8,"gold_loss":0,"cards_upgraded":["Hello World"]},{"damage_healed":0,"gold_gain":0,"player_choice":"Take Wound","damage_taken":0,"relics_obtained":["Golden Idol"],"max_hp_gain":0,"max_hp_loss":0,"event_name":"Golden Idol","floor":12,"gold_loss":0,"cards_obtained":["Injury"]},{"damage_healed":0,"gold_gain":0,"player_choice":"Ignored","damage_taken":0,"max_hp_gain":0,"max_hp_loss":0,"event_name":"Beggar","floor":19,"gold_loss":0},{"damage_healed":0,"gold_gain":0,"player_choice":"Got Potions","damage_taken":0,"max_hp_gain":0,"max_hp_loss":0,"event_name":"Lab","floor":20,"gold_loss":0},{"damage_healed":0,"gold_gain":0,"player_choice":"Simplicity","damage_taken":0,"max_hp_gain":0,"max_hp_loss":0,"event_name":"Back to Basics","floor":28,"gold_loss":0,"cards_upgraded":["Strike_B","Strike_B","Strike_B","Strike_B","Defend_B","Defend_B","Defend_B","Defend_B"]},{"damage_healed":0,"gold_gain":0,"player_choice":"Read","damage_taken":0,"max_hp_gain":0,"max_hp_loss":0,"event_name":"The Library","floor":29,"gold_loss":0,"cards_obtained":["Ball Lightning"]},{"damage_healed":0,"gold_gain":0,"cards_transformed":["Dualcast","Injury"],"player_choice":"Became Test Subject","damage_taken":0,"max_hp_gain":0,"max_hp_loss":0,"event_name":"Drug Dealer","floor":31,"gold_loss":0,"cards_obtained":["Heatsinks","Doubt"]},{"damage_healed":0,"gold_gain":333,"player_choice":"Gave Idol","damage_taken":0,"max_hp_gain":0,"max_hp_loss":0,"event_name":"The Moai Head","floor":36,"relics_lost":["Golden Idol"],"gold_loss":0},{"damage_healed":0,"gold_gain":0,"player_choice":"Memory 3","damage_taken":10,"max_hp_gain":0,"max_hp_loss":0,"event_name":"SensoryStone","floor":37,"gold_loss":0},{"damage_healed":0,"gold_gain":0,"player_choice":"Embrace Madness","damage_taken":11,"max_hp_gain":0,"max_hp_loss":0,"event_name":"Winding Halls","floor":38,"gold_loss":0,"cards_obtained":["Madness","Madness"]},{"cards_removed":["Doubt"],"damage_healed":0,"gold_gain":0,"player_choice":"Purged","damage_taken":0,"max_hp_gain":0,"max_hp_loss":0,"event_name":"Purifier","floor":39,"gold_loss":0}],"is_beta":false,"boss_relics":[{"not_picked":["Snecko Eye","Ectoplasm"],"picked":"Inserter"},{"not_picked":["Philosopher\u0027s Stone","Coffee Dripper"],"picked":"Tiny House"}],"items_purged_floors":[],"is_endless":false,"potions_floor_spawned":[3,4,11,13,16,23,33,42,44,48],"killed_by":"Donu and Deca","ascension_level":1}