{"gold_per_floor":[114,129,129,144,219,249,279,294,369,38,68,83,30,45,45,145,145,160,175,175,205,220,250,280,322,359,401,413,524,551,22,22,122,122,137,137,137,1,31,61,61,61],"floor_reached":42,"playtime":3912,"items_purged":[],"score":772,"play_id":"04f0e985-978a-4f96-ac6f-f2e8340c5cc8","local_time":"20190331101816","daily_mods":["Shiny","Flight","DeadlyEvents"],"is_ascension_mode":false,"campfire_choices":[{"floor":15,"key":"REST"},{"floor":28,"key":"REST"},{"floor":32,"key":"REST"}],"neow_cost":"","seed_source_timestamp":0,"circlet_count":0,"master_deck":["Double Tap","Demon Form","Bludgeon","Feed","Limit Break","Barricade+1","Fiend Fire","Dark Embrace","Berserk","Impervious","Juggernaut","Brutality","Reaper","Exhume","Offering","Immolate","Cleave","Carnage","Pain","Iron Wave","Rampage+1","Havoc","Pommel Strike+1","Secret Weapon","Body Slam+1","Shrug It Off","Havoc","Anger+1","Impervious","Combust","Anger+1","Rampage+1","Havoc","Infernal Blade","Heavy Blade+1","Rupture","Rage","Headbutt+1","Master of Strategy","Flash of Steel+1","Ghostly Armor","Reaper+1","Inflame","Madness","Madness","Violence","Enlightenment","Forethought","Cleave+1","Discovery","Havoc+1","Bloodletting"],"special_seed":17986,"relics":["Burning Blood","WarpedTongs","Molten Egg 2","Smiling Mask","Mercury Hourglass","Meat on the Bone","Bronze Scales","Sundial","Fusion Hammer","Anchor","Lantern","MawBank","Omamori","Red Skull","Question Card","Sling","Philosopher\u0027s Stone","Blood Vial","Ancient Tea Set","Mummified Hand"],"potions_floor_usage":[7,11,16,18,21,21,25,25,39],"damage_taken":[{"damage":7,"enemies":"Jaw Worm","floor":1,"turns":3},{"damage":0,"enemies":"Cultist","floor":2,"turns":2},{"damage":8,"enemies":"2 Louse","floor":4,"turns":2},{"damage":31,"enemies":"3 Sentries","floor":6,"turns":4},{"damage":19,"enemies":"Lagavulin","floor":7,"turns":5},{"damage":25,"enemies":"Exordium Thugs","floor":8,"turns":3},{"damage":4,"enemies":"Gremlin Nob","floor":11,"turns":3},{"damage":10,"enemies":"Looter","floor":12,"turns":2},{"damage":3,"enemies":"Large Slime","floor":14,"turns":2},{"damage":63,"enemies":"The Guardian","floor":16,"turns":6},{"damage":0,"enemies":"Spheric Guardian","floor":18,"turns":2},{"damage":11,"enemies":"3 Byrds","floor":19,"turns":2},{"damage":30,"enemies":"Book of Stabbing","floor":21,"turns":3},{"damage":10,"enemies":"Centurion and Healer","floor":22,"turns":4},{"damage":6,"enemies":"Gremlin Leader","floor":23,"turns":4},{"damage":24,"enemies":"Slavers","floor":24,"turns":3},{"damage":13,"enemies":"Book of Stabbing","floor":25,"turns":2},{"damage":50,"enemies":"Slavers","floor":27,"turns":4},{"damage":2,"enemies":"Snake Plant","floor":30,"turns":3},{"damage":81,"enemies":"Automaton","floor":33,"turns":9},{"damage":1,"enemies":"3 Darklings","floor":35,"turns":4},{"damage":11,"enemies":"Reptomancer","floor":39,"turns":4},{"damage":30,"enemies":"Giant Head","floor":40,"turns":5},{"damage":98,"enemies":"Nemesis","floor":42,"turns":4}],"seed_played":"5198979730431950550","potions_obtained":[{"floor":2,"key":"BloodPotion"},{"floor":7,"key":"Strength Potion"},{"floor":12,"key":"Strength Potion"},{"floor":14,"key":"Swift Potion"},{"floor":16,"key":"PowerPotion"},{"floor":19,"key":"Strength Potion"},{"floor":22,"key":"Strength Potion"},{"floor":23,"key":"SteroidPotion"},{"floor":24,"key":"SteroidPotion"},{"floor":33,"key":"Weak Potion"}],"is_trial":false,"path_per_floor":["M","M","?","M","T","E","E","M","T","$","E","M","$","M","R","B",null,"M","M","?","E","M","E","E","E","T","E","R","?","M","$","R","B",null,"M","?","?","$","E","E","T","E"],"character_chosen":"IRONCLAD","items_purchased":["Bronze Scales","Secret Weapon","Havoc","Sling","Master of Strategy","Flash of Steel+1","Ghostly Armor","Cleave+1","Discovery"],"campfire_rested":3,"item_purchase_floors":[10,10,13,31,31,31,31,38,38],"current_hp_per_floor":[79,80,80,78,78,57,68,52,52,52,54,50,50,53,79,34,87,90,85,85,61,65,65,55,60,60,28,56,56,60,60,88,25,94,94,82,72,72,81,94,94,0],"gold":61,"neow_bonus":"","is_prod":false,"is_daily":true,"chose_seed":false,"campfire_upgraded":0,"win_rate":0,"timestamp":1554023896,"path_taken":["M","M","?","?","?","E","E","?","T","$","?","?","?","?","R","BOSS","M","?","?","?","?","E","?","E","T","E","R","?","M","$","R","BOSS","M","?","?","?","?","E","?","?"],"build_version":"2019-01-23","purchased_purges":0,"victory":false,"max_hp_per_floor":[80,80,80,80,80,84,84,87,87,87,87,87,87,87,87,87,87,90,90,90,90,94,94,94,94,94,94,94,94,94,94,94,94,94,94,94,94,94,94,94,94,94],"card_choices":[{"not_picked":["True Grit","Uppercut"],"picked":"Cleave","floor":1},{"not_picked":["True Grit","Warcry"],"picked":"Carnage","floor":2},{"not_picked":["Rupture","Perfected Strike"],"picked":"Iron Wave","floor":4},{"not_picked":["Headbutt+1","Wild Strike+1"],"picked":"Rampage+1","floor":6},{"not_picked":["True Grit","Demon Form"],"picked":"Havoc","floor":7},{"not_picked":["Thunderclap+1","Sword Boomerang+1"],"picked":"Pommel Strike+1","floor":8},{"not_picked":["Clash+1","Sever Soul+1"],"picked":"Body Slam+1","floor":11},{"not_picked":["Perfected Strike+1","Carnage+1"],"picked":"Shrug It Off","floor":12},{"not_picked":["Headbutt+1","Flex"],"picked":"Anger+1","floor":14},{"not_picked":["Demon Form","Feed+1"],"picked":"Impervious","floor":16},{"not_picked":["Sword Boomerang+1","True Grit"],"picked":"Combust","floor":18},{"not_picked":["Clash+1","Evolve"],"picked":"Anger+1","floor":19},{"not_picked":["Warcry+1","Shrug It Off"],"picked":"Rampage+1","floor":21},{"not_picked":["Headbutt+1","True Grit"],"picked":"Havoc","floor":22},{"not_picked":["Brutality","Disarm+1"],"picked":"Infernal Blade","floor":23},{"not_picked":["Shrug It Off","Pummel+1"],"picked":"Heavy Blade+1","floor":24},{"not_picked":["Flame Barrier+1","Clothesline+1"],"picked":"Rupture","floor":25},{"not_picked":["Shockwave","Pommel Strike+1"],"picked":"Rage","floor":27},{"not_picked":["Power Through+1","Wild Strike+1","Carnage+1"],"picked":"Headbutt+1","floor":30},{"not_picked":["Feed+1","Immolate+1","Brutality"],"picked":"Reaper+1","floor":33},{"not_picked":["Twin Strike+1","Disarm+1","Armaments+1"],"picked":"Inflame","floor":35},{"not_picked":["Magnetism","Chrysalis","Dramatic Entrance+1"],"picked":"Violence","floor":37},{"not_picked":["Deep Breath","Apotheosis","The Bomb"],"picked":"Enlightenment","floor":37},{"not_picked":["HandOfGreed+1","Finesse","Master of Strategy"],"picked":"Forethought","floor":37},{"not_picked":["Infernal Blade+1","Iron Wave+1","Clothesline+1"],"picked":"Havoc+1","floor":39},{"not_picked":["Flame Barrier+1","Reaper+1","Clothesline+1"],"picked":"Bloodletting","floor":40}],"player_experience":417346,"relics_obtained":[{"floor":5,"key":"Molten Egg 2"},{"floor":6,"key":"Smiling Mask"},{"floor":7,"key":"Mercury Hourglass"},{"floor":9,"key":"Meat on the Bone"},{"floor":11,"key":"Sundial"},{"floor":21,"key":"Anchor"},{"floor":23,"key":"Lantern"},{"floor":24,"key":"MawBank"},{"floor":25,"key":"Omamori"},{"floor":26,"key":"Red Skull"},{"floor":27,"key":"Question Card"},{"floor":39,"key":"Blood Vial"},{"floor":40,"key":"Ancient Tea Set"},{"floor":41,"key":"Mummified Hand"}],"event_choices":[{"damage_healed":0,"gold_gain":0,"player_choice":"Rummage","damage_taken":0,"relics_obtained":["WarpedTongs"],"max_hp_gain":0,"max_hp_loss":0,"event_name":"Accursed Blacksmith","floor":3,"gold_loss":0,"cards_obtained":["Pain"]},{"damage_healed":0,"gold_gain":0,"player_choice":"Upgraded","damage_taken":0,"max_hp_gain":0,"max_hp_loss":0,"event_name":"Upgrade Shrine","floor":20,"gold_loss":0,"cards_upgraded":["Barricade"]},{"damage_healed":0,"gold_gain":99,"player_choice":"Stole From Cult","damage_taken":0,"max_hp_gain":0,"max_hp_loss":0,"event_name":"Nest","floor":29,"gold_loss":0},{"damage_healed":0,"gold_gain":0,"player_choice":"Embrace Madness","damage_taken":12,"max_hp_gain":0,"max_hp_loss":0,"event_name":"Winding Halls","floor":36,"gold_loss":0,"cards_obtained":["Madness","Madness"]},{"damage_healed":0,"gold_gain":0,"player_choice":"Memory 3","damage_taken":10,"max_hp_gain":0,"max_hp_loss":0,"event_name":"SensoryStone","floor":37,"gold_loss":0}],"is_beta":false,"boss_relics":[{"not_picked":["Busted Crown","Sozu"],"picked":"Fusion Hammer"},{"not_picked":["Calling Bell","Cursed Key"],"picked":"Philosopher\u0027s Stone"}],"items_purged_floors":[],"is_endless":false,"potions_floor_spawned":[2,7,12,14,16,19,22,23,24,33],"killed_by":"Nemesis","ascension_level":0}