{"gold_per_floor":[144,189,189,189,238,287,385,434,434,434,483,532,581,679,679,1004,1004,1053,1102,1102,1151,463,463,561,886,911,911,561,659,659,708,708,1033,1033,1082,1042,1091,379,11,109,158,256,281,330,330,330,330,47,47,47],"floor_reached":50,"playtime":5380,"items_purged":["Writhe","Injury"],"score":727,"play_id":"178d979c-80c0-43a2-ab27-01d1f3a6772d","local_time":"20190420103220","daily_mods":["Heirloom","Diverse","Midas"],"is_ascension_mode":false,"campfire_choices":[{"floor":10,"key":"REST"},{"floor":15,"key":"REST"},{"floor":23,"key":"REST"},{"floor":27,"key":"REST"},{"floor":30,"key":"REST"},{"floor":32,"key":"REST"},{"floor":46,"key":"REST"},{"floor":49,"key":"REST"}],"neow_cost":"","seed_source_timestamp":0,"circlet_count":0,"master_deck":["Survivor","Neutralize","Dagger Throw","Shrug It Off","Cloak And Dagger","Infinite Blades+1","Underhanded Strike","Headbutt+1","Sucker Punch","Prepared","Double Tap","Dual Wield","Seek","Blur","Backstab+1","Finesse","Immolate","Infinite Blades","Dodge and Roll","Gash","Reckless Charge","Beam Cell","Coolheaded","Bullet Time","White Noise","Scrape+1","Reboot","Whirlwind","Self Repair","Flechettes+1","Fiend Fire","Entrench","Shockwave","Stack","Burning Pact","Feed","Inflame","Fire Breathing+1","Outmaneuver","Good Instincts","Accuracy","Armaments","Second Wind","Fire Breathing","Jack Of All Trades","Body Slam+1","Caltrops+1","Spot Weakness","Parasite","Recycle+1","Dark Shackles","Panacea"],"special_seed":18006,"relics":["Ring of the Snake","Tingsha","Golden Idol","CultistMask","Bronze Scales","Thread and Needle","Gremlin Horn","Black Star","Singing Bowl","Dead Branch","Ornamental Fan","Vajra","Torii","Question Card","Blood Vial","StoneCalendar","FossilizedHelix","Pandora\u0027s Box","Shuriken","TwistedFunnel","Paper Crane","Gambling Chip","Unceasing Top","PreservedInsect","Pear","Whetstone","Sling"],"potions_floor_usage":[8,12,13,16,16,21,24,33,40,40],"damage_taken":[{"damage":0,"enemies":"2 Louse","floor":1,"turns":3},{"damage":2,"enemies":"Small Slimes","floor":2,"turns":2},{"damage":0,"enemies":"Cultist","floor":5,"turns":3},{"damage":0,"enemies":"Large Slime","floor":6,"turns":7},{"damage":45,"enemies":"Gremlin Nob","floor":7,"turns":6},{"damage":0,"enemies":"Exordium Wildlife","floor":8,"turns":6},{"damage":0,"enemies":"3 Louse","floor":11,"turns":2},{"damage":0,"enemies":"Exordium Thugs","floor":12,"turns":4},{"damage":3,"enemies":"Large Slime","floor":13,"turns":5},{"damage":0,"enemies":"3 Sentries","floor":14,"turns":6},{"damage":9,"enemies":"Hexaghost","floor":16,"turns":9},{"damage":5,"enemies":"3 Byrds","floor":18,"turns":3},{"damage":0,"enemies":"Chosen","floor":19,"turns":5},{"damage":4,"enemies":"Snecko","floor":21,"turns":7},{"damage":26,"enemies":"Slavers","floor":24,"turns":5},{"damage":8,"enemies":"Colosseum Slavers","floor":25,"turns":3},{"damage":28,"enemies":"Colosseum Nobs","floor":25,"turns":4},{"damage":1,"enemies":"Book of Stabbing","floor":29,"turns":4},{"damage":1,"enemies":"Shelled Parasite and Fungi","floor":31,"turns":5},{"damage":46,"enemies":"Automaton","floor":33,"turns":8},{"damage":0,"enemies":"3 Darklings","floor":35,"turns":2},{"damage":0,"enemies":"Orb Walker","floor":37,"turns":3},{"damage":26,"enemies":"Nemesis","floor":40,"turns":5},{"damage":0,"enemies":"Transient","floor":41,"turns":5},{"damage":35,"enemies":"Giant Head","floor":42,"turns":7},{"damage":26,"enemies":"Writhing Mass","floor":44,"turns":5},{"damage":58,"enemies":"Time Eater","floor":50,"turns":5}],"seed_played":"-6243713355950561722","potions_obtained":[{"floor":5,"key":"Energy Potion"},{"floor":6,"key":"FearPotion"},{"floor":7,"key":"EssenceOfSteel"},{"floor":11,"key":"Weak Potion"},{"floor":14,"key":"GamblersBrew"},{"floor":19,"key":"SneckoOil"},{"floor":21,"key":"Energy Potion"},{"floor":29,"key":"Strength Potion"},{"floor":33,"key":"AttackPotion"},{"floor":37,"key":"Energy Potion"},{"floor":41,"key":"SpeedPotion"}],"is_trial":false,"path_per_floor":["M","M","?","?","M","M","E","M","T","R","M","M","M","E","R","B",null,"M","M","?","M","$","R","E","?","T","R","$","E","R","M","R","B",null,"M","?","M","$","$","E","M","E","T","M","?","R","?","$","R","B"],"character_chosen":"THE_SILENT","items_purchased":["Dead Branch","Finesse","Immolate","Infinite Blades","Reckless Charge","Beam Cell","Coolheaded","Bullet Time","Shuriken","Good Instincts","Accuracy","Armaments","Second Wind","TwistedFunnel","Paper Crane","Fire Breathing","Jack Of All Trades","Sling","Panacea"],"campfire_rested":8,"item_purchase_floors":[22,22,22,22,28,28,28,28,38,38,38,38,38,38,39,39,39,48,48],"current_hp_per_floor":[70,68,68,68,68,68,23,23,23,44,44,44,41,41,62,53,70,65,65,65,61,61,70,44,8,8,29,29,30,51,52,70,24,70,70,70,70,70,70,44,53,30,30,6,6,30,30,30,54,0],"gold":47,"neow_bonus":"","is_prod":false,"is_daily":true,"chose_seed":false,"campfire_upgraded":0,"win_rate":0,"timestamp":1555752740,"path_taken":["M","M","?","?","M","M","E","?","T","R","M","M","M","E","R","BOSS","M","M","?","M","$","R","E","?","T","R","?","E","R","M","R","BOSS","M","?","M","?","$","E","M","E","T","M","?","R","?","?","R","BOSS"],"build_version":"2019-01-23","purchased_purges":2,"victory":false,"max_hp_per_floor":[70,70,70,70,70,70,70,70,70,70,70,70,70,70,70,70,70,70,70,70,70,70,70,70,70,70,70,70,70,70,70,70,70,70,70,70,70,70,70,70,70,80,80,80,80,80,80,80,80,80],"card_choices":[{"not_picked":["PiercingWail","Blade Dance"],"picked":"Dagger Throw","floor":1},{"not_picked":["Intimidate","Havoc"],"picked":"Shrug It Off","floor":2},{"not_picked":["Redo","Predator"],"picked":"Cloak And Dagger","floor":5},{"not_picked":["Barrage","Hemokinesis"],"picked":"Infinite Blades","floor":6},{"not_picked":["Thunder Strike","Headbutt"],"picked":"Underhanded Strike","floor":7},{"not_picked":["Twin Strike","Sword Boomerang"],"picked":"Headbutt","floor":8},{"not_picked":["Blood for Blood","Chaos"],"picked":"Sucker Punch","floor":11},{"not_picked":["Noxious Fumes","Clothesline"],"picked":"Prepared","floor":12},{"not_picked":["Stack","Headbutt"],"picked":"Double Tap","floor":13},{"not_picked":["Phantasmal Killer","Compile Driver"],"picked":"Dual Wield","floor":14},{"not_picked":["Multi-Cast","Buffer"],"picked":"Seek","floor":16},{"not_picked":["Predator","Sentinel+1"],"picked":"Blur","floor":18},{"not_picked":["Warcry+1","Ball Lightning"],"picked":"Backstab+1","floor":19},{"not_picked":["Shockwave","Clash+1"],"picked":"Acrobatics","floor":21},{"not_picked":["Sucker Punch","Leg Sweep"],"picked":"Dodge and Roll","floor":24},{"not_picked":["Shrug It Off","Flying Knee"],"picked":"Gash","floor":25},{"not_picked":["Disarm","Flex","Coolheaded"],"picked":"White Noise","floor":29},{"not_picked":["Warcry","Blade Dance","Havoc+1"],"picked":"Scrape+1","floor":31},{"not_picked":["Exhume","Echo Form","Rainbow"],"picked":"Reboot","floor":33},{"not_picked":["Wild Strike+1","Streamline+1","Deflect+1"],"picked":"Fire Breathing+1","floor":35},{"not_picked":["Acrobatics","Catalyst","Sucker Punch+1"],"picked":"Outmaneuver","floor":37},{"not_picked":["Dark Embrace","Armaments","Clash"],"picked":"Body Slam+1","floor":40},{"not_picked":["Ball Lightning+1","Beam Cell+1","Catalyst+1"],"picked":"Caltrops+1","floor":41},{"not_picked":["Deflect","Heavy Blade+1","Glacier+1"],"picked":"Spot Weakness","floor":42},{"not_picked":["Flame Barrier","Consume+1","Barrage+1"],"picked":"Recycle+1","floor":44},{"not_picked":["Good Instincts","Trip","Swift Strike"],"picked":"Dark Shackles","floor":47}],"player_experience":616842,"relics_obtained":[{"floor":7,"key":"Bronze Scales"},{"floor":9,"key":"Thread and Needle"},{"floor":14,"key":"Gremlin Horn"},{"floor":24,"key":"Ornamental Fan"},{"floor":24,"key":"Vajra"},{"floor":25,"key":"Torii"},{"floor":25,"key":"Question Card"},{"floor":26,"key":"Blood Vial"},{"floor":29,"key":"StoneCalendar"},{"floor":29,"key":"FossilizedHelix"},{"floor":40,"key":"Gambling Chip"},{"floor":40,"key":"Unceasing Top"},{"floor":42,"key":"PreservedInsect"},{"floor":42,"key":"Pear"},{"floor":43,"key":"Whetstone"}],"event_choices":[{"damage_healed":0,"gold_gain":0,"player_choice":"Take Wound","damage_taken":0,"relics_obtained":["Golden Idol"],"max_hp_gain":0,"max_hp_loss":0,"event_name":"Golden Idol","floor":3,"gold_loss":0,"cards_obtained":["Injury"]},{"damage_healed":0,"gold_gain":0,"player_choice":"Trade","damage_taken":0,"relics_obtained":["CultistMask"],"max_hp_gain":0,"max_hp_loss":0,"event_name":"FaceTrader","floor":4,"gold_loss":0},{"damage_healed":0,"gold_gain":0,"player_choice":"Opened","damage_taken":0,"relics_obtained":["Singing Bowl"],"max_hp_gain":0,"max_hp_loss":0,"event_name":"The Mausoleum","floor":20,"gold_loss":0,"cards_obtained":["Writhe"]},{"damage_healed":0,"gold_gain":0,"player_choice":"Fight","damage_taken":0,"max_hp_gain":0,"max_hp_loss":0,"event_name":"Colosseum","floor":25,"gold_loss":0},{"damage_healed":0,"gold_gain":0,"player_choice":"Fought Nobs","damage_taken":0,"max_hp_gain":0,"max_hp_loss":0,"event_name":"Colosseum","floor":25,"gold_loss":0},{"damage_healed":0,"gold_gain":0,"player_choice":"Upgrade","damage_taken":0,"max_hp_gain":0,"max_hp_loss":0,"event_name":"Designer","floor":36,"gold_loss":40,"cards_upgraded":["Infinite Blades"]},{"cards_removed":["Acrobatics"],"damage_healed":0,"gold_gain":0,"player_choice":"Removed Skill","damage_taken":0,"max_hp_gain":0,"max_hp_loss":0,"event_name":"Falling","floor":45,"gold_loss":0},{"damage_healed":0,"gold_gain":0,"player_choice":"Memory 1","damage_taken":0,"max_hp_gain":0,"max_hp_loss":0,"event_name":"SensoryStone","floor":47,"gold_loss":0}],"is_beta":false,"boss_relics":[{"not_picked":["Eternal Feather","Fusion Hammer"],"picked":"Black Star"},{"not_picked":["Tiny House","Lizard Tail"],"picked":"Pandora\u0027s Box"}],"items_purged_floors":[22,28],"is_endless":false,"potions_floor_spawned":[5,6,7,11,14,19,21,29,33,37,41],"killed_by":"Time Eater","ascension_level":0}