{"gold_per_floor":[119,119,138,150,170,170,200,200,223,250,263,263],"floor_reached":12,"playtime":537,"items_purged":[],"score":113,"play_id":"b28bc8f9-45f4-4fa0-b97a-f2a775ba6f12","local_time":"20190612113326","is_ascension_mode":true,"campfire_choices":[{"data":"Chaos","floor":6,"key":"SMITH"},{"data":"Defragment","floor":8,"key":"SMITH"}],"neow_cost":"NONE","seed_source_timestamp":53572860666800,"circlet_count":0,"master_deck":["Strike_B","Strike_B","Strike_B","Strike_B","Defend_B","Defend_B","Defend_B","Defend_B","Zap","Dualcast","Conserve Battery","Coolheaded","Chaos+1","Defragment+1","Capacitor"],"relics":["Eternal Feather","Dream Catcher","Smiling Mask","Pen Nib"],"potions_floor_usage":[],"damage_taken":[{"damage":4,"enemies":"Jaw Worm","floor":1,"turns":5},{"damage":10,"enemies":"Small Slimes","floor":3,"turns":5},{"damage":1,"enemies":"2 Louse","floor":4,"turns":2},{"damage":11,"enemies":"Large Slime","floor":5,"turns":7},{"damage":26,"enemies":"Gremlin Nob","floor":7,"turns":5},{"damage":26,"enemies":"3 Sentries","floor":10,"turns":10},{"damage":1,"enemies":"2 Fungi Beasts","floor":11,"turns":5},{"damage":13,"enemies":"Exordium Wildlife","floor":12,"turns":2}],"seed_played":"-6863839419851424892","potions_obtained":[{"floor":4,"key":"GamblersBrew"},{"floor":5,"key":"FocusPotion"},{"floor":10,"key":"Energy Potion"},{"floor":11,"key":"SkillPotion"}],"is_trial":false,"path_per_floor":["M","?","M","M","M","R","E","R","T","E","M","M"],"character_chosen":"DEFECT","items_purchased":[],"campfire_rested":0,"item_purchase_floors":[],"current_hp_per_floor":[71,76,66,65,54,60,34,40,40,14,13,0],"gold":263,"neow_bonus":"BOSS_RELIC","is_prod":false,"is_daily":false,"chose_seed":false,"campfire_upgraded":2,"win_rate":0,"timestamp":1560353606,"path_taken":["M","?","M","M","M","R","E","R","T","E","M","M"],"build_version":"2019-01-23","purchased_purges":0,"victory":false,"max_hp_per_floor":[75,80,80,80,80,80,80,80,80,80,80,80],"card_choices":[{"not_picked":["Leap","Hello World"],"picked":"Conserve Battery","floor":1},{"not_picked":["Steam","Sweeping Beam"],"picked":"Coolheaded","floor":3},{"not_picked":["Go for the Eyes","Skim"],"picked":"Chaos","floor":4},{"not_picked":["Ball Lightning","Gash"],"picked":"Defragment","floor":5},{"not_picked":["Melter","Go for the Eyes","Beam Cell"],"picked":"SKIP","floor":7},{"not_picked":["Machine Learning","Reprogram"],"picked":"Capacitor","floor":10},{"not_picked":["Rebound","Beam Cell","Hello World"],"picked":"SKIP","floor":11}],"player_experience":251982,"relics_obtained":[{"floor":7,"key":"Dream Catcher"},{"floor":9,"key":"Smiling Mask"},{"floor":10,"key":"Pen Nib"}],"event_choices":[{"damage_healed":0,"gold_gain":0,"player_choice":"Donut","damage_taken":0,"max_hp_gain":5,"max_hp_loss":0,"event_name":"Big Fish","floor":2,"gold_loss":0}],"is_beta":false,"boss_relics":[],"items_purged_floors":[],"is_endless":false,"potions_floor_spawned":[4,5,10,11],"killed_by":"Exordium Wildlife","ascension_level":5}