{"gold_per_floor":[119,137,137,212,7,43,43,76,76,41,54,54,72,88,88,216,216,237,262,303,303,326,191,227,250,298,298,321,321,321,342,342,462,462,475,79,99,99,119,152,152],"floor_reached":41,"playtime":4389,"items_purged":[],"score":575,"play_id":"17aee957-73c8-46c5-ba4d-43ecc0c20c3c","local_time":"20190426224325","is_ascension_mode":true,"campfire_choices":[{"floor":7,"key":"REST"},{"floor":12,"key":"REST"},{"floor":15,"key":"RECALL"},{"floor":27,"key":"REST"},{"floor":30,"key":"REST"},{"floor":32,"key":"REST"}],"neow_cost":"NONE","seed_source_timestamp":1200931782864200,"circlet_count":0,"master_deck":["Defend_G","Defend_G","Defend_G+1","Defend_G","Strike_G+1","Strike_G","Strike_G","Strike_G","Survivor","Neutralize","Dagger Throw","Infinite Blades","Dagger Throw","After Image","Flying Knee+1","Well Laid Plans","Storm of Steel","Reflex+1","Outmaneuver+1","Glass Knife","All Out Attack","Dagger Spray","Deflect+1","Backstab","Dagger Spray+1","Blade Dance","Die Die Die","Glass Knife+1","Acrobatics+1","Slice+1","Cloak And Dagger","Accuracy","Finisher","Quick Slash","Tactician","Venomology","Cloak And Dagger+1","Endless Agony","Cloak And Dagger","Endless Agony+1"],"relics":["Ring of the Snake","Strawberry","Golden Idol","Membership Card","FossilizedHelix","Oddly Smooth Stone","WristBlade","Red Mask","Sling","Whetstone","Snake Skull","Nilry\u0027s Codex","Astrolabe","Mercury Hourglass","War Paint","The Courier"],"potions_floor_usage":[13,16,16,16,24,28,33,33,40],"damage_taken":[{"damage":1,"enemies":"2 Louse","floor":1,"turns":3},{"damage":0,"enemies":"Jaw Worm","floor":2,"turns":4},{"damage":32,"enemies":"Gremlin Nob","floor":6,"turns":5},{"damage":30,"enemies":"3 Sentries","floor":8,"turns":8},{"damage":0,"enemies":"Cultist","floor":11,"turns":4},{"damage":0,"enemies":"Gremlin Gang","floor":13,"turns":4},{"damage":0,"enemies":"Large Slime","floor":14,"turns":5},{"damage":2,"enemies":"Slime Boss","floor":16,"turns":11},{"damage":12,"enemies":"2 Thieves","floor":18,"turns":4},{"damage":14,"enemies":"Chosen","floor":19,"turns":5},{"damage":15,"enemies":"Masked Bandits","floor":20,"turns":5},{"damage":0,"enemies":"Centurion and Healer","floor":22,"turns":7},{"damage":0,"enemies":"Gremlin Leader","floor":24,"turns":5},{"damage":5,"enemies":"Chosen and Byrds","floor":25,"turns":7},{"damage":27,"enemies":"Shelled Parasite and Fungi","floor":28,"turns":6},{"damage":0,"enemies":"3 Cultists","floor":31,"turns":5},{"damage":44,"enemies":"Champ","floor":33,"turns":12},{"damage":26,"enemies":"3 Shapes","floor":35,"turns":3},{"damage":7,"enemies":"3 Darklings","floor":37,"turns":6},{"damage":0,"enemies":"Jaw Worm Horde","floor":39,"turns":3},{"damage":23,"enemies":"Nemesis","floor":40,"turns":5},{"damage":17,"enemies":"Transient","floor":41,"turns":3}],"seed_played":"7860145821803497815","potions_obtained":[{"floor":8,"key":"Poison Potion"},{"floor":11,"key":"SneckoOil"},{"floor":13,"key":"Strength Potion"},{"floor":14,"key":"SkillPotion"},{"floor":19,"key":"SmokeBomb"},{"floor":22,"key":"AttackPotion"},{"floor":24,"key":"Explosive Potion"},{"floor":25,"key":"GamblersBrew"},{"floor":31,"key":"Fire Potion"}],"is_trial":false,"path_per_floor":["M","M","?","?","$","E","R","E","T","?","M","R","M","M","R","B",null,"M","M","?","?","M","$","E","M","T","R","M","?","R","M","R","B",null,"M","$","M","?","M","E","M"],"character_chosen":"THE_SILENT","items_purchased":["Membership Card","Dagger Spray","Deflect","Sling","Mercury Hourglass","War Paint","Accuracy","Finisher","Quick Slash","Tactician","Venomology"],"campfire_rested":5,"item_purchase_floors":[5,23,23,23,36,36,36,36,36,36,36],"current_hp_per_floor":[76,76,71,60,60,28,49,19,19,36,36,57,57,57,57,55,71,59,45,30,30,30,30,30,25,25,46,19,3,24,24,45,1,71,45,45,38,38,38,15,0],"gold":152,"neow_bonus":"RANDOM_COMMON_RELIC","is_prod":false,"is_daily":false,"chose_seed":false,"campfire_upgraded":0,"win_rate":0,"timestamp":1556315005,"path_taken":["M","M","?","?","$","E","R","E","T","?","M","R","?","M","R","BOSS","M","M","?","?","M","$","E","M","T","R","M","?","R","M","R","BOSS","M","$","M","?","?","E","?"],"build_version":"2019-01-23","purchased_purges":0,"victory":false,"max_hp_per_floor":[77,77,71,71,71,71,71,71,71,71,71,71,71,71,71,71,71,71,71,71,71,71,71,71,71,71,71,71,71,71,71,71,71,71,71,71,71,71,71,71,71],"card_choices":[{"not_picked":["Backflip","Deadly Poison"],"picked":"Dagger Throw","floor":1},{"not_picked":["Dagger Spray","Backflip"],"picked":"Infinite Blades","floor":2},{"not_picked":["Crippling Poison","Leg Sweep"],"picked":"Dagger Throw","floor":6},{"not_picked":["Deflect","Dagger Spray"],"picked":"After Image","floor":8},{"not_picked":["Blade Dance","Catalyst"],"picked":"Flying Knee","floor":11},{"not_picked":["Crippling Poison","Choke"],"picked":"Well Laid Plans","floor":13},{"not_picked":["Backflip","Eviscerate"],"picked":"Flechettes","floor":14},{"not_picked":["Adrenaline","Bullet Time"],"picked":"Storm of Steel","floor":16},{"not_picked":["Predator","Bouncing Flask"],"picked":"Reflex+1","floor":18},{"not_picked":["Bane","Deadly Poison"],"picked":"Outmaneuver+1","floor":19},{"not_picked":["Concentrate","Flechettes+1"],"picked":"Glass Knife","floor":20},{"not_picked":["Backflip","Dodge and Roll"],"picked":"All Out Attack","floor":22},{"not_picked":["Noxious Fumes","Well Laid Plans"],"picked":"Choke+1","floor":24},{"not_picked":["All Out Attack","Leg Sweep"],"picked":"Backstab","floor":25},{"not_picked":["Quick Slash","Flying Knee"],"picked":"Dagger Spray+1","floor":28},{"not_picked":["Terror+1","Dagger Throw+1"],"picked":"Blade Dance","floor":31},{"not_picked":["Doppelganger","Grand Finale"],"picked":"Die Die Die","floor":33},{"not_picked":["Blade Dance","Acrobatics+1"],"picked":"Cloak And Dagger","floor":35},{"not_picked":["Slice","Flying Knee+1"],"picked":"Cloak And Dagger+1","floor":37},{"not_picked":["Endless Agony","Leg Sweep+1"],"picked":"Cloak And Dagger","floor":39},{"not_picked":["Flechettes","Slice+1"],"picked":"Endless Agony+1","floor":40}],"player_experience":627848,"relics_obtained":[{"floor":6,"key":"FossilizedHelix"},{"floor":8,"key":"Oddly Smooth Stone"},{"floor":20,"key":"Red Mask"},{"floor":24,"key":"Whetstone"},{"floor":26,"key":"Snake Skull"},{"floor":29,"key":"Nilry\u0027s Codex"},{"floor":40,"key":"The Courier"}],"event_choices":[{"damage_healed":0,"gold_gain":0,"player_choice":"Lose Max HP","damage_taken":0,"relics_obtained":["Golden Idol"],"max_hp_gain":0,"max_hp_loss":6,"event_name":"Golden Idol","floor":3,"gold_loss":0},{"damage_healed":0,"gold_gain":75,"player_choice":"Gather Gold","damage_taken":11,"max_hp_gain":0,"max_hp_loss":0,"event_name":"World of Goop","floor":4,"gold_loss":0},{"damage_healed":17,"gold_gain":0,"player_choice":"Healed","damage_taken":0,"max_hp_gain":0,"max_hp_loss":0,"event_name":"The Cleric","floor":10,"gold_loss":35},{"damage_healed":0,"gold_gain":0,"player_choice":"Fought Bandits","damage_taken":0,"max_hp_gain":0,"max_hp_loss":0,"event_name":"Masked Bandits","floor":20,"gold_loss":0},{"damage_healed":0,"gold_gain":0,"player_choice":"Ignored","damage_taken":0,"max_hp_gain":0,"max_hp_loss":0,"event_name":"Beggar","floor":21,"gold_loss":0},{"damage_healed":0,"gold_gain":0,"player_choice":"Obtained Book","damage_taken":16,"max_hp_gain":0,"max_hp_loss":0,"event_name":"Cursed Tome","floor":29,"gold_loss":0},{"damage_healed":0,"gold_gain":0,"cards_transformed":["Choke"],"player_choice":"Transformed","damage_taken":0,"max_hp_gain":0,"max_hp_loss":0,"event_name":"Transmorgrifier","floor":38,"gold_loss":0,"cards_obtained":["Endless Agony"]}],"is_beta":false,"boss_relics":[{"not_picked":["Busted Crown","Philosopher\u0027s Stone"],"picked":"WristBlade"},{"not_picked":["Velvet Choker","Cursed Key"],"picked":"Astrolabe"}],"items_purged_floors":[],"is_endless":false,"potions_floor_spawned":[8,11,13,14,19,22,24,25,31],"killed_by":"Transient","ascension_level":3}