{"gold_per_floor":[111,111,124,124,124,124,152,152,232,245,245,261,277,61,61,160,160,180,180,192,211,225,225,244,244,244,261,261,261,296,309,309,410,410,424,424,278,278,57,57,73,73,73,83,99],"floor_reached":45,"playtime":4125,"items_purged":["Defend_B","Strike_B"],"score":437,"play_id":"5f6e9f32-321c-432b-9c48-a5d3d5be99c4","local_time":"20190511070524","is_ascension_mode":false,"campfire_choices":[{"floor":6.0,"key":"REST"},{"floor":8.0,"key":"REST"},{"data":"Auto Shields","floor":11.0,"key":"SMITH"},{"floor":15.0,"key":"REST"},{"floor":23.0,"key":"REST"},{"floor":29.0,"key":"REST"},{"floor":32.0,"key":"REST"},{"data":"Defragment","floor":40.0,"key":"SMITH"},{"floor":42.0,"key":"REST"}],"neow_cost":"TEN_PERCENT_HP_LOSS","seed_source_timestamp":0,"circlet_count":0,"master_deck":["Strike_B+1","Defend_B+1","Defend_B","Defend_B","Zap","Dualcast","Fusion+1","Chill","Auto Shields+1","Redo","Conserve Battery","Cold Snap","Leap","Hello World","Electrodynamics","Blizzard","Core Surge","Capacitor","Static Discharge","Coolheaded","Chill","Consume","Skim+1","Seek+1","Coolheaded+1","Creative AI","Defragment+1","White Noise+1","Blizzard+1"],"special_seed":0,"relics":["Cracked Core","Turnip","Ancient Tea Set","Mummified Hand","Black Star","Sundial","Blood Vial","Toxic Egg 2","Sozu","Question Card"],"potions_floor_usage":[],"damage_taken":[{"damage":3.0,"enemies":"Small Slimes","floor":1.0,"turns":3.0},{"damage":1.0,"enemies":"Jaw Worm","floor":3.0,"turns":4.0},{"damage":23.0,"enemies":"Lagavulin","floor":7.0,"turns":7.0},{"damage":0.0,"enemies":"Cultist","floor":10.0,"turns":3.0},{"damage":0.0,"enemies":"3 Louse","floor":12.0,"turns":3.0},{"damage":32.0,"enemies":"Gremlin Gang","floor":13.0,"turns":9.0},{"damage":3.0,"enemies":"Hexaghost","floor":16.0,"turns":13.0},{"damage":1.0,"enemies":"Chosen","floor":18.0,"turns":4.0},{"damage":12.0,"enemies":"2 Thieves","floor":20.0,"turns":3.0},{"damage":3.0,"enemies":"Centurion and Healer","floor":21.0,"turns":13.0},{"damage":22.0,"enemies":"Snake Plant","floor":22.0,"turns":4.0},{"damage":6.0,"enemies":"3 Cultists","floor":24.0,"turns":7.0},{"damage":7.0,"enemies":"Chosen and Byrds","floor":27.0,"turns":6.0},{"damage":7.0,"enemies":"Gremlin Leader","floor":30.0,"turns":9.0},{"damage":8.0,"enemies":"Cultist and Chosen","floor":31.0,"turns":7.0},{"damage":24.0,"enemies":"Collector","floor":33.0,"turns":13.0},{"damage":18.0,"enemies":"Orb Walker","floor":35.0,"turns":5.0},{"damage":3.0,"enemies":"3 Shapes","floor":41.0,"turns":5.0},{"damage":10.0,"enemies":"Sphere and 2 Shapes","floor":44.0,"turns":7.0},{"damage":8.0,"enemies":"4 Shapes","floor":45.0,"turns":6.0}],"seed_played":"-1500950346179299422","potions_obtained":[{"floor":3.0,"key":"Energy Potion"},{"floor":7.0,"key":"SkillPotion"},{"floor":13.0,"key":"Dexterity Potion"},{"floor":20.0,"key":"Regen Potion"}],"is_trial":false,"path_per_floor":["?","?","?","?","M","?","M","?","?","?"],"character_chosen":"DEFECT","items_purchased":["Cold Snap","Leap","Hello World","Creative AI","Defragment","White Noise+1"],"campfire_rested":7,"item_purchase_floors":[14,14,14,37,39,39],"current_hp_per_floor":[65,58,57,43,43,63,40,60,60,60,60,60,28,28,48,45,68,67,67,55,52,30,50,44,44,44,37,37,57,50,44,64,42,68,50,50,50,50,50,50,49,68,68,58,52],"gold":99,"neow_bonus":"ONE_RARE_RELIC","is_prod":false,"is_daily":false,"chose_seed":false,"campfire_upgraded":2,"win_rate":0,"timestamp":1557572724,"path_taken":["M","?","M","?","?","R","E","R","T","M","R","M","M","$","R","BOSS","M","?","M","M","?","R","M","?","T","?","?","R","E","M","R","BOSS","M","?","$","?","$","R","M","R","T","M","M"],"build_version":"2019-01-23","purchased_purges":2,"victory":false,"max_hp_per_floor":[68,68,68,68,68,68,68,68,68,68,68,68,68,68,68,68,68,68,68,68,68,68,68,68,68,68,68,68,68,68,68,68,68,68,68,68,68,68,68,68,68,68,68,68,68],"card_choices":[{"not_picked":["Conserve Battery","Storm"],"picked":"Fusion","floor":1.0},{"not_picked":["Aggregate","Compile Driver"],"picked":"Double Energy","floor":3.0},{"not_picked":["Heatsinks","Go for the Eyes"],"picked":"Chill","floor":7.0},{"not_picked":["Sweeping Beam","Rip and Tear"],"picked":"Auto Shields","floor":10.0},{"not_picked":["Gash","Auto Shields"],"picked":"Redo","floor":12.0},{"not_picked":["Redo","Consume"],"picked":"Conserve Battery","floor":13.0},{"not_picked":["All For One","Buffer"],"picked":"Electrodynamics","floor":16.0},{"not_picked":["Reinforced Body","Scrape"],"picked":"Blizzard","floor":18.0},{"not_picked":["Turbo","Streamline+1"],"picked":"Capacitor","floor":20.0},{"not_picked":["Redo","Capacitor+1"],"picked":"Static Discharge","floor":21.0},{"not_picked":["Tempest","Melter"],"picked":"Coolheaded","floor":22.0},{"not_picked":["Reinforced Body","Compile Driver"],"picked":"Chill","floor":24.0},{"not_picked":["Aggregate","Compile Driver","Go for the Eyes"],"picked":"SKIP","floor":27.0},{"not_picked":["Beam Cell+1","Hologram","Coolheaded"],"picked":"SKIP","floor":30.0},{"not_picked":["Fusion+1","Rebound"],"picked":"Skim+1","floor":31.0},{"not_picked":["Amplify+1","Reboot+1"],"picked":"Seek+1","floor":33.0},{"not_picked":["Turbo+1","Melter+1"],"picked":"Coolheaded+1","floor":35.0},{"not_picked":["Reinforced Body+1","Streamline+1","Rebound+1"],"picked":"SKIP","floor":41.0},{"not_picked":["Cold Snap+1","Coolheaded+1","Tempest+1"],"picked":"Blizzard+1","floor":44.0}],"player_experience":519314,"relics_obtained":[{"floor":7.0,"key":"Ancient Tea Set"},{"floor":9.0,"key":"Mummified Hand"},{"floor":26.0,"key":"Sundial"},{"floor":30.0,"key":"Blood Vial"},{"floor":30.0,"key":"Toxic Egg 2"},{"floor":43.0,"key":"Question Card"}],"event_choices":[{"cards_removed":["Strike_B"],"damage_healed":0.0,"max_hp_gain":0.0,"max_hp_loss":0.0,"gold_gain":0.0,"event_name":"Golden Wing","player_choice":"Card Removal","floor":2.0,"gold_loss":0.0,"damage_taken":7.0},{"damage_healed":0.0,"max_hp_gain":0.0,"max_hp_loss":0.0,"gold_gain":0.0,"event_name":"Shining Light","player_choice":"Entered Light","floor":4.0,"gold_loss":0.0,"damage_taken":14.0,"cards_upgraded":["Strike_B","Defend_B"]},{"damage_healed":0.0,"max_hp_gain":0.0,"max_hp_loss":0.0,"gold_gain":0.0,"event_name":"Living Wall","player_choice":"Grow","floor":5.0,"gold_loss":0.0,"damage_taken":0.0,"cards_upgraded":["Fusion"]},{"damage_healed":0.0,"max_hp_gain":0.0,"max_hp_loss":0.0,"gold_gain":0.0,"event_name":"Match and Keep!","player_choice":"1 cards matched","floor":19.0,"gold_loss":0.0,"damage_taken":0.0,"cards_obtained":["Core Surge"]},{"damage_healed":0.0,"max_hp_gain":0.0,"max_hp_loss":0.0,"gold_gain":0.0,"cards_transformed":["Strike_B"],"event_name":"Transmorgrifier","player_choice":"Transformed","floor":25.0,"gold_loss":0.0,"damage_taken":0.0,"cards_obtained":["Consume"]},{"damage_healed":0.0,"max_hp_gain":0.0,"max_hp_loss":0.0,"gold_gain":0.0,"event_name":"Vampires","player_choice":"Ignored","floor":28.0,"gold_loss":0.0,"damage_taken":0.0},{"damage_healed":0.0,"max_hp_gain":0.0,"max_hp_loss":0.0,"gold_gain":0.0,"event_name":"Mysterious Sphere","player_choice":"Ignored","floor":36.0,"gold_loss":0.0,"damage_taken":0.0},{"cards_removed":["Double Energy"],"damage_healed":0.0,"max_hp_gain":0.0,"max_hp_loss":0.0,"gold_gain":0.0,"event_name":"Falling","player_choice":"Removed Skill","floor":38.0,"gold_loss":0.0,"damage_taken":0.0}],"is_beta":false,"boss_relics":[{"not_picked":["Lizard Tail","Velvet Choker"],"picked":"Black Star"},{"not_picked":["Cursed Key","Busted Crown"],"picked":"Sozu"}],"items_purged_floors":[14,39],"is_endless":false,"potions_floor_spawned":[3,7,13,20,22,27,33,35,44,45],"killed_by":"4 Shapes","ascension_level":0}