{"gold_per_floor":[115,115,135,150,24,58,58,70,70,2,36,51,71,86,86,191,191,210,228,247,262,262,262,262],"floor_reached":24,"playtime":2905,"items_purged":[],"score":262,"play_id":"7b41411b-dedf-4525-989f-f3bcafc60f03","local_time":"20190219192906","is_ascension_mode":false,"campfire_choices":[{"data":"Infernal Blade","floor":7,"key":"SMITH"},{"data":"Disarm","floor":15,"key":"SMITH"},{"floor":23,"key":"REST"}],"neow_cost":"NONE","seed_source_timestamp":597068999440100,"circlet_count":0,"master_deck":["Strike_R","Strike_R","Strike_R","Strike_R","Defend_R","Defend_R","Defend_R","Defend_R","Bash","Sever Soul","Infernal Blade+1","Power Through","Armaments","Impervious","Shrug It Off","Anger","Flex","Blood for Blood","Disarm+1","Evolve","Anger","Heavy Blade","Impervious","Warcry","Cleave","Berserk","Ghostly Armor","Rage","Metallicize+1","Seeing Red","Barricade","Rage","Body Slam","Spot Weakness+1","Necronomicurse"],"relics":["Burning Blood","Strawberry","Ornamental Fan","Prayer Wheel","Sozu","Necronomicon"],"potions_floor_usage":[11,11,11],"damage_taken":[{"damage":10,"enemies":"Small Slimes","floor":1,"turns":4},{"damage":1,"enemies":"Cultist","floor":3,"turns":3},{"damage":2,"enemies":"Jaw Worm","floor":4,"turns":3},{"damage":40,"enemies":"Lagavulin","floor":6,"turns":7},{"damage":7,"enemies":"3 Louse","floor":8,"turns":5},{"damage":0,"enemies":"Gremlin Nob","floor":11,"turns":4},{"damage":0,"enemies":"Gremlin Gang","floor":12,"turns":5},{"damage":0,"enemies":"Looter","floor":13,"turns":3},{"damage":4,"enemies":"Exordium Thugs","floor":14,"turns":6},{"damage":36,"enemies":"Slime Boss","floor":16,"turns":11},{"damage":6,"enemies":"Chosen","floor":18,"turns":3},{"damage":7,"enemies":"Shell Parasite","floor":19,"turns":8},{"damage":16,"enemies":"Centurion and Healer","floor":20,"turns":10},{"damage":39,"enemies":"Sentry and Sphere","floor":21,"turns":10},{"damage":48,"enemies":"Slavers","floor":24,"turns":4}],"seed_played":"1314473844699099160","potions_obtained":[{"floor":3,"key":"Explosive Potion"},{"floor":6,"key":"PowerPotion"},{"floor":8,"key":"Weak Potion"},{"floor":16,"key":"Block Potion"}],"is_trial":false,"path_per_floor":["?","$","M","?"],"character_chosen":"IRONCLAD","items_purchased":["Impervious","Shrug It Off","Blood for Blood"],"campfire_rested":1,"item_purchase_floors":[5,5,10],"current_hp_per_floor":[76,76,80,80,80,53,53,52,52,52,58,64,70,72,72,42,87,87,86,76,43,27,53,5],"gold":262,"neow_bonus":"THREE_CARDS","is_prod":false,"is_daily":false,"chose_seed":false,"campfire_upgraded":2,"win_rate":0.0,"timestamp":1550622546,"path_taken":["M","?","M","M","$","E","R","M","T","?","E","?","M","M","R","BOSS","M","M","M","M","?","R","E"],"build_version":"2019-01-23","purchased_purges":0,"victory":false,"max_hp_per_floor":[80,80,80,80,80,87,87,87,87,87,87,87,87,87,87,87,87,87,87,87,87,87,87,87],"card_choices":[{"not_picked":["Pommel Strike","Second Wind"],"picked":"Sever Soul","floor":0},{"not_picked":["Heavy Blade","Reckless Charge"],"picked":"Infernal Blade","floor":1},{"not_picked":["Flex","Sword Boomerang"],"picked":"Power Through","floor":3},{"not_picked":["Dual Wield","Pommel Strike"],"picked":"Armaments","floor":4},{"not_picked":["Uppercut","Heavy Blade"],"picked":"Anger","floor":6},{"not_picked":["Pommel Strike","Heavy Blade"],"picked":"Flex","floor":8},{"not_picked":["Dark Embrace","Clothesline"],"picked":"Disarm","floor":11},{"not_picked":["Clothesline","Body Slam"],"picked":"Evolve","floor":12},{"not_picked":["Warcry","Wild Strike"],"picked":"Anger","floor":12},{"not_picked":["Corruption","Headbutt"],"picked":"Heavy Blade","floor":13},{"not_picked":["Carnage","Bloodletting"],"picked":"Impervious","floor":13},{"not_picked":["Armaments","Clash"],"picked":"Warcry","floor":14},{"not_picked":["Clothesline","Iron Wave"],"picked":"Cleave","floor":14},{"not_picked":["Brutality","Dark Embrace"],"picked":"Berserk","floor":16},{"not_picked":["Flex+1","Thunderclap"],"picked":"Ghostly Armor","floor":18},{"not_picked":["True Grit","Pommel Strike+1"],"picked":"Rage","floor":18},{"not_picked":["Clash","Pommel Strike"],"picked":"Metallicize+1","floor":19},{"not_picked":["Sever Soul","Flex"],"picked":"Seeing Red","floor":19},{"not_picked":["True Grit","Feel No Pain"],"picked":"Barricade","floor":20},{"not_picked":["Perfected Strike","Reckless Charge"],"picked":"Rage","floor":20},{"not_picked":["Clash+1","Warcry"],"picked":"Body Slam","floor":21},{"not_picked":["Dropkick","Perfected Strike"],"picked":"Spot Weakness+1","floor":21}],"player_experience":123273,"relics_obtained":[{"floor":6,"key":"Strawberry"},{"floor":9,"key":"Ornamental Fan"},{"floor":11,"key":"Prayer Wheel"},{"floor":22,"key":"Necronomicon"}],"event_choices":[{"cards_removed":["Strike_R"],"damage_healed":0,"gold_gain":0,"player_choice":"Offered Basic","damage_taken":0,"max_hp_gain":0,"max_hp_loss":0,"event_name":"Bonfire Elementals","floor":2,"gold_loss":0},{"damage_healed":0,"gold_gain":0,"player_choice":"Obtained Book","damage_taken":16,"max_hp_gain":0,"max_hp_loss":0,"event_name":"Cursed Tome","floor":22,"gold_loss":0}],"is_beta":false,"boss_relics":[{"not_picked":["Astrolabe","Runic Pyramid"],"picked":"Sozu"}],"items_purged_floors":[],"is_endless":false,"potions_floor_spawned":[3,6,8,16,18,19],"killed_by":"Slavers","ascension_level":0}