{"gold_per_floor":[114,128,144,15,35,64,64,83,109,122,151,166,196,371,371,467,467,482,427,195,215,235,261,261,276,299,299,319,331,347,347],"floor_reached":31,"playtime":2279,"items_purged":["Strike_R"],"score":358,"play_id":"e3140d81-e235-4dd2-9b65-57d4459914ce","local_time":"20190221205924","is_ascension_mode":false,"campfire_choices":[{"data":"Spot Weakness","floor":7,"key":"SMITH"},{"floor":15,"key":"REST"},{"floor":24,"key":"REST"}],"neow_cost":"NONE","seed_source_timestamp":775871098539564,"circlet_count":0,"master_deck":["Strike_R","Strike_R","Strike_R","Strike_R","Defend_R","Defend_R","Defend_R","Defend_R","Bash","Anger","Spot Weakness+1","Anger","Pummel","Shrug It Off","Flame Barrier","Searing Blow","Combust","Ghostly Armor","Rage","Exhume","Shrug It Off","Doubt","Limit Break","Anger+1","Inflame","Armaments","Shrug It Off","Enlightenment","Ghostly Armor+1","Spot Weakness+1","Combust","Anger+1","Shrug It Off+1","Flame Barrier+1","Flex+1"],"relics":["Burning Blood","Blue Candle","Lantern","Bronze Scales","Potion Belt","Sozu","Tiny Chest","Torii","Strawberry"],"potions_floor_usage":[5,16,16,23],"damage_taken":[{"damage":2,"enemies":"Small Slimes","floor":1,"turns":4},{"damage":3,"enemies":"Jaw Worm","floor":2,"turns":3},{"damage":0,"enemies":"Cultist","floor":3,"turns":2},{"damage":1,"enemies":"3 Louse","floor":5,"turns":3},{"damage":24,"enemies":"Gremlin Nob","floor":6,"turns":5},{"damage":0,"enemies":"Exordium Wildlife","floor":8,"turns":3},{"damage":9,"enemies":"Blue Slaver","floor":10,"turns":3},{"damage":15,"enemies":"3 Sentries","floor":11,"turns":7},{"damage":2,"enemies":"Large Slime","floor":12,"turns":5},{"damage":32,"enemies":"Gremlin Nob","floor":13,"turns":5},{"damage":29,"enemies":"Hexaghost","floor":16,"turns":9},{"damage":28,"enemies":"2 Thieves","floor":18,"turns":5},{"damage":12,"enemies":"Spheric Guardian","floor":21,"turns":3},{"damage":21,"enemies":"Snake Plant","floor":22,"turns":5},{"damage":13,"enemies":"Book of Stabbing","floor":23,"turns":5},{"damage":4,"enemies":"Chosen and Byrds","floor":25,"turns":4},{"damage":33,"enemies":"Centurion and Healer","floor":28,"turns":6},{"damage":22,"enemies":"Shelled Parasite and Fungi","floor":29,"turns":6},{"damage":10,"enemies":"Snake Plant","floor":30,"turns":3},{"damage":18,"enemies":"Centurion and Healer","floor":31,"turns":2}],"seed_played":"2630262907096040664","potions_obtained":[{"floor":2,"key":"Fire Potion"},{"floor":8,"key":"LiquidBronze"},{"floor":12,"key":"GamblersBrew"},{"floor":13,"key":"Swift Potion"}],"is_trial":false,"path_per_floor":["?","?","?"],"character_chosen":"IRONCLAD","items_purchased":["Shrug It Off","Inflame","Armaments","Shrug It Off","Enlightenment"],"campfire_rested":2,"item_purchase_floors":[4,20,20,20,20],"current_hp_per_floor":[80,80,80,80,80,62,62,68,68,65,56,60,34,34,58,35,80,58,58,58,52,37,30,54,56,63,63,36,20,16,0],"gold":347,"neow_bonus":"THREE_CARDS","is_prod":false,"is_daily":false,"chose_seed":false,"campfire_upgraded":1,"win_rate":0.0,"timestamp":1550800764,"path_taken":["M","M","M","$","M","E","R","M","T","M","E","M","E","?","R","BOSS","M","?","$","M","M","E","R","M","T","?","M","M","M","M"],"build_version":"2019-01-23","purchased_purges":1,"victory":false,"max_hp_per_floor":[80,80,80,80,80,80,80,80,80,80,80,80,80,80,80,80,80,80,80,80,80,80,80,80,80,87,87,87,87,87,87],"card_choices":[{"not_picked":["Armaments","Corruption"],"picked":"Anger","floor":0},{"not_picked":["Shrug It Off","Clothesline"],"picked":"Spot Weakness","floor":1},{"not_picked":["Cleave","Sword Boomerang"],"picked":"Anger","floor":2},{"not_picked":["Whirlwind","Havoc"],"picked":"Pummel","floor":3},{"not_picked":["Havoc","Shrug It Off"],"picked":"Flame Barrier","floor":5},{"not_picked":["Cleave","Perfected Strike"],"picked":"Searing Blow","floor":6},{"not_picked":["Uppercut","Thunderclap"],"picked":"Combust","floor":8},{"not_picked":["Blood for Blood","Armaments"],"picked":"Ghostly Armor","floor":10},{"not_picked":["Perfected Strike","Iron Wave"],"picked":"Rage","floor":11},{"not_picked":["Havoc","Iron Wave"],"picked":"Exhume","floor":12},{"not_picked":["Headbutt","Second Wind"],"picked":"Shrug It Off","floor":13},{"not_picked":["Offering","Bludgeon"],"picked":"Limit Break","floor":16},{"not_picked":["Cleave+1","Intimidate"],"picked":"Anger+1","floor":18},{"not_picked":["Evolve","Perfected Strike+1"],"picked":"Ghostly Armor+1","floor":21},{"not_picked":["Corruption","Cleave"],"picked":"Spot Weakness","floor":22},{"not_picked":["Feel No Pain","Uppercut"],"picked":"Combust","floor":23},{"not_picked":["Rampage+1","Blood for Blood"],"picked":"Anger+1","floor":25},{"not_picked":["Sword Boomerang","Bloodletting"],"picked":"Shrug It Off+1","floor":28},{"not_picked":["Wild Strike","Seeing Red"],"picked":"Flame Barrier+1","floor":29},{"not_picked":["Thunderclap","Evolve"],"picked":"Flex+1","floor":30}],"player_experience":152115,"relics_obtained":[{"floor":6,"key":"Blue Candle"},{"floor":9,"key":"Lantern"},{"floor":11,"key":"Bronze Scales"},{"floor":13,"key":"Potion Belt"},{"floor":23,"key":"Torii"},{"floor":26,"key":"Strawberry"}],"event_choices":[{"damage_healed":0,"gold_gain":175,"player_choice":"AGREE","damage_taken":0,"max_hp_gain":0,"max_hp_loss":0,"event_name":"Liars Game","floor":14,"gold_loss":0,"cards_obtained":["Doubt"]},{"damage_healed":0,"gold_gain":0,"player_choice":"Obtained Relic","damage_taken":0,"relics_obtained":["Tiny Chest"],"max_hp_gain":0,"max_hp_loss":0,"event_name":"Addict","floor":19,"gold_loss":85},{"damage_healed":0,"gold_gain":0,"player_choice":"Upgraded","damage_taken":0,"max_hp_gain":0,"max_hp_loss":0,"event_name":"Upgrade Shrine","floor":27,"gold_loss":0,"cards_upgraded":["Spot Weakness"]}],"is_beta":false,"boss_relics":[{"not_picked":["Calling Bell","Coffee Dripper"],"picked":"Sozu"}],"items_purged_floors":[4],"is_endless":false,"potions_floor_spawned":[2,8,12,13,21,22,30],"killed_by":"Centurion and Healer","ascension_level":0}