{"gold_per_floor":[113,63,76,93,93,127,127,152,175,203,203,203,55,55,55,55],"floor_reached":16,"playtime":1476,"items_purged":[],"score":233,"play_id":"6690c911-6953-40ce-b714-fc1a65cd6f95","local_time":"20190603203111","is_ascension_mode":true,"campfire_choices":[{"data":"Zap","floor":7.0,"key":"SMITH"},{"data":"Dualcast","floor":12,"key":"SMITH"},{"floor":15,"key":"REST"}],"neow_cost":"NONE","seed_source_timestamp":109896699148863,"circlet_count":0,"master_deck":["AscendersBane","Strike_B","Strike_B","Strike_B","Defend_B","Defend_B","Defend_B","Defend_B","Zap+1","Dualcast+1","Seek","Hello World","Conserve Battery","Streamline","Ball Lightning","Sweeping Beam","Coolheaded","Genetic Algorithm"],"special_seed":0,"relics":["Cracked Core","Dream Catcher","DataDisk","Darkstone Periapt","Orichalcum","Ancient Tea Set","Golden Idol","Anchor"],"potions_floor_usage":[],"damage_taken":[{"damage":2.0,"enemies":"Jaw Worm","floor":1.0,"turns":3.0},{"damage":2.0,"enemies":"2 Louse","floor":3.0,"turns":3.0},{"damage":0.0,"enemies":"Small Slimes","floor":4.0,"turns":3.0},{"damage":0.0,"enemies":"Lagavulin","floor":6.0,"turns":7.0},{"damage":25,"enemies":"3 Sentries","floor":8,"turns":5},{"damage":20,"enemies":"Gremlin Nob","floor":10,"turns":4},{"damage":32,"enemies":"Slime Boss","floor":16,"turns":5}],"seed_played":"-2190276941764051680","potions_obtained":[{"floor":1.0,"key":"FocusPotion"},{"floor":3.0,"key":"AttackPotion"},{"floor":4.0,"key":"Poison Potion"}],"is_trial":false,"path_per_floor":["M","?","M","M","?","E","R","E","T","E","?","R","$","?","R","B"],"character_chosen":"DEFECT","items_purchased":["Anchor"],"campfire_rested":1,"item_purchase_floors":[13],"current_hp_per_floor":[66,66,64,64,52,52,52,27,27,7,7,7,7,7,27,0],"gold":55,"neow_bonus":"ONE_RANDOM_RARE_CARD","is_prod":false,"is_daily":false,"chose_seed":false,"campfire_upgraded":2,"win_rate":0,"timestamp":1559574071,"path_taken":["M","?","M","M","?","E","R","E","T","E","?","R","?","?","R","BOSS"],"build_version":"2019-01-23","purchased_purges":0,"victory":false,"max_hp_per_floor":[75,75,75,75,75,75,75,75,75,75,69,69,69,69,69,69],"card_choices":[{"not_picked":["Coolheaded","Gash"],"picked":"Hello World","floor":1.0},{"not_picked":["Recycle","Tempest"],"picked":"Conserve Battery","floor":3.0},{"not_picked":["Hello World","Skim"],"picked":"Streamline","floor":4.0},{"not_picked":["Storm","Lockon"],"picked":"Ball Lightning","floor":6.0},{"not_picked":["Fusion","Gash"],"picked":"Sweeping Beam","floor":8},{"not_picked":["Redo","Steam"],"picked":"Coolheaded","floor":10},{"not_picked":["Turbo","Darkness"],"picked":"Genetic Algorithm","floor":15}],"player_experience":1155058,"relics_obtained":[{"floor":6.0,"key":"DataDisk"},{"floor":8,"key":"Darkstone Periapt"},{"floor":9,"key":"Orichalcum"},{"floor":10,"key":"Ancient Tea Set"}],"event_choices":[{"cards_removed":["Strike_B"],"damage_healed":0.0,"max_hp_gain":0.0,"max_hp_loss":0.0,"gold_gain":0.0,"event_name":"The Cleric","player_choice":"Card Removal","floor":2.0,"gold_loss":50.0,"damage_taken":0.0},{"damage_healed":0.0,"max_hp_gain":0.0,"max_hp_loss":0.0,"gold_gain":0.0,"event_name":"Scrap Ooze","player_choice":"Success","floor":5.0,"gold_loss":0.0,"damage_taken":12.0,"relics_obtained":["Dream Catcher"]},{"damage_healed":0,"gold_gain":0,"player_choice":"Lose Max HP","damage_taken":0,"relics_obtained":["Golden Idol"],"max_hp_gain":0,"max_hp_loss":6,"event_name":"Golden Idol","floor":11,"gold_loss":0},{"damage_healed":0,"gold_gain":0,"player_choice":"Ignored","damage_taken":0,"max_hp_gain":0,"max_hp_loss":0,"event_name":"Shining Light","floor":14,"gold_loss":0}],"is_beta":false,"boss_relics":[],"items_purged_floors":[],"is_endless":false,"potions_floor_spawned":[1,3,4],"killed_by":"Slime Boss","ascension_level":13}