{"gold_per_floor":[114,129,129,147,158,158,192,192,192,192,224,235,220],"floor_reached":13,"playtime":1356,"items_purged":[],"score":157,"play_id":"d0976ca9-a6d0-486d-a7e4-16b78f51ca0c","local_time":"20190603232149","is_ascension_mode":true,"campfire_choices":[{"data":"Zap","floor":6,"key":"SMITH"},{"data":"Dualcast","floor":8,"key":"SMITH"},{"data":"Hologram","floor":10,"key":"SMITH"}],"neow_cost":"NONE","seed_source_timestamp":120391462826342,"circlet_count":0,"master_deck":["AscendersBane","Strike_B","Strike_B","Strike_B","Strike_B","Defend_B+1","Defend_B","Defend_B+1","Defend_B","Zap+1","Dualcast+1","Cold Snap","Streamline","Ball Lightning","Hologram+1","All For One","Barrage","Consume+1"],"relics":["Cracked Core","Sundial","War Paint","Toxic Egg 2","Bird Faced Urn"],"potions_floor_usage":[2,7,7],"damage_taken":[{"damage":1,"enemies":"2 Louse","floor":1,"turns":2},{"damage":5,"enemies":"Jaw Worm","floor":2,"turns":3},{"damage":5,"enemies":"Small Slimes","floor":4,"turns":3},{"damage":5,"enemies":"2 Fungi Beasts","floor":5,"turns":3},{"damage":15,"enemies":"3 Sentries","floor":7,"turns":6},{"damage":27,"enemies":"Lagavulin","floor":11,"turns":5},{"damage":8,"enemies":"Exordium Wildlife","floor":12,"turns":4},{"damage":6,"enemies":"Looter","floor":13,"turns":1}],"seed_played":"16235402039192605","potions_obtained":[{"floor":2,"key":"Fruit Juice"},{"floor":4,"key":"EntropicBrew"},{"floor":12,"key":"Energy Potion"}],"is_trial":false,"path_per_floor":["M","M","?","M","M","R","E","R","T","R","E","M","M"],"character_chosen":"DEFECT","items_purchased":[],"campfire_rested":0,"item_purchase_floors":[],"current_hp_per_floor":[74,74,62,57,52,52,37,37,37,37,10,2,0],"gold":220,"neow_bonus":"TEN_PERCENT_HP_BONUS","is_prod":false,"is_daily":false,"chose_seed":false,"campfire_upgraded":3,"win_rate":0,"timestamp":1559584309,"path_taken":["M","M","?","M","M","R","E","R","T","R","E","M","M"],"build_version":"2019-01-23","purchased_purges":0,"victory":false,"max_hp_per_floor":[82,87,87,87,87,87,87,87,87,87,87,87,87],"card_choices":[{"not_picked":["Coolheaded","Compile Driver"],"picked":"Cold Snap","floor":1},{"not_picked":["Beam Cell","Turbo"],"picked":"Streamline","floor":2},{"not_picked":["Undo","Turbo"],"picked":"Ball Lightning","floor":4},{"not_picked":["Conserve Battery","Streamline"],"picked":"Hologram","floor":5},{"not_picked":["Aggregate","Cold Snap"],"picked":"All For One","floor":7},{"not_picked":["Hello World","Compile Driver"],"picked":"Barrage","floor":11},{"not_picked":["Go for the Eyes","Compile Driver"],"picked":"Consume+1","floor":12}],"player_experience":1163084,"relics_obtained":[{"floor":7,"key":"War Paint"},{"floor":9,"key":"Toxic Egg 2"},{"floor":11,"key":"Bird Faced Urn"}],"event_choices":[{"damage_healed":0,"gold_gain":0,"player_choice":"Success","damage_taken":12,"relics_obtained":["Sundial"],"max_hp_gain":0,"max_hp_loss":0,"event_name":"Scrap Ooze","floor":3,"gold_loss":0}],"is_beta":false,"boss_relics":[],"items_purged_floors":[],"is_endless":false,"potions_floor_spawned":[2,4,12],"killed_by":"Looter","ascension_level":13}