{"gold_per_floor":[119,119,119,188,238,238,269,269,269,279,290,290,415,18,18,116,116,129,139,189,239,303,332,342,266,266,276,49,64,214,227,227,227],"floor_reached":33,"playtime":1364,"items_purged":["Strike_R","Strike_R"],"score":419,"play_id":"efe124de-3ac2-47cf-b172-3003f548636a","local_time":"20190329010720","is_ascension_mode":true,"campfire_choices":[{"data":"Sword Boomerang","floor":6,"key":"SMITH"},{"data":"Battle Trance","floor":8,"key":"SMITH"},{"data":"Corruption","floor":12,"key":"SMITH"},{"data":"Immolate","floor":15,"key":"SMITH"},{"floor":32,"key":"REST"}],"neow_cost":"NONE","seed_source_timestamp":869858084253363,"circlet_count":0,"master_deck":["Strike_R","Defend_R","Defend_R","Defend_R","Defend_R+1","Bash+1","Sword Boomerang+1","Battle Trance+1","Corruption+1","Anger","Infernal Blade","Immolate+1","Impervious","Inflame","Shrug It Off","Burning Pact","Flex","Clothesline","Dual Wield","Dual Wield","Shrug It Off","Disarm+1","Armaments","Whirlwind","Evolve","Pummel","True Grit+1","Power Through","Feel No Pain"],"relics":["Burning Blood","NeowsBlessing","SsserpentHead","Orichalcum","Pear","Membership Card","Pen Nib","Orrery","Blood Vial","Bronze Scales","Strange Spoon","Bag of Preparation","Mango","Paper Frog"],"potions_floor_usage":[30,30,31,33],"damage_taken":[{"damage":0,"enemies":"2 Louse","floor":1,"turns":1},{"damage":0,"enemies":"Cultist","floor":4,"turns":1},{"damage":0,"enemies":"3 Sentries","floor":7,"turns":1},{"damage":2,"enemies":"Jaw Worm","floor":10,"turns":3},{"damage":13,"enemies":"3 Louse","floor":11,"turns":3},{"damage":22,"enemies":"Slime Boss","floor":16,"turns":7},{"damage":6,"enemies":"Chosen","floor":18,"turns":4},{"damage":16,"enemies":"Spheric Guardian","floor":19,"turns":4},{"damage":9,"enemies":"Centurion and Healer","floor":22,"turns":6},{"damage":12,"enemies":"Gremlin Leader","floor":23,"turns":6},{"damage":4,"enemies":"Cultist and Chosen","floor":24,"turns":5},{"damage":12,"enemies":"Snake Plant","floor":27,"turns":7},{"damage":16,"enemies":"Sentry and Sphere","floor":29,"turns":4},{"damage":35,"enemies":"Colosseum Slavers","floor":30,"turns":5},{"damage":24,"enemies":"Colosseum Nobs","floor":30,"turns":4},{"damage":10,"enemies":"Centurion and Healer","floor":31,"turns":9},{"damage":68,"enemies":"Champ","floor":33,"turns":9}],"seed_played":"5750670174026023161","potions_obtained":[{"floor":4,"key":"GamblersBrew"},{"floor":10,"key":"FearPotion"},{"floor":11,"key":"Energy Potion"},{"floor":27,"key":"PowerPotion"},{"floor":30,"key":"BloodPotion"}],"is_trial":false,"path_per_floor":["M","?","?","M","?","R","E","R","T","M","M","R","?","$","R","B",null,"M","M","?","?","M","E","M","$","T","M","$","M","?","M","R","B"],"character_chosen":"IRONCLAD","items_purchased":["Membership Card","Immolate","Pen Nib","Armaments","Evolve","Strange Spoon","Bag of Preparation","Pummel"],"campfire_rested":1,"item_purchase_floors":[14,14,14,25,28,28,28,28],"current_hp_per_floor":[78,71,71,77,61,61,67,67,77,81,74,74,63,63,63,47,79,79,69,69,69,66,60,64,64,64,60,60,52,23,31,62,0],"gold":227,"neow_bonus":"THREE_ENEMY_KILL","is_prod":false,"is_daily":false,"chose_seed":false,"campfire_upgraded":4,"win_rate":0,"timestamp":1553789240,"path_taken":["M","?","?","?","?","R","E","R","T","M","M","R","?","$","R","BOSS","M","M","?","?","?","E","M","$","T","M","$","M","?","M","R","BOSS"],"build_version":"2019-01-23","purchased_purges":2,"victory":false,"max_hp_per_floor":[80,80,80,80,80,80,80,80,90,90,90,90,90,90,90,90,90,90,90,90,90,90,90,90,90,90,90,90,90,104,104,104,104],"card_choices":[{"not_picked":["Perfected Strike","Clothesline"],"picked":"Sword Boomerang","floor":1},{"not_picked":["Dual Wield","Anger"],"picked":"Battle Trance","floor":4},{"not_picked":["Fire Breathing","Twin Strike"],"picked":"Corruption","floor":7},{"not_picked":["Thunderclap","Headbutt"],"picked":"Anger","floor":10},{"not_picked":["Heavy Blade","Pommel Strike"],"picked":"Infernal Blade","floor":11},{"not_picked":["Reaper","Immolate"],"picked":"Impervious","floor":16},{"not_picked":["Perfected Strike","Armaments"],"picked":"Inflame","floor":17},{"not_picked":["Clothesline","Fire Breathing"],"picked":"Shrug It Off","floor":17},{"not_picked":["True Grit","Sword Boomerang"],"picked":"Burning Pact","floor":17},{"not_picked":["Warcry","Intimidate"],"picked":"Flex","floor":17},{"not_picked":["Havoc","Dropkick"],"picked":"Clothesline","floor":18},{"not_picked":["Headbutt","Battle Trance"],"picked":"Dual Wield","floor":19},{"not_picked":["Rage","Thunderclap+1"],"picked":"Shrug It Off","floor":22},{"not_picked":["Combust+1","Bludgeon"],"picked":"Disarm+1","floor":23},{"not_picked":["Corruption","Clothesline","Cleave"],"picked":"SKIP","floor":24},{"not_picked":["Sword Boomerang+1","Inflame"],"picked":"Whirlwind","floor":27},{"not_picked":["Clash+1","Havoc"],"picked":"True Grit+1","floor":29},{"not_picked":["Headbutt+1","Perfected Strike"],"picked":"Power Through","floor":30},{"not_picked":["Headbutt","Uppercut+1"],"picked":"Feel No Pain","floor":31}],"player_experience":390190,"relics_obtained":[{"floor":7,"key":"Orichalcum"},{"floor":9,"key":"Pear"},{"floor":23,"key":"Blood Vial"},{"floor":26,"key":"Bronze Scales"},{"floor":30,"key":"Mango"},{"floor":30,"key":"Paper Frog"}],"event_choices":[{"cards_removed":["Strike_R"],"damage_healed":0,"gold_gain":0,"player_choice":"Card Removal","damage_taken":7,"max_hp_gain":0,"max_hp_loss":0,"event_name":"Golden Wing","floor":2,"gold_loss":0},{"damage_healed":0,"gold_gain":0,"player_choice":"Trade","damage_taken":0,"relics_obtained":["SsserpentHead"],"max_hp_gain":0,"max_hp_loss":0,"event_name":"FaceTrader","floor":3,"gold_loss":0},{"damage_healed":0,"gold_gain":0,"player_choice":"Entered Light","damage_taken":16,"max_hp_gain":0,"max_hp_loss":0,"event_name":"Shining Light","floor":5,"gold_loss":0,"cards_upgraded":["Defend_R","Bash"]},{"damage_healed":0,"gold_gain":75,"player_choice":"Gather Gold","damage_taken":11,"max_hp_gain":0,"max_hp_loss":0,"event_name":"World of Goop","floor":13,"gold_loss":0},{"damage_healed":0,"gold_gain":0,"player_choice":"Read","damage_taken":0,"max_hp_gain":0,"max_hp_loss":0,"event_name":"The Library","floor":20,"gold_loss":0,"cards_obtained":["Dual Wield"]},{"cards_removed":["Strike_R"],"damage_healed":0,"gold_gain":0,"player_choice":"Offered Basic","damage_taken":0,"max_hp_gain":0,"max_hp_loss":0,"event_name":"Bonfire Elementals","floor":21,"gold_loss":0},{"damage_healed":0,"gold_gain":0,"player_choice":"Fight","damage_taken":0,"max_hp_gain":0,"max_hp_loss":0,"event_name":"Colosseum","floor":30,"gold_loss":0},{"damage_healed":0,"gold_gain":0,"player_choice":"Fought Nobs","damage_taken":0,"max_hp_gain":0,"max_hp_loss":0,"event_name":"Colosseum","floor":30,"gold_loss":0}],"is_beta":false,"boss_relics":[{"not_picked":["Tiny House","Ectoplasm"],"picked":"Orrery"}],"items_purged_floors":[14,25],"is_endless":false,"potions_floor_spawned":[4,10,11,22,27,30,30],"killed_by":"Champ","ascension_level":7}