{"gold_per_floor":[115,115,134,148,165,194,216,228,288,311,335,347,389,420,432,540,552,579,142,142,142,153,153,166,176,176,176,187,206,206,121,121,225,225,235,254,266,115,128,128,162,178,203,203,303,303,334,344,344,344],"floor_reached":50,"playtime":5160,"items_purged":["Strike_B"],"score":620,"play_id":"f29b1305-e50e-4038-b298-412e4c9bf9e8","local_time":"20190501195643","is_ascension_mode":false,"campfire_choices":[{"data":"Chaos","floor":8,"key":"SMITH"},{"data":"Consume","floor":12,"key":"SMITH"},{"floor":15,"key":"REST"},{"floor":23,"key":"REST"},{"floor":27,"key":"REST"},{"data":"Seek","floor":30,"key":"SMITH"},{"data":"Blizzard","floor":32,"key":"SMITH"},{"floor":40,"key":"REST"},{"floor":46,"key":"RECALL"},{"data":"Fission","floor":49,"key":"SMITH"}],"neow_cost":"NONE","seed_source_timestamp":1118478454813842,"circlet_count":0,"master_deck":["Strike_B","Strike_B","Defend_B","Defend_B","Defend_B","Defend_B","Zap","Dualcast","Coolheaded","Doom and Gloom","Blizzard+1","Blizzard","Chaos+1","Seek+1","Consume+1","Turbo","Conserve Battery","Chill","Self Repair+1","Echo Form+1","Static Discharge+1","Coolheaded","Conserve Battery","Echo Form+1","Necronomicurse","RitualDagger","Doom and Gloom","Glacier","Chill","Creative AI+1","Creative AI+1","Capacitor+1","Skim","Fission+1","Self Repair+1","Injury"],"relics":["Cracked Core","Bronze Scales","MawBank","Anchor","Frozen Egg 2","Sozu","DollysMirror","Necronomicon","Vajra","Cursed Key","Torii","Art of War","Ice Cream","Sundial"],"potions_floor_usage":[5,6,13,16],"damage_taken":[{"damage":0,"enemies":"2 Louse","floor":1,"turns":2},{"damage":2,"enemies":"Small Slimes","floor":3,"turns":3},{"damage":4,"enemies":"Jaw Worm","floor":4,"turns":4},{"damage":1,"enemies":"Large Slime","floor":5,"turns":2},{"damage":5,"enemies":"Gremlin Nob","floor":6,"turns":3},{"damage":7,"enemies":"Exordium Wildlife","floor":7,"turns":2},{"damage":3,"enemies":"2 Fungi Beasts","floor":10,"turns":3},{"damage":1,"enemies":"Exordium Thugs","floor":11,"turns":3},{"damage":20,"enemies":"Lagavulin","floor":13,"turns":6},{"damage":3,"enemies":"Red Slaver","floor":14,"turns":2},{"damage":19,"enemies":"Slime Boss","floor":16,"turns":9},{"damage":7,"enemies":"Shell Parasite","floor":18,"turns":7},{"damage":23,"enemies":"2 Thieves","floor":22,"turns":3},{"damage":0,"enemies":"Chosen and Byrds","floor":24,"turns":4},{"damage":23,"enemies":"Shelled Parasite and Fungi","floor":25,"turns":3},{"damage":0,"enemies":"Snake Plant","floor":28,"turns":4},{"damage":4,"enemies":"Cultist and Chosen","floor":29,"turns":4},{"damage":0,"enemies":"Collector","floor":33,"turns":12},{"damage":5,"enemies":"3 Shapes","floor":35,"turns":7},{"damage":5,"enemies":"Orb Walker","floor":36,"turns":3},{"damage":5,"enemies":"Maw","floor":37,"turns":7},{"damage":36,"enemies":"Spire Growth","floor":39,"turns":5},{"damage":9,"enemies":"Nemesis","floor":41,"turns":7},{"damage":21,"enemies":"Writhing Mass","floor":42,"turns":6},{"damage":0,"enemies":"Mind Bloom Boss Battle","floor":45,"turns":11},{"damage":9,"enemies":"Giant Head","floor":47,"turns":7},{"damage":9,"enemies":"4 Shapes","floor":48,"turns":4},{"damage":67,"enemies":"Time Eater","floor":50,"turns":7}],"seed_played":"-2030534015650390364","potions_obtained":[{"floor":3,"key":"AttackPotion"},{"floor":4,"key":"GamblersBrew"},{"floor":5,"key":"Regen Potion"},{"floor":6,"key":"SpeedPotion"},{"floor":13,"key":"Fire Potion"}],"is_trial":false,"path_per_floor":["?","?","?","?","?","?"],"character_chosen":"DEFECT","items_purchased":["Static Discharge+1","Coolheaded","Conserve Battery","DollysMirror","Fission"],"campfire_rested":4,"item_purchase_floors":[19,19,19,19,38],"current_hp_per_floor":[75,75,73,69,68,63,56,56,56,53,52,52,46,43,65,56,75,75,75,59,53,30,52,62,39,39,61,75,75,75,75,75,75,75,75,70,65,65,49,71,72,51,51,51,75,75,75,66,66,0],"gold":344,"neow_bonus":"RANDOM_COMMON_RELIC","is_prod":false,"is_daily":false,"chose_seed":false,"campfire_upgraded":5,"win_rate":0,"timestamp":1556755003,"path_taken":["M","?","M","M","M","E","M","R","T","M","M","R","E","M","R","BOSS","M","$","?","?","M","R","M","M","T","R","M","M","R","?","R","BOSS","M","M","M","$","M","R","E","M","T","?","?","R","E","M","R","BOSS"],"build_version":"2019-01-23","purchased_purges":1,"victory":false,"max_hp_per_floor":[75,75,75,75,75,75,75,75,75,75,75,75,75,75,75,75,75,75,75,75,75,75,75,75,75,75,75,75,75,75,75,75,75,75,75,75,75,75,75,75,75,75,75,75,75,75,75,75,75,75],"card_choices":[{"not_picked":["Streamline","Sweeping Beam"],"picked":"Coolheaded","floor":1},{"not_picked":["Stack","Gash"],"picked":"Blizzard","floor":3},{"not_picked":["Go for the Eyes","Skim"],"picked":"Blizzard","floor":4},{"not_picked":["Steam Power","Leap"],"picked":"Chaos","floor":5},{"not_picked":["Gash","BootSequence"],"picked":"Seek","floor":6},{"not_picked":["Ball Lightning","Reinforced Body"],"picked":"Consume","floor":7},{"not_picked":["Compile Driver","Storm"],"picked":"Turbo","floor":10},{"not_picked":["Darkness","Tempest"],"picked":"Conserve Battery","floor":11},{"not_picked":["Sunder","Turbo"],"picked":"Chill","floor":13},{"not_picked":["Hello World+1","Rip and Tear"],"picked":"Self Repair+1","floor":14},{"not_picked":["Core Surge","Reboot"],"picked":"Echo Form+1","floor":16},{"not_picked":["Recycle","Leap+1","Ball Lightning"],"picked":"SKIP","floor":18},{"not_picked":["Tempest","Compile Driver","Leap"],"picked":"SKIP","floor":22},{"not_picked":["Lockon","Barrage"],"picked":"Doom and Gloom","floor":24},{"not_picked":["Redo","Melter"],"picked":"Glacier","floor":25},{"not_picked":["Streamline","Aggregate"],"picked":"Chill","floor":28},{"not_picked":["Steam","Heatsinks+1"],"picked":"Creative AI+1","floor":29},{"not_picked":["Core Surge","Thunder Strike"],"picked":"Creative AI+1","floor":33},{"not_picked":["Aggregate+1","Beam Cell"],"picked":"Capacitor+1","floor":35},{"not_picked":["Hologram+1","Coolheaded","Streamline+1"],"picked":"SKIP","floor":36},{"not_picked":["Cold Snap","Coolheaded"],"picked":"Skim","floor":37},{"not_picked":["Turbo+1","Stack+1","Hologram"],"picked":"SKIP","floor":39},{"not_picked":["Thunder Strike","Core Surge","BootSequence"],"picked":"SKIP","floor":41},{"not_picked":["White Noise","Redo+1"],"picked":"Self Repair+1","floor":42},{"not_picked":["Reinforced Body","Scrape+1","Recycle+1"],"picked":"SKIP","floor":47},{"not_picked":["Self Repair+1","Go for the Eyes","FTL+1"],"picked":"SKIP","floor":48}],"player_experience":450061,"relics_obtained":[{"floor":6,"key":"MawBank"},{"floor":9,"key":"Anchor"},{"floor":13,"key":"Frozen Egg 2"},{"floor":20,"key":"Necronomicon"},{"floor":41,"key":"Torii"},{"floor":43,"key":"Art of War"},{"floor":45,"key":"Ice Cream"},{"floor":47,"key":"Sundial"}],"event_choices":[{"damage_healed":0,"gold_gain":0,"cards_transformed":["Strike_B"],"player_choice":"Change","damage_taken":0,"max_hp_gain":0,"max_hp_loss":0,"event_name":"Living Wall","floor":2,"gold_loss":0,"cards_obtained":["Doom and Gloom"]},{"damage_healed":0,"gold_gain":0,"player_choice":"Obtained Book","damage_taken":16,"max_hp_gain":0,"max_hp_loss":0,"event_name":"Cursed Tome","floor":20,"gold_loss":0},{"damage_healed":0,"gold_gain":0,"player_choice":"Joined the Cult","damage_taken":6,"max_hp_gain":0,"max_hp_loss":0,"event_name":"Nest","floor":21,"gold_loss":0,"cards_obtained":["RitualDagger"]},{"damage_healed":0,"gold_gain":0,"player_choice":"Obtained Relic","damage_taken":0,"relics_obtained":["Vajra"],"max_hp_gain":0,"max_hp_loss":0,"event_name":"Addict","floor":31,"gold_loss":85},{"damage_healed":0,"gold_gain":0,"player_choice":"Memory 1","damage_taken":0,"max_hp_gain":0,"max_hp_loss":0,"event_name":"SensoryStone","floor":44,"gold_loss":0},{"damage_healed":0,"gold_gain":0,"player_choice":"Fight","damage_taken":0,"max_hp_gain":0,"max_hp_loss":0,"event_name":"MindBloom","floor":45,"gold_loss":0}],"is_beta":false,"boss_relics":[{"not_picked":["Empty Cage","Snecko Eye"],"picked":"Sozu"},{"not_picked":["Calling Bell","Black Star"],"picked":"Cursed Key"}],"items_purged_floors":[19],"is_endless":false,"potions_floor_spawned":[3,4,5,6,13,18,22,25,33,36,37,45,47],"killed_by":"Time Eater","ascension_level":0}