{"gold_per_floor":[217,232,182,13,26,51,51,226,249,249,249,267,298,308,308,413,413,423,434,271,271,271,297,297,310,335,353,353],"floor_reached":28,"playtime":2051,"items_purged":["Strike_B"],"score":298,"play_id":"30830403-8d15-4f8a-82e6-2011a619ed45","local_time":"20190402192223","is_ascension_mode":true,"campfire_choices":[{"floor":7.0,"key":"REST"},{"data":"Static Discharge","floor":10.0,"key":"SMITH"},{"floor":15.0,"key":"REST"},{"floor":24.0,"key":"REST"}],"neow_cost":"NONE","seed_source_timestamp":0,"circlet_count":0,"master_deck":["Strike_B","Strike_B","Defend_B","Defend_B","Defend_B","Defend_B","Zap","Dualcast","Static Discharge+1","Cold Snap","Streamline","Turbo","Double Energy","Storm","Static Discharge","Force Field","Buffer","Chaos","Biased Cognition","Stack","Glacier+1","Force Field","Defragment","Decay","Buffer","Streamline","Stack","Fission"],"special_seed":0,"relics":["Cracked Core","Ancient Tea Set","Smiling Mask","Pantograph","Sozu","Dream Catcher","Oddly Smooth Stone"],"potions_floor_usage":[],"damage_taken":[{"damage":2.0,"enemies":"2 Louse","floor":1.0,"turns":2.0},{"damage":8.0,"enemies":"Jaw Worm","floor":2.0,"turns":4.0},{"damage":1.0,"enemies":"Cultist","floor":5.0,"turns":3.0},{"damage":18.0,"enemies":"3 Sentries","floor":6.0,"turns":6.0},{"damage":16.0,"enemies":"3 Louse","floor":12.0,"turns":2.0},{"damage":30.0,"enemies":"Gremlin Nob","floor":13.0,"turns":3.0},{"damage":10.0,"enemies":"Lots of Slimes","floor":14.0,"turns":2.0},{"damage":19.0,"enemies":"Slime Boss","floor":16.0,"turns":10.0},{"damage":12.0,"enemies":"2 Thieves","floor":18.0,"turns":3.0},{"damage":15.0,"enemies":"Shell Parasite","floor":19.0,"turns":4.0},{"damage":10.0,"enemies":"Gremlin Leader","floor":23.0,"turns":8.0},{"damage":17.0,"enemies":"Chosen and Byrds","floor":25.0,"turns":3.0},{"damage":15.0,"enemies":"Snake Plant","floor":27.0,"turns":2.0},{"damage":6,"enemies":"3 Cultists","floor":28,"turns":3}],"seed_played":"4147041241803032393","potions_obtained":[{"floor":5.0,"key":"GamblersBrew"},{"floor":12.0,"key":"Poison Potion"},{"floor":14.0,"key":"Swift Potion"},{"floor":16.0,"key":"FearPotion"}],"is_trial":false,"path_per_floor":["?","?","?","?","?","M"],"character_chosen":"DEFECT","items_purchased":["Streamline","Turbo","Double Energy","Force Field","Defragment"],"campfire_rested":3,"item_purchase_floors":[4,4,4,20,20],"current_hp_per_floor":[73,65,65,65,64,46,68,68,68,68,68,52,22,12,34,40,75,63,48,48,48,48,38,60,43,43,28,22],"gold":353,"neow_bonus":"HUNDRED_GOLD","is_prod":false,"is_daily":false,"chose_seed":false,"campfire_upgraded":1,"win_rate":0,"timestamp":1554247343,"path_taken":["M","M","?","$","M","E","R","?","T","R","?","M","E","M","R","BOSS","M","M","$","?","?","E","R","M","T","?","M"],"build_version":"2019-01-23","purchased_purges":1,"victory":false,"max_hp_per_floor":[75,75,75,75,75,75,75,75,75,75,75,75,75,75,75,75,75,75,75,75,75,75,75,75,75,75,75,75],"card_choices":[{"not_picked":["Beam Cell","Sweeping Beam"],"picked":"Static Discharge","floor":1.0},{"not_picked":["Rip and Tear","Rebound"],"picked":"Cold Snap","floor":2.0},{"not_picked":["Stack","Tempest"],"picked":"Storm","floor":5.0},{"not_picked":["Cold Snap","Coolheaded"],"picked":"Static Discharge","floor":6.0},{"not_picked":["Turbo","Barrage"],"picked":"Force Field","floor":12.0},{"not_picked":["Conserve Battery","Sweeping Beam"],"picked":"Buffer","floor":13.0},{"not_picked":["Conserve Battery","Coolheaded"],"picked":"Chaos","floor":14.0},{"not_picked":["Machine Learning","Multi-Cast"],"picked":"Biased Cognition","floor":16.0},{"not_picked":["Rebound","Cold Snap"],"picked":"Stack","floor":18.0},{"not_picked":["Aggregate","Reprogram"],"picked":"Glacier+1","floor":19.0},{"not_picked":["Rebound","Coolheaded","Go for the Eyes"],"picked":"SKIP","floor":23.0},{"not_picked":["Skim","Scrape"],"picked":"Streamline","floor":24.0},{"not_picked":["Beam Cell","Gash"],"picked":"Stack","floor":25.0},{"not_picked":["Turbo","Capacitor"],"picked":"Fission","floor":27.0}],"player_experience":352712,"relics_obtained":[{"floor":6.0,"key":"Ancient Tea Set"},{"floor":9.0,"key":"Smiling Mask"},{"floor":13.0,"key":"Pantograph"},{"floor":23.0,"key":"Dream Catcher"},{"floor":26.0,"key":"Oddly Smooth Stone"}],"event_choices":[{"cards_removed":["Strike_B"],"damage_healed":0.0,"max_hp_gain":0.0,"max_hp_loss":0.0,"gold_gain":0.0,"event_name":"The Cleric","player_choice":"Card Removal","floor":3.0,"gold_loss":50.0,"damage_taken":0.0},{"damage_healed":0.0,"max_hp_gain":0.0,"max_hp_loss":0.0,"gold_gain":175.0,"event_name":"Liars Game","player_choice":"AGREE","floor":8.0,"gold_loss":0.0,"damage_taken":0.0,"cards_obtained":["Doubt"]},{"cards_removed":["Doubt"],"damage_healed":0.0,"max_hp_gain":0.0,"max_hp_loss":0.0,"gold_gain":0.0,"event_name":"Fountain of Cleansing","player_choice":"Removed Curses","floor":11.0,"gold_loss":0.0,"damage_taken":0.0},{"damage_healed":0.0,"max_hp_gain":0.0,"max_hp_loss":0.0,"gold_gain":0.0,"event_name":"Forgotten Altar","player_choice":"Smashed Altar","floor":21.0,"gold_loss":0.0,"damage_taken":0.0,"cards_obtained":["Decay"]},{"damage_healed":0.0,"max_hp_gain":0.0,"max_hp_loss":0.0,"gold_gain":0.0,"event_name":"Duplicator","player_choice":"Copied","floor":22.0,"gold_loss":0.0,"damage_taken":0.0,"cards_obtained":["Buffer"]}],"is_beta":false,"boss_relics":[{"not_picked":["Orrery","Eternal Feather"],"picked":"Sozu"}],"items_purged_floors":[20],"is_endless":false,"potions_floor_spawned":[5,12,14,16,18,25],"killed_by":"3 Cultists","ascension_level":4}