{"gold_per_floor":[113,132,132,57,73,73,83,83,83,103,31,31,44,61,61,158,158,176,196,206,166,114,114,130,146,192,222,234,221,240,253,253,357,357,367,367,380,24,36,36,136,146,146,175,189,189,189,1,1,1],"floor_reached":51,"playtime":3648,"items_purged":["Pain","Strike_B"],"score":650,"play_id":"979513ef-6d33-4efe-98cd-b7e565740808","local_time":"20190505101424","is_ascension_mode":false,"campfire_choices":[{"data":"Doom and Gloom","floor":6,"key":"SMITH"},{"data":"Defragment","floor":8,"key":"SMITH"},{"data":"Seek","floor":12,"key":"SMITH"},{"data":"Streamline","floor":15,"key":"SMITH"},{"data":"Defragment","floor":23,"key":"SMITH"},{"data":"Defragment","floor":28,"key":"SMITH"},{"floor":32,"key":"REST"},{"data":"Rainbow","floor":40,"key":"SMITH"},{"floor":46,"key":"REST"},{"data":"Mayhem","floor":49,"key":"SMITH"}],"neow_cost":"NONE","seed_source_timestamp":226895944840205,"circlet_count":0,"master_deck":["Defend_B","Defend_B","Defend_B","Zap+1","Dualcast","Machine Learning","Gash","Cold Snap","Doom and Gloom+1","Defragment+1","Conserve Battery+1","Seek+1","Meteor Strike","Streamline+1","Electrodynamics","Sweeping Beam+1","Reboot+1","Core Surge+1","Defragment+1","Coolheaded","Cold Snap","Coolheaded","Glacier+1","Defragment+1","Blizzard","Streamline","Cold Snap","Ball Lightning","Rainbow+1","Conserve Battery+1","Turbo+1","Parasite","Steam Power+1","Fusion+1","Redo+1","Mayhem+1"],"relics":["Cracked Core","WarpedTongs","Thread and Needle","Astrolabe","MawBank","Sozu","Pantograph","Prayer Wheel","Dodecahedron","Calipers"],"potions_floor_usage":[14,16,25,31,33],"damage_taken":[{"damage":0,"enemies":"2 Louse","floor":1,"turns":2},{"damage":1,"enemies":"Cultist","floor":2,"turns":4},{"damage":0,"enemies":"Small Slimes","floor":5,"turns":4},{"damage":4,"enemies":"Blue Slaver","floor":7,"turns":4},{"damage":0,"enemies":"Large Slime","floor":10,"turns":4},{"damage":0,"enemies":"Looter","floor":13,"turns":3},{"damage":3,"enemies":"Exordium Wildlife","floor":14,"turns":4},{"damage":6,"enemies":"Slime Boss","floor":16,"turns":11},{"damage":11,"enemies":"3 Byrds","floor":18,"turns":2},{"damage":0,"enemies":"Spheric Guardian","floor":19,"turns":4},{"damage":14,"enemies":"Snake Plant","floor":20,"turns":4},{"damage":8,"enemies":"Centurion and Healer","floor":24,"turns":4},{"damage":0,"enemies":"Shelled Parasite and Fungi","floor":25,"turns":7},{"damage":0,"enemies":"Cultist and Chosen","floor":27,"turns":5},{"damage":17,"enemies":"Snake Plant","floor":30,"turns":4},{"damage":0,"enemies":"Centurion and Healer","floor":31,"turns":5},{"damage":7,"enemies":"Champ","floor":33,"turns":13},{"damage":3,"enemies":"Orb Walker","floor":35,"turns":4},{"damage":8,"enemies":"3 Shapes","floor":37,"turns":3},{"damage":10,"enemies":"3 Darklings","floor":39,"turns":4},{"damage":0,"enemies":"Mind Bloom Boss Battle","floor":41,"turns":3},{"damage":1,"enemies":"Writhing Mass","floor":42,"turns":6},{"damage":8,"enemies":"Reptomancer","floor":44,"turns":6},{"damage":0,"enemies":"Sphere and 2 Shapes","floor":45,"turns":3},{"damage":36,"enemies":"Time Eater","floor":50,"turns":12}],"seed_played":"5773349631178190284","potions_obtained":[{"floor":5,"key":"Dexterity Potion"},{"floor":7,"key":"Block Potion"},{"floor":13,"key":"SkillPotion"},{"floor":14,"key":"Poison Potion"},{"floor":18,"key":"Energy Potion"},{"floor":27,"key":"FocusPotion"}],"is_trial":false,"path_per_floor":["?","$","?","M","?","?","?"],"character_chosen":"DEFECT","items_purchased":["Seek","Coolheaded","Streamline","Pantograph","Mayhem"],"campfire_rested":2,"item_purchase_floors":[11,22,29,38,48],"current_hp_per_floor":[75,74,74,74,74,74,70,70,70,70,70,70,70,67,67,61,75,64,64,50,50,50,50,42,42,42,42,42,42,25,25,47,40,75,72,72,64,64,54,54,75,74,74,66,66,75,75,75,75,39],"gold":1,"neow_bonus":"ONE_RANDOM_RARE_CARD","is_prod":false,"is_daily":false,"chose_seed":false,"campfire_upgraded":8,"win_rate":0,"timestamp":1557065664,"path_taken":["M","M","?","$","M","R","M","R","T","M","?","R","M","M","R","BOSS","M","M","M","?","$","R","M","M","T","?","R","$","M","M","R","BOSS","M","?","M","$","M","R","?","M","T","E","M","R","?","$","R","BOSS"],"build_version":"2019-01-23","purchased_purges":2,"victory":true,"max_hp_per_floor":[75,75,75,75,75,75,75,75,75,75,75,75,75,75,75,75,75,75,75,75,75,75,75,75,75,75,75,75,75,75,75,75,75,75,75,75,75,75,75,75,75,75,75,75,75,75,75,75,75,75],"card_choices":[{"not_picked":["Steam","Barrage"],"picked":"Gash","floor":1},{"not_picked":["Coolheaded","Streamline"],"picked":"Cold Snap","floor":2},{"not_picked":["Static Discharge","Rebound"],"picked":"Doom and Gloom","floor":5},{"not_picked":["FTL","Undo"],"picked":"Defragment","floor":7},{"not_picked":["Blizzard","Leap"],"picked":"Conserve Battery","floor":10},{"not_picked":["Rebound","Sunder"],"picked":"Meteor Strike","floor":13},{"not_picked":["Rebound","Stack"],"picked":"Streamline","floor":14},{"not_picked":["Machine Learning","Core Surge"],"picked":"Electrodynamics","floor":16},{"not_picked":["Redo+1","Double Energy"],"picked":"Defragment","floor":18},{"not_picked":["Hologram","Reinforced Body"],"picked":"Coolheaded","floor":19},{"not_picked":["Compile Driver+1","Machine Learning"],"picked":"Cold Snap","floor":20},{"not_picked":["Cold Snap","Hologram"],"picked":"Glacier+1","floor":24},{"not_picked":["Cold Snap","Lockon"],"picked":"Defragment","floor":25},{"not_picked":["Chill","Barrage"],"picked":"Blizzard","floor":27},{"not_picked":["Beam Cell","Steam+1"],"picked":"Cold Snap","floor":30},{"not_picked":["Darkness","Melter"],"picked":"Ball Lightning","floor":31},{"not_picked":["Electrodynamics","Core Surge"],"picked":"Rainbow","floor":33},{"not_picked":["Rip and Tear+1","Compile Driver+1"],"picked":"Conserve Battery+1","floor":35},{"not_picked":["Steam Power","Cold Snap+1"],"picked":"Turbo+1","floor":37},{"not_picked":["Leap","Steam Power","Blizzard"],"picked":"SKIP","floor":39},{"not_picked":["Redo","Coolheaded+1"],"picked":"Steam Power+1","floor":42},{"not_picked":["Streamline","Gash","Hologram"],"picked":"SKIP","floor":42},{"not_picked":["Hologram","Compile Driver+1"],"picked":"Fusion+1","floor":44},{"not_picked":["Tempest+1","Buffer"],"picked":"Redo+1","floor":45},{"not_picked":["Conserve Battery+1","Streamline","Force Field+1"],"picked":"SKIP","floor":45}],"player_experience":485848,"relics_obtained":[{"floor":9,"key":"Thread and Needle"},{"floor":26,"key":"MawBank"},{"floor":41,"key":"Prayer Wheel"},{"floor":43,"key":"Dodecahedron"},{"floor":44,"key":"Calipers"}],"event_choices":[{"damage_healed":0,"gold_gain":0,"player_choice":"Rummage","damage_taken":0,"relics_obtained":["WarpedTongs"],"max_hp_gain":0,"max_hp_loss":0,"event_name":"Accursed Blacksmith","floor":3,"gold_loss":0,"cards_obtained":["Pain"]},{"damage_healed":0,"gold_gain":0,"player_choice":"Upgraded Two","damage_taken":0,"max_hp_gain":0,"max_hp_loss":0,"event_name":"Designer","floor":21,"gold_loss":40,"cards_upgraded":["Zap","Conserve Battery"]},{"damage_healed":0,"gold_gain":0,"player_choice":"Ignored","damage_taken":0,"max_hp_gain":0,"max_hp_loss":0,"event_name":"Tomb of Lord Red Mask","floor":36,"gold_loss":0},{"damage_healed":0,"gold_gain":0,"player_choice":"Fight","damage_taken":0,"max_hp_gain":0,"max_hp_loss":0,"event_name":"MindBloom","floor":41,"gold_loss":0},{"cards_removed":["Defend_B"],"damage_healed":0,"gold_gain":0,"player_choice":"Removed Skill","damage_taken":0,"max_hp_gain":0,"max_hp_loss":0,"event_name":"Falling","floor":47,"gold_loss":0}],"is_beta":false,"boss_relics":[{"not_picked":["Busted Crown","Black Star"],"picked":"Astrolabe"},{"not_picked":["Lizard Tail","Tiny House"],"picked":"Sozu"}],"items_purged_floors":[4,38],"is_endless":false,"potions_floor_spawned":[5,7,13,14,18,20,24,27,35,37,45],"ascension_level":0}