{"gold_per_floor":[116,66,77,91,110,110,110,84,84,84,95,95,111,111,111,215,215,229,47,47,61,73,73],"floor_reached":23,"playtime":1282,"items_purged":[],"score":233,"play_id":"196266c2-17c9-4fde-a523-2f3a20946ff8","local_time":"20190419181452","is_ascension_mode":false,"campfire_choices":[{"data":"Zap","floor":6,"key":"SMITH"},{"data":"Dualcast","floor":10,"key":"SMITH"},{"data":"Gash","floor":15,"key":"SMITH"}],"neow_cost":"TEN_PERCENT_HP_LOSS","seed_source_timestamp":79670928731012,"circlet_count":0,"master_deck":["Defend_B","Defend_B","Defend_B+1","Zap+1","Dualcast+1","Sunder","All For One+1","Cold Snap","Cold Snap","White Noise","Auto Shields","Sweeping Beam","Conserve Battery","Gash+1","Electrodynamics","Redo+1","Metamorphosis","Hologram","Lockon","Go for the Eyes","Redo"],"relics":["Cracked Core","Darkstone Periapt","Pear","Cursed Key"],"potions_floor_usage":[16],"damage_taken":[{"damage":1,"enemies":"Jaw Worm","floor":1,"turns":3},{"damage":0,"enemies":"Small Slimes","floor":3,"turns":3},{"damage":0,"enemies":"2 Louse","floor":4,"turns":2},{"damage":5,"enemies":"Looter","floor":5,"turns":2},{"damage":0,"enemies":"Lots of Slimes","floor":11,"turns":2},{"damage":1,"enemies":"Red Slaver","floor":13,"turns":3},{"damage":0,"enemies":"Slime Boss","floor":16,"turns":5},{"damage":16,"enemies":"Shell Parasite","floor":18,"turns":4},{"damage":11,"enemies":"Spheric Guardian","floor":21,"turns":6},{"damage":6,"enemies":"Shelled Parasite and Fungi","floor":22,"turns":5},{"damage":48,"enemies":"Slavers","floor":23,"turns":3}],"seed_played":"7357979483146511100","potions_obtained":[{"floor":4,"key":"SpeedPotion"},{"floor":5,"key":"Fire Potion"},{"floor":21,"key":"Poison Potion"},{"floor":22,"key":"FearPotion"}],"is_trial":false,"path_per_floor":["?","?","T","M","T","?"],"character_chosen":"DEFECT","items_purchased":["Sweeping Beam","Metamorphosis"],"campfire_rested":0,"item_purchase_floors":[8,19],"current_hp_per_floor":[67,67,67,67,62,62,48,48,48,48,48,48,47,57,57,57,78,62,62,62,51,45,0],"gold":73,"neow_bonus":"TRANSFORM_TWO_CARDS","is_prod":false,"is_daily":false,"chose_seed":false,"campfire_upgraded":3,"win_rate":0,"timestamp":1555712092,"path_taken":["M","?","M","M","M","R","?","$","T","R","M","?","?","?","R","BOSS","M","$","?","M","M","E"],"build_version":"2019-01-23","purchased_purges":0,"victory":false,"max_hp_per_floor":[68,68,68,68,68,68,68,68,68,68,68,68,68,78,78,78,78,78,78,78,78,78,78],"card_choices":[{"not_picked":["Streamline","Doom and Gloom"],"picked":"Cold Snap","floor":1},{"not_picked":["Streamline","Compile Driver"],"picked":"Cold Snap","floor":3},{"not_picked":["Steam","Leap"],"picked":"White Noise","floor":4},{"not_picked":["Leap","Steam"],"picked":"Auto Shields","floor":5},{"not_picked":["Go for the Eyes","Sweeping Beam"],"picked":"Conserve Battery","floor":11},{"not_picked":["Steam Power","Redo"],"picked":"Gash","floor":13},{"not_picked":["Biased Cognition","Hyperbeam"],"picked":"Electrodynamics","floor":16},{"not_picked":["Coolheaded","Sunder"],"picked":"Redo+1","floor":18},{"not_picked":["Barrage","Reprogram"],"picked":"Go for the Eyes","floor":21},{"not_picked":["Beam Cell","Stack"],"picked":"Redo","floor":22}],"player_experience":389797,"relics_obtained":[{"floor":9,"key":"Darkstone Periapt"},{"floor":14,"key":"Pear"}],"event_choices":[{"cards_removed":["Strike_B"],"damage_healed":0,"gold_gain":0,"player_choice":"Card Removal","damage_taken":0,"max_hp_gain":0,"max_hp_loss":0,"event_name":"The Cleric","floor":2,"gold_loss":50},{"damage_healed":0,"gold_gain":0,"player_choice":"Entered Light","damage_taken":14,"max_hp_gain":0,"max_hp_loss":0,"event_name":"Shining Light","floor":7,"gold_loss":0,"cards_upgraded":["Defend_B","All For One"]},{"damage_healed":0,"gold_gain":0,"cards_transformed":["Strike_B","Defend_B"],"player_choice":"Became Test Subject","damage_taken":0,"max_hp_gain":0,"max_hp_loss":0,"event_name":"Drug Dealer","floor":20,"gold_loss":0,"cards_obtained":["Hologram","Lockon"]}],"is_beta":false,"boss_relics":[{"not_picked":["Black Star","Lizard Tail"],"picked":"Cursed Key"}],"items_purged_floors":[],"is_endless":false,"potions_floor_spawned":[4,5,21,22],"killed_by":"Slavers","ascension_level":0}