{"gold_per_floor":[117,128,128,145,165,165,191,191,260,279,295,295,315,265,265,366,366,385,208,227,237,248,248,248,265,265,282,298,298,8,25,25,125,125,142,42,55,55,55,71,71,99,123,123,140,140,0,10,10,10],"floor_reached":51,"playtime":5048,"items_purged":["Strike_B","Strike_B"],"score":660,"play_id":"f3a30a69-99ec-41ff-b859-7d4ab61c53d2","local_time":"20190512212157","is_ascension_mode":false,"campfire_choices":[{"floor":6,"key":"REST"},{"floor":8,"key":"REST"},{"floor":12,"key":"REST"},{"data":"Defragment","floor":15,"key":"SMITH"},{"data":"Fission","floor":23,"key":"SMITH"},{"floor":29,"key":"REST"},{"data":"Fission","floor":32,"key":"SMITH"},{"data":"Thunder Strike","floor":41,"key":"SMITH"},{"floor":44,"key":"REST"},{"floor":49,"key":"REST"}],"neow_cost":"NONE","seed_source_timestamp":0,"circlet_count":0,"master_deck":["Defend_B","Defend_B","Defend_B","Defend_B","Zap","Dualcast","Thunder Strike+1","Coolheaded","Redo","Cold Snap","Defragment+1","Cold Snap","Cold Snap","Creative AI","Turbo","Ball Lightning","Skim","Fission+1","Chill","Conserve Battery","Chill","Loop","Turbo","Sunder","Conserve Battery+1","Fusion","White Noise+1","Fission+1","Defragment+1","Chill+1","Decay","Capacitor","Storm","Fission+1","Storm","Self Repair+1","Decay","Panache"],"special_seed":0,"relics":["Cracked Core","Prayer Wheel","Mummified Hand","Cursed Key","Pen Nib","StoneCalendar","Sozu","Blood Vial","DataDisk","Red Mask"],"potions_floor_usage":[28,28,28,33,33,33,33],"damage_taken":[{"damage":1.0,"enemies":"Cultist","floor":1.0,"turns":3.0},{"damage":1.0,"enemies":"Jaw Worm","floor":2.0,"turns":4.0},{"damage":10.0,"enemies":"Small Slimes","floor":4.0,"turns":3.0},{"damage":18,"enemies":"Gremlin Gang","floor":5,"turns":6},{"damage":45,"enemies":"Gremlin Nob","floor":7,"turns":5},{"damage":0,"enemies":"Exordium Thugs","floor":10,"turns":6},{"damage":5,"enemies":"Lots of Slimes","floor":11,"turns":6},{"damage":2,"enemies":"Large Slime","floor":13,"turns":8},{"damage":7,"enemies":"Hexaghost","floor":16,"turns":9},{"damage":14,"enemies":"2 Thieves","floor":18,"turns":4},{"damage":1,"enemies":"3 Byrds","floor":20,"turns":5},{"damage":1,"enemies":"Sentry and Sphere","floor":21,"turns":7},{"damage":10,"enemies":"Chosen and Byrds","floor":22,"turns":7},{"damage":0,"enemies":"Snecko","floor":25,"turns":4},{"damage":0,"enemies":"Cultist and Chosen","floor":27,"turns":4},{"damage":14,"enemies":"Snake Plant","floor":28,"turns":3},{"damage":4,"enemies":"Snecko","floor":31,"turns":5},{"damage":35,"enemies":"Collector","floor":33,"turns":4},{"damage":2,"enemies":"3 Shapes","floor":35,"turns":4},{"damage":3,"enemies":"Orb Walker","floor":37,"turns":5},{"damage":0,"enemies":"Transient","floor":40,"turns":5},{"damage":41,"enemies":"Reptomancer","floor":42,"turns":5},{"damage":0,"enemies":"3 Darklings","floor":45,"turns":4},{"damage":35,"enemies":"4 Shapes","floor":48,"turns":5},{"damage":30,"enemies":"Time Eater","floor":50,"turns":7}],"seed_played":"6165607427953623970","potions_obtained":[{"floor":1.0,"key":"SteroidPotion"},{"floor":5,"key":"Weak Potion"},{"floor":7,"key":"FearPotion"},{"floor":27,"key":"EntropicBrew"}],"is_trial":false,"path_per_floor":["?","M","?","?","M","?","$","M","?","?"],"character_chosen":"DEFECT","items_purchased":["Chill","Loop","StoneCalendar"],"campfire_rested":6,"item_purchase_floors":[19,19,30],"current_hp_per_floor":[74,73,73,63,45,67,22,44,44,44,39,61,59,59,59,52,75,61,61,60,59,49,49,49,49,49,49,35,57,57,53,53,28,75,73,73,75,75,75,75,75,44,44,66,75,75,75,50,72,54],"gold":10,"neow_bonus":"ONE_RANDOM_RARE_CARD","is_prod":false,"is_daily":false,"chose_seed":false,"campfire_upgraded":4,"win_rate":0,"timestamp":1557710517,"path_taken":["M","M","?","?","M","R","E","R","T","M","M","R","M","?","R","BOSS","M","$","M","M","M","R","?","M","T","M","M","R","$","?","R","BOSS","M","$","M","?","?","?","R","E","T","R","M","?","?","M","R","BOSS"],"build_version":"2019-01-23","purchased_purges":2,"victory":true,"max_hp_per_floor":[75,75,75,75,75,75,75,75,75,75,75,75,75,75,75,75,75,75,75,75,75,75,75,75,75,75,75,75,75,75,75,75,75,75,75,75,75,75,75,75,75,75,75,75,75,75,75,75,75,75],"card_choices":[{"not_picked":["Hello World","Gash"],"picked":"Coolheaded","floor":1.0},{"not_picked":["BootSequence","Coolheaded"],"picked":"Redo","floor":2.0},{"not_picked":["Doom and Gloom","Rebound"],"picked":"Cold Snap","floor":4.0},{"not_picked":["Compile Driver","Beam Cell","Barrage"],"picked":"SKIP","floor":5},{"not_picked":["Barrage","Hologram"],"picked":"Defragment","floor":7},{"not_picked":["Tempest","Stack"],"picked":"Cold Snap","floor":10},{"not_picked":["Go for the Eyes","Beam Cell"],"picked":"Cold Snap","floor":10},{"not_picked":["Barrage","Tempest"],"picked":"Creative AI","floor":11},{"not_picked":["Streamline","Go for the Eyes"],"picked":"Turbo","floor":11},{"not_picked":["Recycle","Leap"],"picked":"Ball Lightning","floor":13},{"not_picked":["Streamline","Genetic Algorithm"],"picked":"Skim","floor":13},{"not_picked":["All For One","Hyperbeam"],"picked":"Fission","floor":16},{"not_picked":["Steam","Tempest"],"picked":"Chill","floor":18},{"not_picked":["Leap","Cold Snap+1"],"picked":"Conserve Battery","floor":18},{"not_picked":["Streamline","Redo"],"picked":"Turbo","floor":20},{"not_picked":["Stack","Go for the Eyes+1"],"picked":"Sunder","floor":20},{"not_picked":["Skim+1","Streamline"],"picked":"Conserve Battery+1","floor":21},{"not_picked":["Auto Shields","Stack","FTL"],"picked":"SKIP","floor":21},{"not_picked":["Stack","Leap"],"picked":"Fusion","floor":22},{"not_picked":["Rebound","Redo+1"],"picked":"White Noise+1","floor":22},{"not_picked":["Streamline","Compile Driver"],"picked":"Defragment+1","floor":25},{"not_picked":["Turbo","Sweeping Beam"],"picked":"Chill+1","floor":25},{"not_picked":["Cold Snap","Glacier"],"picked":"Capacitor","floor":27},{"not_picked":["Coolheaded","Reprogram+1","Doom and Gloom"],"picked":"SKIP","floor":27},{"not_picked":["Heatsinks+1","White Noise"],"picked":"Storm","floor":28},{"not_picked":["Ball Lightning","Beam Cell"],"picked":"Fission","floor":28},{"not_picked":["Coolheaded","Hologram"],"picked":"Storm","floor":31},{"not_picked":["Compile Driver","Steam+1"],"picked":"Self Repair+1","floor":31},{"not_picked":["Go for the Eyes","Gash","Streamline+1"],"picked":"SKIP","floor":35},{"not_picked":["Cold Snap","Turbo+1","Sunder"],"picked":"SKIP","floor":35},{"not_picked":["Darkness","Double Energy","Rebound"],"picked":"SKIP","floor":37},{"not_picked":["Recycle","Multi-Cast","Turbo"],"picked":"SKIP","floor":37},{"not_picked":["Leap+1","Go for the Eyes","Conserve Battery"],"picked":"SKIP","floor":40},{"not_picked":["Ball Lightning","Aggregate+1","Turbo"],"picked":"SKIP","floor":40},{"not_picked":["Cold Snap+1","Glacier","Stack"],"picked":"SKIP","floor":42},{"not_picked":["Gash+1","FTL","Stack+1"],"picked":"SKIP","floor":45},{"not_picked":["Hologram+1","Skim","Steam"],"picked":"SKIP","floor":45},{"not_picked":["Madness","Discovery"],"picked":"Panache","floor":46},{"not_picked":["Go for the Eyes+1","Tempest","Reinforced Body"],"picked":"SKIP","floor":48},{"not_picked":["Redo+1","Recycle","Ball Lightning+1"],"picked":"SKIP","floor":48}],"player_experience":531283,"relics_obtained":[{"floor":7,"key":"Prayer Wheel"},{"floor":9,"key":"Mummified Hand"},{"floor":26,"key":"Pen Nib"},{"floor":42,"key":"Blood Vial"},{"floor":43,"key":"DataDisk"}],"event_choices":[{"cards_removed":["Strike_B"],"damage_healed":0.0,"max_hp_gain":0.0,"max_hp_loss":0.0,"gold_gain":0.0,"event_name":"Purifier","player_choice":"Purged","floor":3.0,"gold_loss":0.0,"damage_taken":0.0},{"cards_removed":["Strike_B"],"damage_healed":0,"gold_gain":0,"player_choice":"Card Removal","damage_taken":0,"max_hp_gain":0,"max_hp_loss":0,"event_name":"The Cleric","floor":14,"gold_loss":50},{"damage_healed":0,"gold_gain":0,"player_choice":"Copied","damage_taken":0,"max_hp_gain":0,"max_hp_loss":0,"event_name":"Duplicator","floor":24,"gold_loss":0,"cards_obtained":["Fission"]},{"damage_healed":0,"gold_gain":0,"player_choice":"Ignored","damage_taken":0,"max_hp_gain":0,"max_hp_loss":0,"event_name":"SecretPortal","floor":38,"gold_loss":0},{"damage_healed":0,"gold_gain":0,"player_choice":"Memory 1","damage_taken":0,"max_hp_gain":0,"max_hp_loss":0,"event_name":"SensoryStone","floor":46,"gold_loss":0},{"damage_healed":0,"gold_gain":0,"player_choice":"Paid","damage_taken":0,"relics_obtained":["Red Mask"],"max_hp_gain":0,"max_hp_loss":0,"event_name":"Tomb of Lord Red Mask","floor":47,"gold_loss":140}],"is_beta":false,"boss_relics":[{"not_picked":["Ectoplasm","Calling Bell"],"picked":"Cursed Key"},{"not_picked":["Astrolabe","Coffee Dripper"],"picked":"Sozu"}],"items_purged_floors":[19,36],"is_endless":false,"potions_floor_spawned":[1,5,7,10,25,27,28,35,37,40,45],"ascension_level":0}