{"gold_per_floor":[113,126,201,201,211,211,244,258,258,258,288,12,24,37,37,132,132,150,150,170,270,270,270,290,290,290,300,335,335,335,369,369,467,467,480,497,422,434,534,563,563,785,834,864,864,559,559,887,887,887,887,887,398,427,427],"floor_reached":56,"playtime":2351,"items_purged":["Bash+1","Cleave","Twin Strike"],"score":1718,"play_id":"7ffd96e0-955e-4cee-91f0-286042a119c6","local_time":"20190403012933","is_ascension_mode":true,"campfire_choices":[{"data":"Bash","floor":6.0,"key":"SMITH"},{"data":"Shockwave","floor":15.0,"key":"SMITH"},{"data":"True Grit","floor":23.0,"key":"SMITH"},{"data":"1","floor":25.0,"key":"LIFT"},{"data":"Sword Boomerang","floor":29.0,"key":"SMITH"},{"data":"Armaments","floor":32.0,"key":"SMITH"},{"data":"Limit Break","floor":41,"key":"SMITH"},{"data":"2","floor":45,"key":"LIFT"},{"floor":49,"key":"RECALL"},{"data":"3","floor":52,"key":"LIFT"}],"neow_cost":"NONE","seed_source_timestamp":0,"circlet_count":0,"master_deck":["Flex","Iron Wave","Impervious","Battle Trance","Shrug It Off","Shockwave+1","Inflame+1","Reaper","Shockwave","Infernal Blade","True Grit+1","Intimidate","Demon Form+1","Sentinel","Evolve+1","Ghostly Armor","Metallicize+1","Seeing Red+1","Sword Boomerang+1","Double Tap","Shrug It Off+1","Armaments+1","Uppercut+1","Feed+1","Whirlwind+1","Limit Break+1","Aggregate","Flash of Steel+1","Inflame+1","True Grit","Turbo"],"special_seed":0,"relics":["Burning Blood","NeowsBlessing","Happy Flower","Frozen Egg 2","Torii","Unceasing Top","Paper Frog","Pandora\u0027s Box","Girya","Darkstone Periapt","Kunai","Molten Egg 2","Red Mask","Runic Pyramid","Ice Cream","Pen Nib","Orichalcum","PrismaticShard","Old Coin","Centennial Puzzle","Blood Vial"],"potions_floor_usage":[54,55,55],"damage_taken":[{"damage":0.0,"enemies":"2 Louse","floor":1.0,"turns":1.0},{"damage":0.0,"enemies":"Jaw Worm","floor":2.0,"turns":1.0},{"damage":0.0,"enemies":"Small Slimes","floor":5.0,"turns":1.0},{"damage":25.0,"enemies":"3 Sentries","floor":7.0,"turns":9.0},{"damage":18.0,"enemies":"Exordium Wildlife","floor":8.0,"turns":6.0},{"damage":19.0,"enemies":"Gremlin Nob","floor":11.0,"turns":5.0},{"damage":2.0,"enemies":"Large Slime","floor":13.0,"turns":6.0},{"damage":15.0,"enemies":"3 Louse","floor":14.0,"turns":4.0},{"damage":10.0,"enemies":"The Guardian","floor":16.0,"turns":14.0},{"damage":23.0,"enemies":"Spheric Guardian","floor":18.0,"turns":4.0},{"damage":7.0,"enemies":"Chosen","floor":20.0,"turns":4.0},{"damage":11.0,"enemies":"Colosseum Slavers","floor":21.0,"turns":5.0},{"damage":24.0,"enemies":"Colosseum Nobs","floor":21.0,"turns":4.0},{"damage":18.0,"enemies":"Centurion and Healer","floor":24.0,"turns":7.0},{"damage":6.0,"enemies":"Shelled Parasite and Fungi","floor":27.0,"turns":5.0},{"damage":43.0,"enemies":"Slavers","floor":28.0,"turns":5.0},{"damage":7.0,"enemies":"Masked Bandits","floor":31.0,"turns":2.0},{"damage":30,"enemies":"Collector","floor":33,"turns":7},{"damage":9,"enemies":"Orb Walker","floor":35,"turns":4},{"damage":8,"enemies":"3 Shapes","floor":36,"turns":2},{"damage":27,"enemies":"Transient","floor":38,"turns":5},{"damage":0,"enemies":"Mind Bloom Boss Battle","floor":39,"turns":4},{"damage":26,"enemies":"Nemesis","floor":40,"turns":9},{"damage":30,"enemies":"Giant Head","floor":44,"turns":6},{"damage":1,"enemies":"Reptomancer","floor":48,"turns":7},{"damage":70,"enemies":"Awakened One","floor":50,"turns":10},{"damage":64,"enemies":"Shield and Spear","floor":54,"turns":5},{"damage":67,"enemies":"The Heart","floor":55,"turns":7}],"seed_played":"-3839622113572449572","potions_obtained":[{"floor":2.0,"key":"Explosive Potion"},{"floor":7.0,"key":"BloodPotion"},{"floor":8.0,"key":"SmokeBomb"},{"floor":11.0,"key":"SpeedPotion"},{"floor":16.0,"key":"Regen Potion"},{"floor":20.0,"key":"AttackPotion"},{"floor":21.0,"key":"Explosive Potion"},{"floor":27.0,"key":"AttackPotion"},{"floor":33,"key":"PowerPotion"},{"floor":36,"key":"SteroidPotion"},{"floor":54,"key":"GamblersBrew"}],"is_trial":false,"path_per_floor":["M","M","?","?","M","R","E","M","T","?","E","$","M","M","R","B",null,"M","?","M","?","?","R","M","R","T","M","E","R","?","?","R","B",null,"M","M","$","M","?","E","R","?","T","E","R","$","?","E","R","B",null,"R","$","E","B",null],"character_chosen":"IRONCLAD","items_purchased":["Paper Frog","Shrug It Off","PrismaticShard","Flash of Steel+1","Centennial Puzzle","Inflame+1","True Grit","Energy Potion"],"campfire_rested":0,"item_purchase_floors":[12,12,46,53,53,53,53,53],"current_hp_per_floor":[78,80,69,69,75,75,56,44,44,32,19,19,23,14,14,18,65,59,59,73,62,47,47,79,79,79,79,69,69,69,68,68,44,75,85,85,85,64,85,69,69,69,69,65,65,65,65,89,89,70,84,84,84,56,25],"gold":427,"neow_bonus":"THREE_ENEMY_KILL","is_prod":false,"is_daily":false,"chose_seed":false,"campfire_upgraded":6,"win_rate":0,"timestamp":1554222573,"path_taken":["M","M","?","?","M","R","E","M","T","?","E","$","M","M","R","BOSS","M","?","M","?","?","R","M","R","T","?","E","R","?","?","R","BOSS","M","M","$","M","?","E","R","?","T","E","R","$","?","E","R","BOSS","R","$","E","BOSS"],"build_version":"2019-01-23","purchased_purges":3,"victory":true,"max_hp_per_floor":[80,80,80,80,80,80,80,80,80,80,80,80,80,80,80,80,80,80,80,80,80,85,85,85,85,85,85,85,85,85,85,85,85,85,85,85,85,85,85,89,89,89,89,89,89,89,85,89,89,89,89,89,89,89,93],"card_choices":[{"not_picked":["Havoc","Wild Strike","Thunderclap"],"picked":"SKIP","floor":1.0},{"not_picked":["Headbutt","Perfected Strike"],"picked":"Flex","floor":2.0},{"not_picked":["Sever Soul","Corruption"],"picked":"Iron Wave","floor":5.0},{"not_picked":["Second Wind","Flame Barrier"],"picked":"Impervious","floor":7.0},{"not_picked":["Hemokinesis","Iron Wave"],"picked":"Cleave","floor":8.0},{"not_picked":["Intimidate","Perfected Strike"],"picked":"Battle Trance","floor":11.0},{"not_picked":["Second Wind","Cleave"],"picked":"Shockwave","floor":13.0},{"not_picked":["Anger","Twin Strike"],"picked":"Inflame+1","floor":14.0},{"not_picked":["Barricade+1","Juggernaut+1"],"picked":"Reaper","floor":16.0},{"not_picked":["Cleave","Havoc"],"picked":"Metallicize+1","floor":18.0},{"not_picked":["Ghostly Armor+1","Iron Wave"],"picked":"Seeing Red+1","floor":20.0},{"not_picked":["Clash","Fire Breathing+1"],"picked":"Sword Boomerang","floor":21.0},{"not_picked":["Pommel Strike","Clothesline"],"picked":"Double Tap","floor":24.0},{"not_picked":["Havoc","Blood for Blood"],"picked":"Shrug It Off+1","floor":27.0},{"not_picked":["Pommel Strike","Immolate","Searing Blow"],"picked":"SKIP","floor":28.0},{"not_picked":["Twin Strike+1","True Grit"],"picked":"Uppercut+1","floor":31.0},{"not_picked":["Impervious","Bludgeon+1"],"picked":"Feed+1","floor":33},{"not_picked":["Sword Boomerang+1","Clothesline+1"],"picked":"Whirlwind+1","floor":35},{"not_picked":["Armaments","Thunderclap+1","Shrug It Off"],"picked":"SKIP","floor":36},{"not_picked":["Pommel Strike+1","Battle Trance+1","Metallicize+1"],"picked":"SKIP","floor":38},{"not_picked":["Searing Blow+1","Perfected Strike+1"],"picked":"Limit Break","floor":40},{"not_picked":["Sword Boomerang+1","Barricade+1","Evolve+1"],"picked":"SKIP","floor":44},{"not_picked":["Twin Strike+1","Aggregate","Barrage+1"],"picked":"SKIP","floor":48},{"not_picked":["Twin Strike+1","Barrage+1"],"picked":"Aggregate","floor":48},{"not_picked":["Perfected Strike+1","Ball Lightning+1"],"picked":"Turbo","floor":54}],"player_experience":402374,"relics_obtained":[{"floor":7.0,"key":"Happy Flower"},{"floor":9.0,"key":"Frozen Egg 2"},{"floor":11.0,"key":"Unceasing Top"},{"floor":21.0,"key":"Girya"},{"floor":21.0,"key":"Darkstone Periapt"},{"floor":26.0,"key":"Kunai"},{"floor":28.0,"key":"Molten Egg 2"},{"floor":31.0,"key":"Red Mask"},{"floor":39,"key":"Ice Cream"},{"floor":40,"key":"Pen Nib"},{"floor":44,"key":"Orichalcum"},{"floor":48,"key":"Old Coin"},{"floor":54,"key":"Blood Vial"}],"event_choices":[{"damage_healed":0.0,"max_hp_gain":0.0,"max_hp_loss":0.0,"gold_gain":75.0,"event_name":"World of Goop","player_choice":"Gather Gold","floor":3.0,"gold_loss":0.0,"damage_taken":11.0},{"damage_healed":0.0,"max_hp_gain":0.0,"max_hp_loss":0.0,"gold_gain":0.0,"event_name":"Liars Game","player_choice":"Ignored","floor":4.0,"gold_loss":0.0,"damage_taken":0.0},{"damage_healed":0.0,"max_hp_gain":0.0,"max_hp_loss":0.0,"gold_gain":0.0,"event_name":"Scrap Ooze","player_choice":"Success","floor":10.0,"gold_loss":0.0,"damage_taken":12.0,"relics_obtained":["Torii"]},{"damage_healed":0.0,"max_hp_gain":0.0,"max_hp_loss":0.0,"gold_gain":0.0,"event_name":"Vampires","player_choice":"Ignored","floor":19.0,"gold_loss":0.0,"damage_taken":0.0},{"damage_healed":0.0,"max_hp_gain":0.0,"max_hp_loss":0.0,"gold_gain":0.0,"event_name":"Colosseum","player_choice":"Fight","floor":21.0,"gold_loss":0.0,"damage_taken":0.0},{"damage_healed":0.0,"max_hp_gain":0.0,"max_hp_loss":0.0,"gold_gain":0.0,"event_name":"Colosseum","player_choice":"Fought Nobs","floor":21.0,"gold_loss":0.0,"damage_taken":0.0},{"damage_healed":0.0,"max_hp_gain":5.0,"max_hp_loss":0.0,"gold_gain":0.0,"event_name":"Forgotten Altar","player_choice":"Shed Blood","floor":22.0,"gold_loss":0.0,"damage_taken":20.0},{"damage_healed":0.0,"max_hp_gain":0.0,"max_hp_loss":0.0,"gold_gain":0.0,"event_name":"The Library","player_choice":"Read","floor":30.0,"gold_loss":0.0,"damage_taken":0.0,"cards_obtained":["Armaments"]},{"damage_healed":0.0,"max_hp_gain":0.0,"max_hp_loss":0.0,"gold_gain":0.0,"event_name":"Masked Bandits","player_choice":"Fought Bandits","floor":31.0,"gold_loss":0.0,"damage_taken":0.0},{"damage_healed":0,"gold_gain":0,"player_choice":"Fight","damage_taken":0,"max_hp_gain":0,"max_hp_loss":0,"event_name":"MindBloom","floor":39,"gold_loss":0},{"damage_healed":0,"gold_gain":222,"player_choice":"Wore Mask","damage_taken":0,"max_hp_gain":0,"max_hp_loss":0,"event_name":"Tomb of Lord Red Mask","floor":42,"gold_loss":0},{"damage_healed":0,"gold_gain":0,"player_choice":"Max HP","damage_taken":0,"max_hp_gain":0,"max_hp_loss":4,"event_name":"Winding Halls","floor":47,"gold_loss":0}],"is_beta":false,"boss_relics":[{"not_picked":["Lizard Tail","Cursed Key"],"picked":"Pandora\u0027s Box"},{"not_picked":["Velvet Choker","Fusion Hammer"],"picked":"Runic Pyramid"}],"items_purged_floors":[37,46,53],"is_endless":false,"potions_floor_spawned":[2,7,8,11,16,20,21,27,33,36,38,39,54],"ascension_level":9}