{"gold_per_floor":[118,130,142,142,22,197,197,6,81,91,91],"floor_reached":11,"playtime":899,"items_purged":[],"score":63,"play_id":"7e5212bd-b2c9-49c3-8074-983fea0cb3dd","local_time":"20190213192312","is_ascension_mode":false,"campfire_choices":[{"data":"Caltrops","floor":7,"key":"SMITH"}],"neow_cost":"NONE","seed_source_timestamp":80423141609691,"circlet_count":0,"master_deck":["Defend_G","Defend_G","Defend_G+1","Defend_G","Defend_G","Strike_G","Strike_G","Strike_G","Strike_G","Strike_G","Survivor","Neutralize","Dagger Throw","Backflip+1","Endless Agony","Blur","Caltrops+1","Quick Slash","Doubt","Magnetism","Backflip"],"relics":["Ring of the Snake","War Paint","Pear"],"potions_floor_usage":[],"damage_taken":[{"damage":0,"enemies":"2 Louse","floor":1,"turns":2},{"damage":0,"enemies":"Jaw Worm","floor":2,"turns":5},{"damage":0,"enemies":"Small Slimes","floor":3,"turns":3},{"damage":13,"enemies":"Gremlin Gang","floor":10,"turns":4},{"damage":71,"enemies":"Gremlin Nob","floor":11,"turns":7}],"seed_played":"-4969023948318077945","potions_obtained":[{"floor":1,"key":"SpeedPotion"},{"floor":3,"key":"Swift Potion"}],"is_trial":false,"path_per_floor":["?","?"],"character_chosen":"THE_SILENT","items_purchased":["Caltrops","Quick Slash","Magnetism"],"campfire_rested":0,"item_purchase_floors":[5,5,8],"current_hp_per_floor":[70,70,70,67,67,67,67,67,77,64,0],"gold":91,"neow_bonus":"THREE_CARDS","is_prod":false,"is_daily":false,"chose_seed":false,"campfire_upgraded":1,"win_rate":0.0,"timestamp":1550103792,"path_taken":["M","M","M","?","$","?","R","$","T","M","E"],"build_version":"2019-01-23","purchased_purges":0,"victory":false,"max_hp_per_floor":[70,70,70,70,70,70,70,70,80,80,80],"card_choices":[{"not_picked":["Bane","Reflex"],"picked":"Dagger Throw","floor":0},{"not_picked":["Noxious Fumes","Prepared"],"picked":"Backflip","floor":1},{"not_picked":["Reflex","Bane"],"picked":"Endless Agony","floor":2},{"not_picked":["Calculated Gamble","Riddle With Holes"],"picked":"Blur","floor":3},{"not_picked":["Sucker Punch","Dagger Throw"],"picked":"Backflip","floor":10}],"player_experience":15600,"relics_obtained":[{"floor":9,"key":"Pear"}],"event_choices":[{"damage_healed":0,"gold_gain":0,"player_choice":"Success","damage_taken":3,"relics_obtained":["War Paint"],"max_hp_gain":0,"max_hp_loss":0,"event_name":"Scrap Ooze","floor":4,"gold_loss":0},{"damage_healed":0,"gold_gain":175,"player_choice":"AGREE","damage_taken":0,"max_hp_gain":0,"max_hp_loss":0,"event_name":"Liars Game","floor":6,"gold_loss":0,"cards_obtained":["Doubt"]}],"is_beta":false,"boss_relics":[],"items_purged_floors":[],"is_endless":false,"potions_floor_spawned":[1,3],"killed_by":"Gremlin Nob","ascension_level":0}