{"gold_per_floor":[114,133,147,322,340,340,355,355,433,446,462,495,18,32,32,32],"floor_reached":16,"playtime":979,"items_purged":["Strike_B"],"score":106,"play_id":"551c9af9-2e7f-4a2a-9002-753425b27a18","local_time":"20190504121857","is_ascension_mode":false,"campfire_choices":[{"data":"Double Energy","floor":6,"key":"SMITH"},{"data":"Doom and Gloom","floor":8,"key":"SMITH"},{"data":"Dualcast","floor":15,"key":"SMITH"}],"neow_cost":"TEN_PERCENT_HP_LOSS","seed_source_timestamp":398068015852900,"circlet_count":0,"master_deck":["Strike_B","Defend_B","Defend_B","Defend_B","Defend_B","Zap","Dualcast+1","Steam","Double Energy+1","Doom and Gloom+1","Go for the Eyes","Heatsinks","Doubt","Stack","Gash","Lockon","Go for the Eyes","Beam Cell","Capacitor","Sweeping Beam","Gash"],"relics":["Cracked Core","FossilizedHelix","Prayer Wheel"],"potions_floor_usage":[12],"damage_taken":[{"damage":0,"enemies":"Cultist","floor":1,"turns":4},{"damage":5,"enemies":"Jaw Worm","floor":2,"turns":3},{"damage":2,"enemies":"2 Louse","floor":3,"turns":2},{"damage":0,"enemies":"Looter","floor":5,"turns":3},{"damage":5,"enemies":"Lots of Slimes","floor":7,"turns":2},{"damage":0,"enemies":"Exordium Wildlife","floor":10,"turns":1},{"damage":6,"enemies":"Large Slime","floor":11,"turns":4},{"damage":11,"enemies":"Lagavulin","floor":12,"turns":8},{"damage":6,"enemies":"3 Louse","floor":14,"turns":2},{"damage":31,"enemies":"Hexaghost","floor":16,"turns":9}],"seed_played":"6636844682009853063","potions_obtained":[{"floor":1,"key":"Ancient Potion"},{"floor":5,"key":"SkillPotion"},{"floor":11,"key":"Energy Potion"}],"is_trial":false,"path_per_floor":["M","M","M","?","M","R","M","R","T","M","M","E","$","M","R","B"],"character_chosen":"DEFECT","items_purchased":["Beam Cell","Prayer Wheel","Capacitor"],"campfire_rested":0,"item_purchase_floors":[13,13,13],"current_hp_per_floor":[68,63,61,61,61,61,56,56,56,56,50,39,39,33,33,2],"gold":32,"neow_bonus":"TRANSFORM_TWO_CARDS","is_prod":false,"is_daily":false,"chose_seed":false,"campfire_upgraded":3,"win_rate":0,"timestamp":1556990337,"path_taken":["M","M","M","?","M","R","M","R","T","M","M","E","$","M","R","BOSS"],"build_version":"2019-01-23","purchased_purges":1,"victory":false,"max_hp_per_floor":[68,68,68,68,68,68,68,68,68,68,68,68,68,68,68,68],"card_choices":[{"not_picked":["Scrape","Hologram"],"picked":"Doom and Gloom","floor":1},{"not_picked":["Rebound","Cold Snap"],"picked":"Go for the Eyes","floor":2},{"not_picked":["Melter","Ball Lightning"],"picked":"Heatsinks","floor":3},{"not_picked":["Rebound","Melter","Auto Shields"],"picked":"SKIP","floor":5},{"not_picked":["Rebound","Melter","Auto Shields"],"picked":"SKIP","floor":5},{"not_picked":["Hologram","Tempest"],"picked":"Stack","floor":7},{"not_picked":["Ball Lightning","Biased Cognition"],"picked":"Gash","floor":10},{"not_picked":["Undo","Rebound"],"picked":"Lockon","floor":11},{"not_picked":["Hologram","Core Surge"],"picked":"Go for the Eyes","floor":12},{"not_picked":["Leap","Sunder"],"picked":"Sweeping Beam","floor":14},{"not_picked":["Streamline","Steam"],"picked":"Gash","floor":14}],"player_experience":259969,"relics_obtained":[{"floor":12,"key":"FossilizedHelix"}],"event_choices":[{"damage_healed":0,"gold_gain":175,"player_choice":"AGREE","damage_taken":0,"max_hp_gain":0,"max_hp_loss":0,"event_name":"Liars Game","floor":4,"gold_loss":0,"cards_obtained":["Doubt"]}],"is_beta":false,"boss_relics":[],"items_purged_floors":[13],"is_endless":false,"potions_floor_spawned":[1,5,11],"killed_by":"Hexaghost","ascension_level":0}