{"gold_per_floor":[118,43,57,67,82,82,82,96,96,107,138,138,138,156,156,258,258,273,273,286,186,202,227,227,50,75,94,94,124,78,89,89,187,187,207,307,307,325,325,325,345,345,371,383,7,7,25,36,36,36],"floor_reached":51,"playtime":5634,"items_purged":["Strike_R","Bash","Strike_R","Shame"],"score":816,"play_id":"be174768-a92f-4764-8ba3-45ea9ba66f92","local_time":"20181211024803","is_ascension_mode":true,"campfire_choices":[{"data":"Armaments","floor":6,"key":"SMITH"},{"data":"Feel No Pain","floor":13,"key":"SMITH"},{"data":"Feel No Pain","floor":15,"key":"SMITH"},{"data":"True Grit","floor":24,"key":"SMITH"},{"data":"True Grit","floor":28,"key":"SMITH"},{"floor":32,"key":"REST"},{"data":"Entrench","floor":40,"key":"SMITH"},{"data":"Body Slam","floor":42,"key":"SMITH"},{"floor":49,"key":"REST"}],"neow_cost":"NONE","seed_source_timestamp":2821345332752809,"circlet_count":0,"master_deck":["Strike_R","Strike_R","Defend_R","Defend_R","Defend_R","Defend_R","Juggernaut+1","Shockwave","Armaments+1","Heavy Blade","Feel No Pain+1","Shrug It Off","Entrench+1","True Grit+1","Feel No Pain+1","Offering+1","Iron Wave+1","True Grit+1","Shrug It Off+1","Body Slam+1","Injury","Doubt","Seeing Red+1","Shrug It Off+1","Injury","Battle Trance","Disarm","Inflame","Feel No Pain"],"relics":["Burning Blood","Darkstone Periapt","Lantern","Cursed Key","Nunchaku","Potion Belt","Gremlin Horn","Calling Bell","Vajra","Mummified Hand","Thread and Needle","Unceasing Top","War Paint","Happy Flower","Omamori"],"potions_floor_usage":[16,18,23,23,31,33,38,47,50,50,50,50],"damage_taken":[{"damage":14,"enemies":"Jaw Worm","floor":1,"turns":4},{"damage":1,"enemies":"2 Louse","floor":3,"turns":3},{"damage":0,"enemies":"Cultist","floor":4,"turns":4},{"damage":6,"enemies":"Exordium Thugs","floor":5,"turns":5},{"damage":14,"enemies":"2 Fungi Beasts","floor":8,"turns":5},{"damage":8,"enemies":"3 Louse","floor":10,"turns":4},{"damage":11,"enemies":"Lagavulin","floor":11,"turns":8},{"damage":34,"enemies":"Lots of Slimes","floor":14,"turns":6},{"damage":6,"enemies":"The Guardian","floor":16,"turns":12},{"damage":27,"enemies":"3 Byrds","floor":18,"turns":6},{"damage":16,"enemies":"Shell Parasite","floor":20,"turns":6},{"damage":12,"enemies":"Centurion and Healer","floor":22,"turns":7},{"damage":35,"enemies":"Slavers","floor":23,"turns":8},{"damage":5,"enemies":"Chosen and Byrds","floor":27,"turns":6},{"damage":18,"enemies":"Book of Stabbing","floor":29,"turns":8},{"damage":1,"enemies":"Snake Plant","floor":31,"turns":3},{"damage":17,"enemies":"Automaton","floor":33,"turns":11},{"damage":16,"enemies":"Orb Walker","floor":35,"turns":4},{"damage":6,"enemies":"Mind Bloom Boss Battle","floor":36,"turns":10},{"damage":0,"enemies":"3 Darklings","floor":38,"turns":5},{"damage":15,"enemies":"Jaw Worm Horde","floor":41,"turns":4},{"damage":20,"enemies":"Maw","floor":44,"turns":7},{"damage":8,"enemies":"4 Shapes","floor":47,"turns":4},{"damage":15,"enemies":"3 Darklings","floor":48,"turns":5},{"damage":19,"enemies":"Donu and Deca","floor":50,"turns":10}],"seed_played":"9152324571643789334","potions_obtained":[{"floor":5,"key":"Dexterity Potion"},{"floor":11,"key":"Swift Potion"},{"floor":14,"key":"PowerPotion"},{"floor":16,"key":"Regen Potion"},{"floor":18,"key":"Energy Potion"},{"floor":23,"key":"Block Potion"},{"floor":27,"key":"AttackPotion"},{"floor":31,"key":"Ancient Potion"},{"floor":33,"key":"Energy Potion"},{"floor":36,"key":"Swift Potion"},{"floor":38,"key":"Strength Potion"},{"floor":41,"key":"Strength Potion"},{"floor":47,"key":"EssenceOfSteel"}],"is_trial":false,"path_per_floor":["M","$","M","M","M","R","?","M","T","M","E","?","R","M","R","B",null,"M","?","M","$","M","E","R","$","T","M","R","E","$","M","R","B",null,"M","?","?","M","?","R","M","R","T","M","$","?","M","M","R","B",null],"character_chosen":"IRONCLAD","items_purchased":["Shrug It Off","Body Slam","Happy Flower","Disarm"],"campfire_rested":2,"item_purchase_floors":[25,30,45,45],"current_hp_per_floor":[72,72,77,80,80,80,85,77,77,75,70,70,70,42,42,42,85,78,78,68,68,62,33,33,33,39,40,40,28,28,33,60,49,109,99,99,99,105,105,105,96,96,102,88,88,88,86,77,111,98],"gold":36,"neow_bonus":"TRANSFORM_CARD","is_prod":false,"is_daily":false,"chose_seed":false,"campfire_upgraded":7,"win_rate":0,"timestamp":1544514483,"path_taken":["M","$","M","M","M","R","?","M","T","M","E","?","R","M","R","BOSS","M","?","M","$","M","E","R","$","T","M","R","E","?","M","R","BOSS","M","?","?","M","?","R","?","R","T","M","$","?","?","M","R","BOSS"],"build_version":"2018-12-06","purchased_purges":4,"victory":true,"max_hp_per_floor":[80,80,80,80,80,80,85,85,85,85,85,85,85,85,85,85,85,85,85,85,85,85,85,85,85,91,91,91,91,91,91,91,91,109,109,109,109,109,109,109,109,109,115,115,115,115,115,115,115,115],"card_choices":[{"not_picked":["Havoc","Carnage"],"picked":"Shockwave","floor":1},{"not_picked":["Disarm","Second Wind"],"picked":"Armaments","floor":3},{"not_picked":["Dual Wield","Dropkick"],"picked":"Heavy Blade","floor":4},{"not_picked":["Warcry","Seeing Red"],"picked":"Feel No Pain","floor":5},{"not_picked":["Anger","Perfected Strike"],"picked":"Shrug It Off","floor":8},{"not_picked":["Second Wind","Perfected Strike"],"picked":"Entrench","floor":10},{"not_picked":["Shrug It Off","Entrench"],"picked":"True Grit","floor":11},{"not_picked":["Wild Strike","Sword Boomerang"],"picked":"Feel No Pain","floor":14},{"not_picked":["Fiend Fire","Brutality"],"picked":"Offering","floor":16},{"not_picked":["Warcry+1","Pommel Strike+1","Thunderclap"],"picked":"SKIP","floor":18},{"not_picked":["Anger+1","Pummel","Infernal Blade"],"picked":"SKIP","floor":20},{"not_picked":["Fire Breathing","Evolve"],"picked":"Iron Wave+1","floor":22},{"not_picked":["Flex","Anger"],"picked":"True Grit","floor":23},{"not_picked":["Rage","Clash+1","Sever Soul+1"],"picked":"SKIP","floor":27},{"not_picked":["Rage","Pommel Strike+1","Rampage+1"],"picked":"SKIP","floor":29},{"not_picked":["Fire Breathing","Pommel Strike","Spot Weakness"],"picked":"SKIP","floor":31},{"not_picked":["Wild Strike","Heavy Blade+1"],"picked":"Seeing Red+1","floor":35},{"not_picked":["Heavy Blade+1","Havoc","Blood for Blood+1"],"picked":"SKIP","floor":38},{"not_picked":["Pommel Strike","Reckless Charge"],"picked":"Shrug It Off+1","floor":41},{"not_picked":["Headbutt","Perfected Strike"],"picked":"Battle Trance","floor":44},{"not_picked":["Armaments+1","Exhume"],"picked":"Inflame","floor":47},{"not_picked":["Pommel Strike","Iron Wave+1"],"picked":"Feel No Pain","floor":48}],"player_experience":196510,"relics_obtained":[{"floor":9,"key":"Darkstone Periapt"},{"floor":11,"key":"Lantern"},{"floor":23,"key":"Nunchaku"},{"floor":26,"key":"Potion Belt"},{"floor":29,"key":"Gremlin Horn"},{"floor":34,"key":"Vajra"},{"floor":34,"key":"Mummified Hand"},{"floor":34,"key":"Thread and Needle"},{"floor":36,"key":"Unceasing Top"},{"floor":43,"key":"War Paint"}],"event_choices":[{"damage_healed":0,"gold_gain":0,"player_choice":"Donut","damage_taken":0,"max_hp_gain":5,"max_hp_loss":0,"event_name":"Big Fish","floor":7,"gold_loss":0},{"damage_healed":0,"gold_gain":0,"player_choice":"Forge","damage_taken":0,"max_hp_gain":0,"max_hp_loss":0,"event_name":"Accursed Blacksmith","floor":12,"gold_loss":0,"cards_upgraded":["Juggernaut"]},{"damage_healed":0,"gold_gain":0,"player_choice":"Bought 0 Potions","damage_taken":0,"max_hp_gain":0,"max_hp_loss":0,"event_name":"The Woman in Blue","floor":19,"gold_loss":0},{"damage_healed":0,"gold_gain":0,"player_choice":"Fight","damage_taken":0,"max_hp_gain":0,"max_hp_loss":0,"event_name":"MindBloom","floor":36,"gold_loss":0},{"damage_healed":0,"gold_gain":0,"player_choice":"Ignored","damage_taken":0,"max_hp_gain":0,"max_hp_loss":0,"event_name":"Tomb of Lord Red Mask","floor":37,"gold_loss":0},{"cards_removed":["Shame"],"damage_healed":0,"gold_gain":0,"player_choice":"Purged","damage_taken":0,"max_hp_gain":0,"max_hp_loss":0,"event_name":"Purifier","floor":39,"gold_loss":0},{"damage_healed":0,"gold_gain":0,"player_choice":"Gave Potion","damage_taken":0,"relics_obtained":["Omamori"],"max_hp_gain":0,"max_hp_loss":0,"event_name":"WeMeetAgain","floor":46,"gold_loss":0}],"is_beta":false,"boss_relics":[{"not_picked":["Tiny House","Ectoplasm"],"picked":"Cursed Key"},{"not_picked":["Philosopher\u0027s Stone","Coffee Dripper"],"picked":"Calling Bell"}],"items_purged_floors":[2,21,25,45],"is_endless":false,"potions_floor_spawned":[5,11,14,16,18,20,23,27,31,33,36,38,41,47],"ascension_level":3}