{"gold_per_floor":[113,125,75,87,57,57,84,84,84,102,102,120,155,155,155,250,250,262,290,290,44,60,89,89,89,89,89],"floor_reached":27,"playtime":2704,"items_purged":["Strike_R"],"score":360,"play_id":"9fa6e9ce-ea28-45c0-9c4f-7602c7216b06","local_time":"20190526171110","is_ascension_mode":true,"campfire_choices":[{"data":"Uppercut","floor":6.0,"key":"SMITH"},{"data":"Bash","floor":8.0,"key":"SMITH"},{"data":"Disarm","floor":11.0,"key":"SMITH"},{"data":"Whirlwind","floor":15.0,"key":"SMITH"}],"neow_cost":"TEN_PERCENT_HP_LOSS","seed_source_timestamp":650641826895046,"circlet_count":0,"master_deck":["Defend_R","Defend_R","Defend_R","Defend_R","Bash+1","Burning Pact","Dual Wield","Iron Wave","Disarm+1","Uppercut+1","Shrug It Off+1","Havoc+1","Whirlwind+1","Fire Breathing","Feed","Shockwave+1","Ghostly Armor+1","Writhe","Spot Weakness+1","Heavy Blade+1","Warcry+1"],"special_seed":0,"relics":["Burning Blood","Ornamental Fan","Toxic Egg 2","PreservedInsect","Velvet Choker","Red Mask","The Courier","Strawberry","Bottled Tornado","Question Card","Self Forming Clay"],"potions_floor_usage":[22],"damage_taken":[{"damage":4.0,"enemies":"Jaw Worm","floor":1.0,"turns":6.0},{"damage":8.0,"enemies":"Small Slimes","floor":2.0,"turns":6.0},{"damage":2.0,"enemies":"Cultist","floor":4.0,"turns":5.0},{"damage":11.0,"enemies":"Lagavulin","floor":7.0,"turns":6.0},{"damage":11.0,"enemies":"2 Fungi Beasts","floor":10.0,"turns":3.0},{"damage":10.0,"enemies":"Exordium Thugs","floor":12.0,"turns":7.0},{"damage":10.0,"enemies":"Gremlin Nob","floor":13.0,"turns":5.0},{"damage":42.0,"enemies":"Slime Boss","floor":16.0,"turns":7.0},{"damage":14.0,"enemies":"3 Byrds","floor":18.0,"turns":4.0},{"damage":35,"enemies":"Masked Bandits","floor":19,"turns":4},{"damage":8,"enemies":"2 Thieves","floor":22,"turns":5},{"damage":10,"enemies":"Book of Stabbing","floor":23,"turns":4},{"damage":20,"enemies":"Shelled Parasite and Fungi","floor":27,"turns":2}],"seed_played":"-5686821832098297837","potions_obtained":[{"floor":1.0,"key":"LiquidBronze"},{"floor":5.0,"key":"Poison Potion"},{"floor":5.0,"key":"Poison Potion"},{"floor":7.0,"key":"Fruit Juice"},{"floor":16.0,"key":"Poison Potion"},{"floor":18,"key":"FearPotion"},{"floor":19,"key":"Swift Potion"}],"is_trial":false,"path_per_floor":["M","M","?","M","?","R","E","R","T","M","R","M","E","?","R","B",null,"M","?","?","$","M","E","?","T","T","M"],"character_chosen":"IRONCLAD","items_purchased":["Strawberry","Spot Weakness+1"],"campfire_rested":0,"item_purchase_floors":[21,21],"current_hp_per_floor":[72,70,70,72,72,72,72,72,72,67,67,63,59,59,59,23,64,59,33,33,40,38,37,19,19,19,0],"gold":89,"neow_bonus":"TRANSFORM_TWO_CARDS","is_prod":false,"is_daily":false,"chose_seed":false,"campfire_upgraded":4,"win_rate":0,"timestamp":1558870870,"path_taken":["M","M","?","M","?","R","E","R","T","M","R","?","E","?","R","BOSS","M","?","?","?","?","E","?","?","T","M"],"build_version":"2019-01-23","purchased_purges":1,"victory":false,"max_hp_per_floor":[72,72,72,72,72,72,77,77,77,77,77,77,77,77,77,77,77,80,83,83,90,90,93,98,98,98,98],"card_choices":[{"not_picked":["Dropkick","Entrench"],"picked":"Iron Wave","floor":1.0},{"not_picked":["Perfected Strike","Pommel Strike"],"picked":"Disarm","floor":2.0},{"not_picked":["Battle Trance","Dropkick"],"picked":"Uppercut","floor":4.0},{"not_picked":["Anger","Rupture","Sever Soul"],"picked":"SKIP","floor":7.0},{"not_picked":["Entrench+1","Sword Boomerang"],"picked":"Shrug It Off+1","floor":10.0},{"not_picked":["Burning Pact+1","Wild Strike"],"picked":"Havoc+1","floor":12.0},{"not_picked":["Pummel","Dropkick"],"picked":"Whirlwind","floor":13.0},{"not_picked":["Fiend Fire","Juggernaut"],"picked":"Feed","floor":16.0},{"not_picked":["Reckless Charge+1","Cleave"],"picked":"Shockwave+1","floor":18},{"not_picked":["Perfected Strike","Entrench+1"],"picked":"Ghostly Armor+1","floor":19},{"not_picked":["Clash","Combust+1"],"picked":"Heavy Blade+1","floor":22},{"not_picked":["Pommel Strike","Sword Boomerang"],"picked":"Warcry+1","floor":23}],"player_experience":802061,"relics_obtained":[{"floor":7.0,"key":"Ornamental Fan"},{"floor":9.0,"key":"Toxic Egg 2"},{"floor":13.0,"key":"PreservedInsect"},{"floor":19,"key":"Red Mask"},{"floor":23,"key":"Bottled Tornado"},{"floor":25,"key":"Question Card"},{"floor":26,"key":"Self Forming Clay"}],"event_choices":[{"cards_removed":["Strike_R"],"damage_healed":0.0,"max_hp_gain":0.0,"max_hp_loss":0.0,"gold_gain":0.0,"event_name":"The Cleric","player_choice":"Card Removal","floor":3.0,"gold_loss":50.0,"damage_taken":0.0},{"damage_healed":0.0,"max_hp_gain":0.0,"max_hp_loss":0.0,"gold_gain":0.0,"event_name":"The Woman in Blue","player_choice":"Bought 2 Potions","floor":5.0,"gold_loss":0.0,"damage_taken":0.0},{"damage_healed":0.0,"max_hp_gain":0.0,"max_hp_loss":0.0,"gold_gain":0.0,"cards_transformed":["Strike_R"],"event_name":"Transmorgrifier","player_choice":"Transformed","floor":14.0,"gold_loss":0.0,"damage_taken":0.0,"cards_obtained":["Fire Breathing"]},{"damage_healed":0,"gold_gain":0,"player_choice":"Fought Bandits","damage_taken":0,"max_hp_gain":0,"max_hp_loss":0,"event_name":"Masked Bandits","floor":19,"gold_loss":0},{"damage_healed":0,"gold_gain":0,"player_choice":"Opened","damage_taken":0,"relics_obtained":["The Courier"],"max_hp_gain":0,"max_hp_loss":0,"event_name":"The Mausoleum","floor":20,"gold_loss":0,"cards_obtained":["Writhe"]},{"damage_healed":0,"gold_gain":0,"player_choice":"Shed Blood","damage_taken":23,"max_hp_gain":5,"max_hp_loss":0,"event_name":"Forgotten Altar","floor":24,"gold_loss":0}],"is_beta":false,"boss_relics":[{"not_picked":["Runic Cube","Black Star"],"picked":"Velvet Choker"}],"items_purged_floors":[21],"is_endless":false,"potions_floor_spawned":[1,7,16,18,19],"killed_by":"Shelled Parasite and Fungi","ascension_level":8}