{"gold_per_floor":[119,21,38,38,38,38,367,367,367,367,386,401,417,430,430,556,556,542,558,94,94,94],"floor_reached":22,"playtime":1773,"items_purged":[],"score":195,"play_id":"076f1db9-4ae2-4fd6-9d43-4eb3107c7e7b","local_time":"20180924032216","is_ascension_mode":true,"campfire_choices":[{"data":"Genetic Algorithm","floor":6,"key":"SMITH"},{"floor":10,"key":"REST"},{"floor":15,"key":"REST"}],"neow_cost":"NONE","seed_source_timestamp":917447872782230,"circlet_count":0,"master_deck":["Strike_B","Strike_B","Strike_B","Defend_B","Defend_B","Defend_B","Defend_B","Zap+1","Dualcast","Conserve Battery","Finesse","Genetic Algorithm+1","Buffer","Gash","Scrape","Beam Cell","Go for the Eyes","Reboot","Conserve Battery","Tempest","Conserve Battery"],"relics":["Cracked Core","Old Coin","Golden Idol","Mummified Hand","Runic Dome","PrismaticShard","Bottled Tornado"],"potions_floor_usage":[16,16,19,22],"damage_taken":[{"damage":4,"enemies":"Cultist","floor":1,"turns":4},{"damage":0,"enemies":"Small Slimes","floor":3,"turns":2},{"damage":68,"enemies":"Gremlin Nob","floor":7,"turns":6},{"damage":0,"enemies":"2 Louse","floor":11,"turns":2},{"damage":8,"enemies":"Exordium Wildlife","floor":12,"turns":4},{"damage":0,"enemies":"Looter","floor":13,"turns":3},{"damage":0,"enemies":"Red Slaver","floor":14,"turns":3},{"damage":32,"enemies":"The Guardian","floor":16,"turns":13},{"damage":10,"enemies":"2 Thieves","floor":18,"turns":4},{"damage":29,"enemies":"Spheric Guardian","floor":19,"turns":6},{"damage":32,"enemies":"Cultist and Chosen","floor":22,"turns":8}],"seed_played":"3386921854181472160","potions_obtained":[{"floor":3,"key":"FearPotion"},{"floor":12,"key":"Poison Potion"},{"floor":16,"key":"Poison Potion"},{"floor":19,"key":"Explosive Potion"}],"is_trial":false,"path_per_floor":["M","$","M","$","?","R","E","?","T","R","M","M","M","M","R","B",null,"M","M","$","?"],"character_chosen":"DEFECT","items_purchased":["Finesse","PrismaticShard","Conserve Battery","Bottled Tornado"],"campfire_rested":2,"item_purchase_floors":[2,20,20,20],"current_hp_per_floor":[71,71,71,71,71,71,3,3,3,23,23,15,15,15,35,3,69,59,30,30,30,0],"gold":94,"neow_bonus":"UPGRADE_CARD","is_prod":false,"is_daily":false,"chose_seed":false,"campfire_upgraded":1,"win_rate":0,"timestamp":1537773736,"path_taken":["M","$","?","?","?","R","E","?","T","R","M","M","M","M","R","BOSS","M","M","$","?","M"],"build_version":"2018-09-20","purchased_purges":0,"victory":false,"max_hp_per_floor":[75,75,75,75,75,75,75,69,69,69,69,69,69,69,69,69,69,69,69,69,69,69],"card_choices":[{"not_picked":["Hologram","Streamline"],"picked":"Conserve Battery","floor":1},{"not_picked":["Gash","Beam Cell"],"picked":"Genetic Algorithm","floor":3},{"not_picked":["Hyperbeam","Static Discharge"],"picked":"Buffer","floor":7},{"not_picked":["Barrage","Darkness"],"picked":"Gash","floor":11},{"not_picked":["Coolheaded","Sweeping Beam"],"picked":"Scrape","floor":12},{"not_picked":["Streamline","Rebound"],"picked":"Beam Cell","floor":13},{"not_picked":["Compile Driver","Conserve Battery"],"picked":"Go for the Eyes","floor":14},{"not_picked":["Hyperbeam","Biased Cognition"],"picked":"Reboot","floor":16},{"not_picked":["Force Field","Capacitor"],"picked":"Conserve Battery","floor":18},{"not_picked":["Rebound","Rip and Tear+1"],"picked":"Tempest","floor":19}],"player_experience":145881,"relics_obtained":[{"floor":7,"key":"Old Coin"},{"floor":9,"key":"Mummified Hand"}],"event_choices":[{"event_name":"Transmorgrifier","player_choice":"Transform","floor":5,"damage_taken":0},{"event_name":"Golden Idol","player_choice":"Lose Max HP","floor":8,"damage_taken":0},{"event_name":"Purifier","player_choice":"One Purge","floor":21,"damage_taken":0}],"is_beta":false,"boss_relics":[{"not_picked":["Velvet Choker","Lizard Tail"],"picked":"Runic Dome"}],"items_purged_floors":[],"is_endless":false,"potions_floor_spawned":[3,12,16,19],"killed_by":"Cultist and Chosen","ascension_level":1}