{"gold_per_floor":[118,133,208,222,275,275,303,83,83,83,83,93,119,130,130,227,227,244,424,444,458,478,51,51,51,51,83,83,9,9],"floor_reached":30,"playtime":2158,"items_purged":[],"score":340,"play_id":"1350d8d0-ae17-4fb8-b4de-723fcdcf86e8","local_time":"20190324182605","is_ascension_mode":true,"campfire_choices":[{"data":"Zap","floor":6,"key":"SMITH"},{"data":"Buffer","floor":10,"key":"SMITH"},{"data":"The Bomb","floor":15,"key":"SMITH"},{"floor":25,"key":"REST"},{"data":"Defragment","floor":28,"key":"SMITH"}],"neow_cost":"NONE","seed_source_timestamp":249023394577778,"circlet_count":0,"master_deck":["Strike_B","Strike_B","Defend_B","Defend_B","Defend_B","Defend_B","Zap+1","Dualcast","Steam Power","Doom and Gloom","Cold Snap","Conserve Battery","Buffer+1","Self Repair","The Bomb+1","Conserve Battery","Sweeping Beam","Conserve Battery","Creative AI","Genetic Algorithm","Reboot","Chaos","Defragment+1","Coolheaded","Fusion","Steam","Sunder"],"relics":["Cracked Core","Nunchaku","Meat on the Bone","Vajra","Nuclear Battery","Emotion Chip","Omamori","Sundial"],"potions_floor_usage":[13,18],"damage_taken":[{"damage":0,"enemies":"Small Slimes","floor":1,"turns":2},{"damage":0,"enemies":"2 Louse","floor":2,"turns":2},{"damage":2,"enemies":"Jaw Worm","floor":4,"turns":3},{"damage":18,"enemies":"Lagavulin","floor":7,"turns":6},{"damage":0,"enemies":"Large Slime","floor":12,"turns":5},{"damage":0,"enemies":"Gremlin Nob","floor":13,"turns":4},{"damage":11,"enemies":"3 Louse","floor":14,"turns":3},{"damage":30,"enemies":"Hexaghost","floor":16,"turns":10},{"damage":23,"enemies":"2 Thieves","floor":18,"turns":5},{"damage":0,"enemies":"Chosen","floor":20,"turns":5},{"damage":18,"enemies":"Sentry and Sphere","floor":21,"turns":5},{"damage":0,"enemies":"Snecko","floor":22,"turns":8},{"damage":4,"enemies":"Book of Stabbing","floor":27,"turns":6},{"damage":78,"enemies":"Gremlin Leader","floor":30,"turns":6}],"seed_played":"-101603987761000747","potions_obtained":[{"floor":1,"key":"Swift Potion"},{"floor":4,"key":"LiquidBronze"},{"floor":20,"key":"LiquidBronze"},{"floor":27,"key":"SpeedPotion"}],"is_trial":false,"path_per_floor":["?","?","$","?","?","M","?"],"character_chosen":"DEFECT","items_purchased":["Self Repair","The Bomb","Coolheaded","Emotion Chip","Fusion","Sunder"],"campfire_rested":1,"item_purchase_floors":[8,8,23,23,23,29],"current_hp_per_floor":[75,75,64,62,62,62,44,44,44,44,69,75,75,71,71,48,75,59,38,45,46,46,46,46,68,68,71,71,71,0],"gold":9,"neow_bonus":"TRANSFORM_CARD","is_prod":false,"is_daily":false,"chose_seed":false,"campfire_upgraded":4,"win_rate":0,"timestamp":1553466365,"path_taken":["M","M","?","M","?","R","E","?","T","R","?","M","E","M","R","BOSS","M","?","?","M","M","$","?","R","T","E","R","$","E"],"build_version":"2019-01-23","purchased_purges":0,"victory":false,"max_hp_per_floor":[75,75,75,75,75,75,75,75,75,75,75,75,75,75,75,75,75,75,75,75,75,75,75,75,75,75,75,75,75,75],"card_choices":[{"not_picked":["Heatsinks","Tempest"],"picked":"Doom and Gloom","floor":1},{"not_picked":["Turbo","Capacitor"],"picked":"Cold Snap","floor":2},{"not_picked":["Barrage","Hello World"],"picked":"Conserve Battery","floor":4},{"not_picked":["Melter","Streamline"],"picked":"Buffer","floor":7},{"not_picked":["Gash","Recycle"],"picked":"Conserve Battery","floor":12},{"not_picked":["Go for the Eyes","Streamline"],"picked":"Sweeping Beam","floor":13},{"not_picked":["Turbo","Capacitor"],"picked":"Conserve Battery","floor":14},{"not_picked":["Buffer","Meteor Strike"],"picked":"Creative AI","floor":16},{"not_picked":["Gash","Ball Lightning"],"picked":"Genetic Algorithm","floor":18},{"not_picked":["Lockon","Stack"],"picked":"Reboot","floor":20},{"not_picked":["White Noise","Barrage+1"],"picked":"Chaos","floor":21},{"not_picked":["Leap+1","Reinforced Body"],"picked":"Defragment","floor":22},{"not_picked":["Go for the Eyes","Scrape"],"picked":"Steam","floor":27}],"player_experience":320525,"relics_obtained":[{"floor":7,"key":"Nunchaku"},{"floor":9,"key":"Meat on the Bone"},{"floor":13,"key":"Vajra"},{"floor":26,"key":"Omamori"},{"floor":27,"key":"Sundial"}],"event_choices":[{"damage_healed":0,"gold_gain":75,"player_choice":"Gather Gold","damage_taken":11,"max_hp_gain":0,"max_hp_loss":0,"event_name":"World of Goop","floor":3,"gold_loss":0},{"damage_healed":0,"gold_gain":53,"player_choice":"Gained Gold","damage_taken":0,"max_hp_gain":0,"max_hp_loss":0,"event_name":"Golden Wing","floor":5,"gold_loss":0},{"damage_healed":25,"gold_gain":0,"player_choice":"Banana","damage_taken":0,"max_hp_gain":0,"max_hp_loss":0,"event_name":"Big Fish","floor":11,"gold_loss":0},{"damage_healed":0,"gold_gain":180,"player_choice":"GOLD GOLD ","damage_taken":21,"max_hp_gain":0,"max_hp_loss":0,"event_name":"Knowing Skull","floor":19,"potions_obtained":[],"gold_loss":0,"cards_obtained":[]},{"cards_removed":["Strike_B"],"damage_healed":0,"gold_gain":0,"player_choice":"Purged","damage_taken":0,"max_hp_gain":0,"max_hp_loss":0,"event_name":"Purifier","floor":24,"gold_loss":0}],"is_beta":false,"boss_relics":[{"not_picked":["Velvet Choker","Ectoplasm"],"picked":"Nuclear Battery"}],"items_purged_floors":[],"is_endless":false,"potions_floor_spawned":[1,4,20,27],"killed_by":"Gremlin Leader","ascension_level":4}