{"gold_per_floor":[110,110,121,131,150,150,208,208,208,225,257,274,292,317,317,415,415,434,423,423,37,57,57,85,85,164,178,178,198,209,228,228,228],"floor_reached":33,"playtime":3606,"items_purged":[],"score":298,"play_id":"742cef8c-1db1-482b-b4d8-514fdf60b716","local_time":"20190217005621","is_ascension_mode":false,"campfire_choices":[{"data":"Envenom","floor":6,"key":"SMITH"},{"floor":8,"key":"REST"},{"floor":15,"key":"REST"},{"data":"Storm of Steel","floor":23,"key":"SMITH"},{"floor":25,"key":"REST"},{"floor":28,"key":"REST"},{"floor":32,"key":"REST"}],"neow_cost":"NONE","seed_source_timestamp":356838648257482,"circlet_count":0,"master_deck":["Defend_G","Defend_G","Defend_G","Defend_G","Defend_G","Strike_G","Strike_G","Strike_G","Strike_G","Survivor","Neutralize","Venomology","Flying Knee","Envenom+1","Poisoned Stab","Cloak And Dagger","Storm of Steel+1","Blade Dance","Dash","Night Terror","Dodge and Roll","Caltrops","Setup","Bullet Time","Flying Knee+1","Predator","Writhe","Apotheosis","Footwork","Backflip","Quick Slash","Dagger Throw","Bane+1","Blur","Backstab+1","PiercingWail","Predator+1","Quick Slash+1"],"relics":["Ring of the Snake","Dodecahedron","The Specimen","Vajra","Odd Mushroom","Eternal Feather","Regal Pillow","Art of War","Molten Egg 2"],"potions_floor_usage":[1,3,4,11,11,13,14,16,16,19,22,24,27,29,31],"damage_taken":[{"damage":0,"enemies":"2 Louse","floor":1,"turns":5},{"damage":0,"enemies":"Small Slimes","floor":3,"turns":3},{"damage":0,"enemies":"Cultist","floor":4,"turns":4},{"damage":2,"enemies":"Blue Slaver","floor":5,"turns":4},{"damage":32,"enemies":"Gremlin Nob","floor":7,"turns":4},{"damage":6,"enemies":"3 Louse","floor":10,"turns":5},{"damage":14,"enemies":"Lagavulin","floor":11,"turns":8},{"damage":0,"enemies":"2 Fungi Beasts","floor":12,"turns":3},{"damage":1,"enemies":"Exordium Wildlife","floor":13,"turns":4},{"damage":7,"enemies":"The Mushroom Lair","floor":14,"turns":4},{"damage":46,"enemies":"The Guardian","floor":16,"turns":14},{"damage":5,"enemies":"3 Byrds","floor":18,"turns":4},{"damage":20,"enemies":"2 Thieves","floor":19,"turns":4},{"damage":4,"enemies":"Snecko","floor":22,"turns":8},{"damage":64,"enemies":"Slavers","floor":24,"turns":8},{"damage":20,"enemies":"Shelled Parasite and Fungi","floor":27,"turns":7},{"damage":25,"enemies":"Snake Plant","floor":29,"turns":5},{"damage":13,"enemies":"Cultist and Chosen","floor":30,"turns":7},{"damage":8,"enemies":"Centurion and Healer","floor":31,"turns":9},{"damage":92,"enemies":"Collector","floor":33,"turns":7}],"seed_played":"-1077662307166403309","potions_obtained":[{"floor":1,"key":"SmokeBomb"},{"floor":7,"key":"GamblersBrew"},{"floor":11,"key":"FairyPotion"},{"floor":12,"key":"Dexterity Potion"},{"floor":16,"key":"Energy Potion"},{"floor":18,"key":"SteroidPotion"},{"floor":19,"key":"Swift Potion"},{"floor":22,"key":"SteroidPotion"},{"floor":27,"key":"Fire Potion"}],"is_trial":false,"path_per_floor":["?","?","?","?"],"character_chosen":"THE_SILENT","items_purchased":["Apotheosis","Footwork","Backflip","Quick Slash","Dagger Throw"],"campfire_rested":5,"item_purchase_floors":[21,21,21,21,21],"current_hp_per_floor":[70,70,70,70,68,68,36,57,57,51,37,37,36,29,50,4,70,65,45,45,45,41,59,7,61,61,41,70,45,32,24,70,7],"gold":228,"neow_bonus":"ONE_RANDOM_RARE_CARD","is_prod":false,"is_daily":false,"chose_seed":false,"campfire_upgraded":2,"win_rate":0,"timestamp":1550382981,"path_taken":["M","?","M","M","M","R","?","R","T","M","E","M","M","?","R","BOSS","M","M","?","$","M","R","E","R","T","M","R","M","M","M","R","BOSS"],"build_version":"2019-01-23","purchased_purges":0,"victory":false,"max_hp_per_floor":[70,70,70,70,70,70,70,70,70,70,70,70,70,70,70,70,70,70,70,70,70,70,70,70,70,70,70,70,70,70,70,70,70],"card_choices":[{"not_picked":["Calculated Gamble","Outmaneuver"],"picked":"Flying Knee","floor":1},{"not_picked":["Dagger Throw","Dagger Spray"],"picked":"Poisoned Stab","floor":3},{"not_picked":["Quick Slash","Endless Agony"],"picked":"Cloak And Dagger","floor":4},{"not_picked":["Tactician","Choke"],"picked":"Storm of Steel","floor":5},{"not_picked":["Deadly Poison","Distraction"],"picked":"Blade Dance","floor":7},{"not_picked":["Noxious Fumes","Quick Slash"],"picked":"Dash","floor":10},{"not_picked":["Cloak And Dagger","Outmaneuver"],"picked":"Night Terror","floor":11},{"not_picked":["Prepared","Heel Hook"],"picked":"Dodge and Roll","floor":12},{"not_picked":["Eviscerate","Predator"],"picked":"Caltrops","floor":13},{"not_picked":["Cloak And Dagger","Deflect"],"picked":"Setup","floor":14},{"not_picked":["Corpse Explosion","Unload"],"picked":"Bullet Time","floor":16},{"not_picked":["Endless Agony","Tactician"],"picked":"Flying Knee+1","floor":18},{"not_picked":["Flying Knee","Poisoned Stab"],"picked":"Predator","floor":19},{"not_picked":["Backflip","Dodge and Roll"],"picked":"Bane+1","floor":22},{"not_picked":["Prepared","Sucker Punch"],"picked":"Blur","floor":24},{"not_picked":["Blade Dance","Dodge and Roll"],"picked":"Backstab+1","floor":27},{"not_picked":["Backflip","Escape Plan"],"picked":"PiercingWail","floor":29},{"not_picked":["Poisoned Stab+1","Caltrops"],"picked":"Predator+1","floor":30},{"not_picked":["Blade Dance","Deflect"],"picked":"Quick Slash+1","floor":31}],"player_experience":65931,"relics_obtained":[{"floor":7,"key":"Dodecahedron"},{"floor":9,"key":"The Specimen"},{"floor":11,"key":"Vajra"},{"floor":14,"key":"Odd Mushroom"},{"floor":24,"key":"Art of War"},{"floor":26,"key":"Molten Egg 2"}],"event_choices":[{"damage_healed":0,"gold_gain":0,"cards_transformed":["Strike_G"],"player_choice":"Change","damage_taken":0,"max_hp_gain":0,"max_hp_loss":0,"event_name":"Living Wall","floor":2,"gold_loss":0,"cards_obtained":["Envenom"]},{"damage_healed":0,"gold_gain":0,"player_choice":"Searched \u00272\u0027 times","damage_taken":0,"max_hp_gain":0,"max_hp_loss":0,"event_name":"Dead Adventurer","floor":7,"gold_loss":0},{"damage_healed":0,"gold_gain":0,"player_choice":"Fought Mushrooms","damage_taken":0,"max_hp_gain":0,"max_hp_loss":0,"event_name":"Mushrooms","floor":14,"gold_loss":0},{"damage_healed":0,"gold_gain":0,"player_choice":"Opened","damage_taken":0,"relics_obtained":["Regal Pillow"],"max_hp_gain":0,"max_hp_loss":0,"event_name":"The Mausoleum","floor":20,"gold_loss":0,"cards_obtained":["Writhe"]}],"is_beta":false,"boss_relics":[{"not_picked":["Busted Crown","Coffee Dripper"],"picked":"Eternal Feather"}],"items_purged_floors":[],"is_endless":false,"potions_floor_spawned":[1,7,11,12,13,14,16,18,19,22,27],"killed_by":"Collector","ascension_level":0}