{"gold_per_floor":[114,130,143,143,161,191,191,208,233,265,290,302,346,378,390,501,513,543,566,598,710,740,786,723,735],"floor_reached":25,"playtime":7115,"items_purged":[],"score":289,"play_id":"7fed91d7-9fb8-40db-8fc6-0cb7b16eb889","local_time":"20190511025342","is_ascension_mode":false,"campfire_choices":[{"data":"Chaos","floor":7.0,"key":"SMITH"},{"data":"Loop","floor":12.0,"key":"SMITH"},{"data":"Tempest","floor":15.0,"key":"SMITH"}],"neow_cost":"NONE","seed_source_timestamp":125907810055032,"circlet_count":0,"master_deck":["Strike_B","Strike_B","Defend_B","Defend_B","Defend_B","Defend_B","Zap","Dualcast","Machine Learning","Melter","Tempest+1","Chaos+1","Biased Cognition","Self Repair","Barrage","Auto Shields","Loop+1","Reprogram","Glacier","Seek","Ball Lightning+1","Doom and Gloom","Fusion+1","Rebound","BootSequence","Lockon"],"special_seed":0,"relics":["Cracked Core","Ancient Tea Set","MawBank","Vajra","Fusion Hammer","Ice Cream","Bottled Flame","Strawberry"],"potions_floor_usage":[],"damage_taken":[{"damage":0.0,"enemies":"Small Slimes","floor":1.0,"turns":3.0},{"damage":0.0,"enemies":"Cultist","floor":2.0,"turns":2.0},{"damage":0.0,"enemies":"2 Louse","floor":3.0,"turns":2.0},{"damage":1.0,"enemies":"Large Slime","floor":5.0,"turns":5.0},{"damage":37.0,"enemies":"3 Sentries","floor":6.0,"turns":9.0},{"damage":0.0,"enemies":"Blue Slaver","floor":8.0,"turns":3.0},{"damage":2.0,"enemies":"3 Louse","floor":10.0,"turns":3.0},{"damage":4.0,"enemies":"2 Fungi Beasts","floor":11.0,"turns":2.0},{"damage":2.0,"enemies":"Lagavulin","floor":13.0,"turns":5.0},{"damage":7.0,"enemies":"Blue Slaver","floor":14.0,"turns":4.0},{"damage":0.0,"enemies":"Slime Boss","floor":16.0,"turns":6.0},{"damage":0.0,"enemies":"Shell Parasite","floor":18.0,"turns":4.0},{"damage":15.0,"enemies":"2 Thieves","floor":19.0,"turns":3.0},{"damage":14.0,"enemies":"Snake Plant","floor":20.0,"turns":4.0},{"damage":15.0,"enemies":"Colosseum Slavers","floor":21.0,"turns":4.0},{"damage":0.0,"enemies":"Colosseum Nobs","floor":21.0,"turns":3.0},{"damage":22.0,"enemies":"Shelled Parasite and Fungi","floor":22.0,"turns":3.0},{"damage":12.0,"enemies":"Book of Stabbing","floor":23.0,"turns":5.0},{"damage":26,"enemies":"Slavers","floor":25,"turns":2}],"seed_played":"7420398100872258655","potions_obtained":[{"floor":1.0,"key":"AttackPotion"},{"floor":2.0,"key":"Strength Potion"},{"floor":8.0,"key":"SpeedPotion"},{"floor":10.0,"key":"EntropicBrew"},{"floor":14.0,"key":"Weak Potion"},{"floor":19.0,"key":"EntropicBrew"}],"is_trial":false,"path_per_floor":["M","M","M","?","M","E","R","M","T","M","M","R","E","M","R","B",null,"M","M","M","?","M","E","?","E"],"character_chosen":"DEFECT","items_purchased":[],"campfire_rested":0,"item_purchase_floors":[],"current_hp_per_floor":[75,75,75,75,74,37,37,44,44,49,45,45,50,50,50,50,75,75,60,53,45,23,25,25,0],"gold":735,"neow_bonus":"ONE_RANDOM_RARE_CARD","is_prod":false,"is_daily":false,"chose_seed":false,"campfire_upgraded":3,"win_rate":0.0,"timestamp":1557523422,"path_taken":["M","M","M","?","?","E","R","M","T","M","M","R","E","M","R","BOSS","M","M","M","?","M","E","?","E"],"build_version":"2019-01-23","purchased_purges":0,"victory":false,"max_hp_per_floor":[75,75,75,75,75,75,75,75,75,75,75,75,75,75,75,75,75,75,75,75,75,75,82,82,82],"card_choices":[{"not_picked":["Hello World","Gash"],"picked":"Melter","floor":1.0},{"not_picked":["Ball Lightning","Sweeping Beam"],"picked":"Tempest","floor":2.0},{"not_picked":["Sweeping Beam","Barrage"],"picked":"Chaos","floor":3.0},{"not_picked":["Hologram","Rip and Tear"],"picked":"Biased Cognition","floor":5.0},{"not_picked":["FTL","Scrape"],"picked":"Self Repair","floor":6.0},{"not_picked":["Cold Snap","Scrape"],"picked":"Barrage","floor":8.0},{"not_picked":["Melter","Compile Driver"],"picked":"Auto Shields","floor":10.0},{"not_picked":["Rebound","Leap"],"picked":"Loop","floor":11.0},{"not_picked":["Leap","Stack"],"picked":"Reprogram","floor":13.0},{"not_picked":["Compile Driver","Gash"],"picked":"Glacier","floor":14.0},{"not_picked":["Creative AI","Fission"],"picked":"Seek","floor":16.0},{"not_picked":["Steam","Steam Power"],"picked":"Ball Lightning+1","floor":18.0},{"not_picked":["Sweeping Beam+1","Leap"],"picked":"Doom and Gloom","floor":19.0},{"not_picked":["Double Energy","Ball Lightning"],"picked":"Fusion+1","floor":20.0},{"not_picked":["Cold Snap","Tempest+1"],"picked":"Rebound","floor":21.0},{"not_picked":["Barrage","Conserve Battery+1"],"picked":"BootSequence","floor":22.0},{"not_picked":["Compile Driver","Steam"],"picked":"Lockon","floor":23.0}],"player_experience":116733,"relics_obtained":[{"floor":6.0,"key":"Ancient Tea Set"},{"floor":9.0,"key":"MawBank"},{"floor":13.0,"key":"Vajra"},{"floor":21.0,"key":"Ice Cream"},{"floor":21.0,"key":"Bottled Flame"},{"floor":23.0,"key":"Strawberry"}],"event_choices":[{"cards_removed":["Strike_B"],"damage_healed":0.0,"max_hp_gain":0.0,"max_hp_loss":0.0,"gold_gain":0.0,"event_name":"Purifier","player_choice":"Purged","floor":4.0,"gold_loss":0.0,"damage_taken":0.0},{"damage_healed":0.0,"max_hp_gain":0.0,"max_hp_loss":0.0,"gold_gain":0.0,"event_name":"Colosseum","player_choice":"Fight","floor":21.0,"gold_loss":0.0,"damage_taken":0.0},{"damage_healed":0.0,"max_hp_gain":0.0,"max_hp_loss":0.0,"gold_gain":0.0,"event_name":"Colosseum","player_choice":"Fought Nobs","floor":21.0,"gold_loss":0.0,"damage_taken":0.0},{"cards_removed":["Strike_B"],"damage_healed":0.0,"max_hp_gain":0.0,"max_hp_loss":0.0,"gold_gain":0.0,"event_name":"Beggar","player_choice":"Gave Gold","floor":24.0,"gold_loss":75.0,"damage_taken":0.0}],"is_beta":false,"boss_relics":[{"not_picked":["White Beast Statue","Sozu"],"picked":"Fusion Hammer"}],"items_purged_floors":[],"is_endless":false,"potions_floor_spawned":[1,2,8,10,14,19,21],"killed_by":"Slavers","ascension_level":0}