{"gold_per_floor":[114,289,309,10,20,49,66,100,100,132,132,132,143,143,143,241,241,255,275,291,309,309,334,259,286,286,286,93,121,46,121,121,219,219,239,23,43,53,99,130,230,260,260,286,305,305,316,348,348,348,348,348,47,72,72],"floor_reached":56,"playtime":21974,"items_purged":["Strike_R","Strike_R"],"score":2209,"play_id":"324d5a5e-4bfa-494d-b53e-7132717d3c19","local_time":"20190531164924","is_ascension_mode":true,"campfire_choices":[{"data":"True Grit","floor":12.0,"key":"SMITH"},{"data":"Fiend Fire","floor":15.0,"key":"SMITH"},{"data":"Heavy Blade","floor":27.0,"key":"SMITH"},{"data":"Immolate","floor":32.0,"key":"SMITH"},{"floor":49.0,"key":"RECALL"},{"data":"Corruption","floor":52.0,"key":"SMITH"}],"neow_cost":"NONE","seed_source_timestamp":1054332617671833,"circlet_count":0,"master_deck":["AscendersBane","Strike_R","Defend_R+1","Defend_R","Defend_R","Defend_R","Bash","Fiend Fire+1","True Grit+1","Battle Trance+1","Uppercut","Corruption+1","Immolate+1","Shrug It Off+1","Impervious+1","Demon Form+1","Shrug It Off+1","Shockwave+1","Heavy Blade+1","Demon Form+1","Havoc+1","Mayhem+1","Feed","Entrench+1","Havoc+1","Pummel","Warcry+1","Panacea+1","Havoc+1"],"special_seed":0,"relics":["Burning Blood","Happy Flower","Pen Nib","Centennial Puzzle","Dead Branch","Toxic Egg 2","Frozen Egg 2","Coffee Dripper","Shuriken","Art of War","Mummified Hand","Nunchaku","Runic Dome","Lantern","Peace Pipe","Smiling Mask","StoneCalendar","Potion Belt","Meat on the Bone","Bag of Preparation","War Paint","Strawberry"],"potions_floor_usage":[55,55,55,55,55,55,55],"damage_taken":[{"damage":2.0,"enemies":"2 Louse","floor":1.0,"turns":3.0},{"damage":4.0,"enemies":"Small Slimes","floor":3.0,"turns":7.0},{"damage":0.0,"enemies":"Cultist","floor":5.0,"turns":2.0},{"damage":18.0,"enemies":"Lagavulin","floor":6.0,"turns":7.0},{"damage":4.0,"enemies":"Looter","floor":7.0,"turns":4.0},{"damage":1.0,"enemies":"3 Sentries","floor":8.0,"turns":9.0},{"damage":23.0,"enemies":"Gremlin Nob","floor":10.0,"turns":4.0},{"damage":0.0,"enemies":"Blue Slaver","floor":13.0,"turns":2.0},{"damage":22.0,"enemies":"The Guardian","floor":16.0,"turns":9.0},{"damage":0.0,"enemies":"Shell Parasite","floor":18.0,"turns":4.0},{"damage":3.0,"enemies":"2 Thieves","floor":19.0,"turns":4.0},{"damage":0.0,"enemies":"Snecko","floor":20.0,"turns":3.0},{"damage":7.0,"enemies":"Centurion and Healer","floor":21.0,"turns":4.0},{"damage":0.0,"enemies":"Gremlin Leader","floor":23.0,"turns":4.0},{"damage":0.0,"enemies":"Slavers","floor":25.0,"turns":10.0},{"damage":0.0,"enemies":"Gremlin Leader","floor":29.0,"turns":5.0},{"damage":7.0,"enemies":"Automaton","floor":33.0,"turns":5.0},{"damage":0.0,"enemies":"Orb Walker","floor":35.0,"turns":2.0},{"damage":3.0,"enemies":"3 Darklings","floor":37.0,"turns":3.0},{"damage":4.0,"enemies":"Sphere and 2 Shapes","floor":38.0,"turns":4.0},{"damage":11.0,"enemies":"2 Orb Walkers","floor":39.0,"turns":2.0},{"damage":0.0,"enemies":"Giant Head","floor":40.0,"turns":4.0},{"damage":0.0,"enemies":"Mind Bloom Boss Battle","floor":41.0,"turns":4.0},{"damage":26.0,"enemies":"Nemesis","floor":42.0,"turns":5.0},{"damage":5.0,"enemies":"Giant Head","floor":44.0,"turns":4.0},{"damage":12.0,"enemies":"Maw","floor":45.0,"turns":5.0},{"damage":0.0,"enemies":"Jaw Worm Horde","floor":47.0,"turns":4.0},{"damage":30.0,"enemies":"Nemesis","floor":48.0,"turns":5.0},{"damage":13.0,"enemies":"Donu and Deca","floor":50.0,"turns":5.0},{"damage":4.0,"enemies":"Shield and Spear","floor":54.0,"turns":3.0},{"damage":47,"enemies":"The Heart","floor":55,"turns":5}],"seed_played":"6880828555564672433","potions_obtained":[{"floor":3.0,"key":"FearPotion"},{"floor":6.0,"key":"SpeedPotion"},{"floor":7.0,"key":"EssenceOfSteel"},{"floor":11.0,"key":"AttackPotion"},{"floor":13.0,"key":"Energy Potion"},{"floor":16.0,"key":"Block Potion"},{"floor":18.0,"key":"FearPotion"},{"floor":21.0,"key":"Block Potion"},{"floor":33.0,"key":"PowerPotion"},{"floor":37.0,"key":"BloodPotion"},{"floor":38.0,"key":"Strength Potion"},{"floor":41.0,"key":"Strength Potion"},{"floor":42.0,"key":"Fire Potion"},{"floor":45.0,"key":"EntropicBrew"}],"is_trial":false,"path_per_floor":["M","?","M","$","M","E","M","E","T","E","?","R","M","?","R","B",null,"M","M","M","M","?","E","?","E","T","R","$","E","$","?","R","B",null,"M","$","M","M","?","E","?","E","T","E","M","?","M","E","R","B",null,"R","$","E","B",null],"character_chosen":"IRONCLAD","items_purchased":["Happy Flower","Pen Nib","Mayhem+1","Lantern","Entrench+1","War Paint","Strength Potion","Havoc+1"],"campfire_rested":0,"item_purchase_floors":[4,4,28,36,36,53,53,53],"current_hp_per_floor":[76,76,78,78,80,68,70,75,75,58,58,58,64,64,64,48,72,78,80,80,79,79,80,80,80,80,80,80,80,80,72,72,71,78,83,83,83,83,78,87,87,67,67,72,66,66,75,63,63,56,85,85,85,94,65],"gold":72,"neow_bonus":"TRANSFORM_CARD","is_prod":false,"is_daily":false,"chose_seed":false,"campfire_upgraded":5,"win_rate":0,"timestamp":1559301564,"path_taken":["M","?","M","$","M","E","M","E","T","E","?","R","?","?","R","BOSS","M","M","M","M","?","E","?","E","T","R","$","E","$","?","R","BOSS","M","$","?","M","?","E","?","E","T","E","M","?","M","E","R","BOSS","R","$","E","BOSS"],"build_version":"2019-01-23","purchased_purges":2,"victory":true,"max_hp_per_floor":[80,80,80,80,80,80,80,80,80,80,80,80,80,80,80,80,80,80,80,80,80,80,80,80,80,80,80,80,80,80,80,80,80,80,83,83,83,83,83,87,87,87,87,91,91,91,94,94,94,94,94,94,94,101,101],"card_choices":[{"not_picked":["Thunderclap","Warcry"],"picked":"True Grit","floor":1.0},{"not_picked":["Power Through","Body Slam"],"picked":"Battle Trance","floor":3.0},{"not_picked":["Combust","Rupture","Intimidate"],"picked":"SKIP","floor":5.0},{"not_picked":["Warcry","Thunderclap"],"picked":"Uppercut","floor":6.0},{"not_picked":["Anger","Iron Wave","Entrench"],"picked":"SKIP","floor":7.0},{"not_picked":["Anger","Clothesline"],"picked":"Corruption","floor":8.0},{"not_picked":["Dual Wield+1","Intimidate+1"],"picked":"Immolate","floor":10.0},{"not_picked":["True Grit+1","Sentinel+1"],"picked":"Shrug It Off+1","floor":13.0},{"not_picked":["Fiend Fire","Reaper"],"picked":"Demon Form+1","floor":16.0},{"not_picked":["Anger","Thunderclap"],"picked":"Shrug It Off+1","floor":18.0},{"not_picked":["Sever Soul+1","Bloodletting+1","Thunderclap+1"],"picked":"SKIP","floor":19.0},{"not_picked":["Perfected Strike","Twin Strike"],"picked":"Shockwave+1","floor":20.0},{"not_picked":["Anger","Clothesline"],"picked":"Heavy Blade","floor":21.0},{"not_picked":["Pummel","Iron Wave"],"picked":"Demon Form+1","floor":23.0},{"not_picked":["Thunderclap","Headbutt"],"picked":"Havoc+1","floor":25.0},{"not_picked":["Shockwave+1","Bludgeon","Cleave"],"picked":"SKIP","floor":29.0},{"not_picked":["Barricade+1","Bludgeon"],"picked":"Feed","floor":33.0},{"not_picked":["Anger+1","Flex+1","Heavy Blade"],"picked":"SKIP","floor":35.0},{"not_picked":["Perfected Strike","Clash"],"picked":"Havoc+1","floor":37.0},{"not_picked":["True Grit+1","Anger","Pommel Strike"],"picked":"SKIP","floor":38.0},{"not_picked":["Entrench+1","Brutality+1"],"picked":"Pummel","floor":40.0},{"not_picked":["Pommel Strike","Sword Boomerang+1"],"picked":"Warcry+1","floor":41.0},{"not_picked":["Sentinel+1","Perfected Strike","Evolve+1"],"picked":"SKIP","floor":42.0},{"not_picked":["Ghostly Armor+1","Power Through+1","Corruption+1"],"picked":"SKIP","floor":44.0},{"not_picked":["Inflame+1","Cleave","Armaments+1"],"picked":"SKIP","floor":45.0},{"not_picked":["Good Instincts+1","Madness+1"],"picked":"Panacea+1","floor":46.0},{"not_picked":["Twin Strike+1","Metallicize+1","Shockwave+1"],"picked":"SKIP","floor":47.0},{"not_picked":["Wild Strike","Intimidate+1","True Grit+1"],"picked":"SKIP","floor":48.0},{"not_picked":["Power Through+1","Sword Boomerang","Immolate"],"picked":"SKIP","floor":54.0}],"player_experience":996181,"relics_obtained":[{"floor":6.0,"key":"Centennial Puzzle"},{"floor":8.0,"key":"Dead Branch"},{"floor":9.0,"key":"Toxic Egg 2"},{"floor":10.0,"key":"Frozen Egg 2"},{"floor":23.0,"key":"Shuriken"},{"floor":25.0,"key":"Art of War"},{"floor":26.0,"key":"Mummified Hand"},{"floor":29.0,"key":"Nunchaku"},{"floor":39.0,"key":"Peace Pipe"},{"floor":40.0,"key":"Smiling Mask"},{"floor":41.0,"key":"StoneCalendar"},{"floor":42.0,"key":"Potion Belt"},{"floor":44.0,"key":"Meat on the Bone"},{"floor":48.0,"key":"Bag of Preparation"},{"floor":54.0,"key":"Strawberry"}],"event_choices":[{"damage_healed":0.0,"max_hp_gain":0.0,"max_hp_loss":0.0,"gold_gain":175.0,"event_name":"Liars Game","player_choice":"AGREE","floor":2.0,"gold_loss":0.0,"damage_taken":0.0,"cards_obtained":["Doubt"]},{"damage_healed":0.0,"max_hp_gain":0.0,"max_hp_loss":0.0,"gold_gain":0.0,"event_name":"Lab","player_choice":"Got Potions","floor":11.0,"gold_loss":0.0,"damage_taken":0.0},{"damage_healed":0.0,"max_hp_gain":0.0,"max_hp_loss":0.0,"gold_gain":0.0,"cards_transformed":["Strike_R"],"event_name":"Living Wall","player_choice":"Change","floor":14.0,"gold_loss":0.0,"damage_taken":0.0,"cards_obtained":["Impervious"]},{"damage_healed":0.0,"max_hp_gain":0.0,"max_hp_loss":0.0,"gold_gain":0.0,"event_name":"Vampires","player_choice":"Ignored","floor":22.0,"gold_loss":0.0,"damage_taken":0.0},{"cards_removed":["Doubt"],"damage_healed":0.0,"max_hp_gain":0.0,"max_hp_loss":0.0,"gold_gain":0.0,"event_name":"Beggar","player_choice":"Gave Gold","floor":24.0,"gold_loss":75.0,"damage_taken":0.0},{"damage_healed":0.0,"max_hp_gain":0.0,"max_hp_loss":0.0,"gold_gain":75.0,"event_name":"FaceTrader","player_choice":"Touch","floor":31.0,"gold_loss":0.0,"damage_taken":8.0},{"damage_healed":0.0,"max_hp_gain":0.0,"max_hp_loss":0.0,"gold_gain":0.0,"event_name":"Mysterious Sphere","player_choice":"Fight","floor":39.0,"gold_loss":0.0,"damage_taken":0.0},{"damage_healed":0.0,"max_hp_gain":0.0,"max_hp_loss":0.0,"gold_gain":0.0,"event_name":"MindBloom","player_choice":"Fight","floor":41.0,"gold_loss":0.0,"damage_taken":0.0},{"damage_healed":0.0,"max_hp_gain":0.0,"max_hp_loss":0.0,"gold_gain":0.0,"event_name":"SensoryStone","player_choice":"Memory 1","floor":46.0,"gold_loss":0.0,"damage_taken":0.0}],"is_beta":false,"boss_relics":[{"not_picked":["Astrolabe","Black Star"],"picked":"Coffee Dripper"},{"not_picked":["Tiny House","Black Blood"],"picked":"Runic Dome"}],"items_purged_floors":[30,53],"is_endless":false,"potions_floor_spawned":[3,6,7,13,16,18,19,21,33,37,38,41,42,45],"ascension_level":12}