{"gold_per_floor":[110,126,126,136,155,182,182,216,268,278,291,304,43,53,53,154,154,166,22,22,35,35,65,65,65],"floor_reached":25,"playtime":1509,"items_purged":[],"score":282,"play_id":"6071c2af-95d1-4889-9833-f2fb6e70cd84","local_time":"20190324200007","is_ascension_mode":true,"campfire_choices":[{"floor":7,"key":"REST"},{"floor":15,"key":"REST"},{"floor":24,"key":"REST"}],"neow_cost":"NONE","seed_source_timestamp":255321435653972,"circlet_count":0,"master_deck":["Zap+1","Dualcast","Coolheaded","Undo","Ball Lightning","Leap","Creative AI+1","Hello World","Auto Shields","Steam Power","Ball Lightning","The Bomb","Capacitor","Turbo","Storm","Amplify","Genetic Algorithm","Cold Snap","Sunder","Ball Lightning","Stack","Chaos","Aggregate","Tempest","Storm","BootSequence","Shame","Static Discharge","Auto Shields"],"relics":["Cracked Core","NlothsMask","Ornamental Fan","Kunai","Pandora\u0027s Box","Orichalcum","DataDisk"],"potions_floor_usage":[8,16,23],"damage_taken":[{"damage":0,"enemies":"Small Slimes","floor":1,"turns":3},{"damage":0,"enemies":"Cultist","floor":2,"turns":3},{"damage":0,"enemies":"Jaw Worm","floor":4,"turns":4},{"damage":26,"enemies":"Exordium Wildlife","floor":5,"turns":6},{"damage":12,"enemies":"Lagavulin","floor":6,"turns":6},{"damage":17,"enemies":"Gremlin Nob","floor":8,"turns":4},{"damage":13,"enemies":"Exordium Thugs","floor":10,"turns":4},{"damage":0,"enemies":"2 Fungi Beasts","floor":11,"turns":3},{"damage":5,"enemies":"Large Slime","floor":12,"turns":5},{"damage":0,"enemies":"Blue Slaver","floor":14,"turns":3},{"damage":25,"enemies":"Slime Boss","floor":16,"turns":6},{"damage":12,"enemies":"Chosen","floor":18,"turns":4},{"damage":10,"enemies":"Spheric Guardian","floor":21,"turns":4},{"damage":41,"enemies":"Slavers","floor":23,"turns":3},{"damage":40,"enemies":"Gremlin Leader","floor":25,"turns":2}],"seed_played":"3829155184458100705","potions_obtained":[{"floor":1,"key":"PowerPotion"},{"floor":2,"key":"FocusPotion"},{"floor":4,"key":"SpeedPotion"},{"floor":12,"key":"LiquidBronze"},{"floor":16,"key":"PowerPotion"},{"floor":23,"key":"SkillPotion"}],"is_trial":false,"path_per_floor":["?","M","M","$","?","?"],"character_chosen":"DEFECT","items_purchased":["The Bomb","Capacitor","Turbo","Storm","BootSequence"],"campfire_rested":3,"item_purchase_floors":[13,13,13,19,19],"current_hp_per_floor":[75,75,75,75,49,37,59,42,42,29,29,24,24,24,46,21,75,63,63,63,53,53,12,34,0],"gold":65,"neow_bonus":"UPGRADE_CARD","is_prod":false,"is_daily":false,"chose_seed":false,"campfire_upgraded":0,"win_rate":0,"timestamp":1553472007,"path_taken":["M","M","?","M","M","E","R","E","T","M","?","?","?","M","R","BOSS","M","$","?","M","?","E","R","E"],"build_version":"2019-01-23","purchased_purges":0,"victory":false,"max_hp_per_floor":[75,75,75,75,75,75,75,75,75,75,75,75,75,75,75,75,75,75,75,75,75,75,75,75,75],"card_choices":[{"not_picked":["Blizzard","Recycle"],"picked":"Coolheaded","floor":1},{"not_picked":["Hologram","Scrape"],"picked":"Undo","floor":2},{"not_picked":["Steam","Redo"],"picked":"Ball Lightning","floor":4},{"not_picked":["Cold Snap","Gash"],"picked":"Leap","floor":5},{"not_picked":["Genetic Algorithm","Loop"],"picked":"Creative AI","floor":6},{"not_picked":["Coolheaded","Rebound"],"picked":"Hello World","floor":8},{"not_picked":["Cold Snap","Barrage"],"picked":"Auto Shields","floor":10},{"not_picked":["Compile Driver","Recycle"],"picked":"Steam Power","floor":11},{"not_picked":["Sweeping Beam","Gash"],"picked":"Ball Lightning","floor":12},{"not_picked":["Barrage","Cold Snap"],"picked":"Storm","floor":14},{"not_picked":["Machine Learning","Meteor Strike"],"picked":"Amplify","floor":16},{"not_picked":["Gash","FTL+1","Blizzard"],"picked":"SKIP","floor":18},{"not_picked":["Fusion","Coolheaded"],"picked":"Static Discharge","floor":21},{"not_picked":["Coolheaded","Streamline"],"picked":"Auto Shields","floor":23}],"player_experience":326706,"relics_obtained":[{"floor":6,"key":"Ornamental Fan"},{"floor":8,"key":"Kunai"},{"floor":23,"key":"DataDisk"}],"event_choices":[{"damage_healed":0,"gold_gain":0,"player_choice":"Trade","damage_taken":0,"relics_obtained":["NlothsMask"],"max_hp_gain":0,"max_hp_loss":0,"event_name":"FaceTrader","floor":3,"gold_loss":0},{"damage_healed":0,"gold_gain":0,"player_choice":"Stole Relic","damage_taken":0,"relics_obtained":["Orichalcum"],"max_hp_gain":0,"max_hp_loss":0,"event_name":"Addict","floor":20,"gold_loss":0,"cards_obtained":["Shame"]},{"damage_healed":0,"gold_gain":0,"player_choice":"Forge","damage_taken":0,"max_hp_gain":0,"max_hp_loss":0,"event_name":"Accursed Blacksmith","floor":22,"gold_loss":0,"cards_upgraded":["Creative AI"]}],"is_beta":false,"boss_relics":[{"not_picked":["FrozenCore","Snecko Eye"],"picked":"Pandora\u0027s Box"}],"items_purged_floors":[],"is_endless":false,"potions_floor_spawned":[1,2,4,6,12,16,23],"killed_by":"Gremlin Leader","ascension_level":4}