{"gold_per_floor":[119,131,148,77,41,18,18,50,50,50,50,50,113,127,127,222,222,237,113,129,149,149,174,102,102,102,116,126,126,138,138],"floor_reached":31,"playtime":2048,"items_purged":[],"score":282,"play_id":"ebd443c0-4a2f-4ca9-ac67-b123bf55b4f6","local_time":"20190418204855","is_ascension_mode":false,"campfire_choices":[{"floor":7,"key":"REST"},{"data":"Cold Snap","floor":10,"key":"SMITH"},{"data":"Storm","floor":12,"key":"SMITH"},{"floor":15,"key":"REST"},{"floor":25,"key":"REST"}],"neow_cost":"NONE","seed_source_timestamp":1765000672196,"circlet_count":0,"master_deck":["Strike_B","Strike_B","Strike_B","Defend_B","Defend_B","Defend_B","Defend_B","Zap","Dualcast","Cold Snap+1","Heatsinks","Meteor Strike","Capacitor","Hello World","Coolheaded","Cold Snap","Storm+1","Self Repair","Creative AI","Capacitor","Storm","Cold Snap","Consume","Turbo","Self Repair","Decay","Chaos","Decay","Chill+1"],"relics":["Cracked Core","NeowsBlessing","Singing Bowl","Bottled Flame","Pear","Cursed Key","Bottled Tornado","Question Card"],"potions_floor_usage":[16,16,30,30,30],"damage_taken":[{"damage":0,"enemies":"Cultist","floor":1,"turns":1},{"damage":0,"enemies":"Jaw Worm","floor":2,"turns":1},{"damage":0,"enemies":"2 Louse","floor":3,"turns":1},{"damage":23,"enemies":"Exordium Thugs","floor":6,"turns":5},{"damage":20,"enemies":"Gremlin Nob","floor":8,"turns":5},{"damage":21,"enemies":"3 Sentries","floor":13,"turns":7},{"damage":19,"enemies":"3 Louse","floor":14,"turns":3},{"damage":30,"enemies":"Hexaghost","floor":16,"turns":11},{"damage":5,"enemies":"Spheric Guardian","floor":18,"turns":4},{"damage":14,"enemies":"Shell Parasite","floor":20,"turns":5},{"damage":0,"enemies":"Snecko","floor":21,"turns":4},{"damage":41,"enemies":"Gremlin Leader","floor":23,"turns":6},{"damage":21,"enemies":"Cultist and Chosen","floor":27,"turns":5},{"damage":41,"enemies":"Centurion and Healer","floor":28,"turns":5},{"damage":22,"enemies":"3 Cultists","floor":30,"turns":4},{"damage":21,"enemies":"Shelled Parasite and Fungi","floor":31,"turns":3}],"seed_played":"2979115401664978583","potions_obtained":[{"floor":1,"key":"Swift Potion"},{"floor":2,"key":"Poison Potion"},{"floor":13,"key":"EntropicBrew"},{"floor":14,"key":"Fire Potion"},{"floor":18,"key":"Regen Potion"},{"floor":20,"key":"FocusPotion"}],"is_trial":false,"path_per_floor":["M","$","?","?","?","?"],"character_chosen":"DEFECT","items_purchased":["Capacitor","Hello World","Storm","Cold Snap","Self Repair"],"campfire_rested":3,"item_purchase_floors":[4,5,19,19,24],"current_hp_per_floor":[75,75,75,75,75,52,74,54,54,54,54,54,45,26,52,29,87,82,82,68,70,70,36,36,62,62,50,23,23,20,0],"gold":138,"neow_bonus":"THREE_ENEMY_KILL","is_prod":false,"is_daily":false,"chose_seed":false,"campfire_upgraded":2,"win_rate":0,"timestamp":1555634935,"path_taken":["M","?","M","?","$","M","R","E","T","R","?","R","?","M","R","BOSS","M","$","M","M","?","E","$","R","T","M","M","?","M","M"],"build_version":"2019-01-23","purchased_purges":0,"victory":false,"max_hp_per_floor":[75,75,75,75,75,75,75,75,75,75,75,75,87,87,87,87,87,87,87,87,89,89,89,89,89,89,91,91,91,91,91],"card_choices":[{"not_picked":["Reprogram","Sweeping Beam"],"picked":"Cold Snap","floor":1},{"not_picked":["Hologram","Go for the Eyes"],"picked":"Heatsinks","floor":2},{"not_picked":["Hologram","Compile Driver"],"picked":"Meteor Strike","floor":3},{"not_picked":["Barrage","Tempest"],"picked":"Coolheaded","floor":6},{"not_picked":["Compile Driver","Steam"],"picked":"Cold Snap","floor":8},{"not_picked":["Sweeping Beam","Compile Driver","Gash"],"picked":"Singing Bowl","floor":13},{"not_picked":["Melter","Sweeping Beam"],"picked":"Self Repair","floor":14},{"not_picked":["Thunder Strike","Machine Learning"],"picked":"Creative AI","floor":16},{"not_picked":["Steam","Cold Snap"],"picked":"Capacitor","floor":18},{"not_picked":["FTL+1","Go for the Eyes"],"picked":"Consume","floor":20},{"not_picked":["Compile Driver","Barrage","Darkness"],"picked":"Singing Bowl","floor":21},{"not_picked":["Capacitor","Streamline"],"picked":"Turbo","floor":23},{"not_picked":["Barrage","Compile Driver","Biased Cognition","Rebound+1"],"picked":"Singing Bowl","floor":27},{"not_picked":["Sweeping Beam","Redo","Gash"],"picked":"Chaos","floor":28},{"not_picked":["Rebound","Meteor Strike","Ball Lightning"],"picked":"Chill+1","floor":30}],"player_experience":387749,"relics_obtained":[{"floor":8,"key":"Singing Bowl"},{"floor":9,"key":"Bottled Flame"},{"floor":13,"key":"Pear"},{"floor":23,"key":"Bottled Tornado"},{"floor":26,"key":"Question Card"}],"event_choices":[{"damage_healed":0,"gold_gain":0,"cards_transformed":["Strike_B"],"player_choice":"Change","damage_taken":0,"max_hp_gain":0,"max_hp_loss":0,"event_name":"Living Wall","floor":11,"gold_loss":0,"cards_obtained":["Storm"]},{"damage_healed":0,"gold_gain":0,"player_choice":"Searched \u00271\u0027 times","damage_taken":0,"max_hp_gain":0,"max_hp_loss":0,"event_name":"Dead Adventurer","floor":13,"gold_loss":0},{"damage_healed":0,"gold_gain":0,"player_choice":"Ignored","damage_taken":0,"max_hp_gain":0,"max_hp_loss":0,"event_name":"Ghosts","floor":22,"gold_loss":0},{"damage_healed":0,"gold_gain":0,"player_choice":"Smashed Altar","damage_taken":0,"max_hp_gain":0,"max_hp_loss":0,"event_name":"Forgotten Altar","floor":29,"gold_loss":0,"cards_obtained":["Decay"]}],"is_beta":false,"boss_relics":[{"not_picked":["Empty Cage","Velvet Choker"],"picked":"Cursed Key"}],"items_purged_floors":[],"is_endless":false,"potions_floor_spawned":[1,2,13,14,18,20,23],"killed_by":"Shelled Parasite and Fungi","ascension_level":0}