{"gold_per_floor":[119,119,66,66,241,271,271,303,303,303,316,164,199,209,209,311,311,329,329,71,71,90,116,116,150,177,177,192,204,221,240,240,336,336],"floor_reached":34,"playtime":1740,"items_purged":["Strike_B"],"score":458,"play_id":"bf681e05-087e-4083-9838-112203a3e616","local_time":"20190307173314","is_ascension_mode":false,"campfire_choices":[{"data":"Genetic Algorithm","floor":7.0,"key":"SMITH"},{"data":"Streamline","floor":10.0,"key":"SMITH"},{"data":"Streamline","floor":15.0,"key":"SMITH"},{"floor":24.0,"key":"REST"},{"floor":32.0,"key":"REST"}],"neow_cost":"NONE","seed_source_timestamp":318636837946500,"circlet_count":0,"master_deck":["Defend_B","Defend_B","Defend_B","Zap","Dualcast","Stack","Go for the Eyes","Streamline+1","Doubt","Genetic Algorithm+1","Coolheaded","Streamline+1","Sweeping Beam","Conserve Battery","Beam Cell","All For One","Compile Driver","Shame","FTL","Beam Cell+1","Conserve Battery","RitualDagger","Steam","Go for the Eyes","Coolheaded+1","Gash","Cold Snap+1","Double Energy+1","Doom and Gloom+1"],"special_seed":0,"relics":["Cracked Core","NeowsBlessing","Blue Candle","Oddly Smooth Stone","Turnip","Lantern","Fusion Hammer","DataDisk","Bottled Flame","Mango","Ornamental Fan","Pen Nib","Astrolabe"],"potions_floor_usage":[],"damage_taken":[{"damage":0.0,"enemies":"Small Slimes","floor":1.0,"turns":1.0},{"damage":0.0,"enemies":"Gremlin Nob","floor":6.0,"turns":1.0},{"damage":0.0,"enemies":"Lagavulin","floor":8.0,"turns":1.0},{"damage":7.0,"enemies":"Jaw Worm","floor":11.0,"turns":5.0},{"damage":15.0,"enemies":"Gremlin Nob","floor":13.0,"turns":4.0},{"damage":0.0,"enemies":"2 Louse","floor":14.0,"turns":3.0},{"damage":25.0,"enemies":"Hexaghost","floor":16.0,"turns":11.0},{"damage":10.0,"enemies":"Spheric Guardian","floor":18.0,"turns":3.0},{"damage":11.0,"enemies":"Chosen","floor":22.0,"turns":3.0},{"damage":33.0,"enemies":"Slavers","floor":23.0,"turns":7.0},{"damage":9.0,"enemies":"Book of Stabbing","floor":25.0,"turns":5.0},{"damage":1.0,"enemies":"Centurion and Healer","floor":28.0,"turns":4.0},{"damage":0.0,"enemies":"Cultist and Chosen","floor":29.0,"turns":3.0},{"damage":4.0,"enemies":"Shelled Parasite and Fungi","floor":30.0,"turns":4.0},{"damage":10.0,"enemies":"Centurion and Healer","floor":31.0,"turns":5.0},{"damage":29.0,"enemies":"Automaton","floor":33.0,"turns":10.0}],"seed_played":"-6429537821768032349","potions_obtained":[{"floor":8.0,"key":"FearPotion"},{"floor":13.0,"key":"Ancient Potion"},{"floor":14.0,"key":"SteroidPotion"},{"floor":16.0,"key":"LiquidBronze"},{"floor":18.0,"key":"GamblersBrew"},{"floor":28.0,"key":"Explosive Potion"},{"floor":30.0,"key":"AttackPotion"},{"floor":33.0,"key":"Poison Potion"}],"is_trial":false,"path_per_floor":["M","?","$","?","?","E","R","E","T","R","M","$","E","M","R","B",null,"M","?","$","?","M","E","R","E","T","?","M","M","M","M","R","B",null],"character_chosen":"DEFECT","items_purchased":["Streamline","Sweeping Beam","Conserve Battery","Bottled Flame"],"campfire_rested":2,"item_purchase_floors":[3,12,12,20],"current_hp_per_floor":[75,75,75,68,68,68,68,68,68,68,61,61,46,46,46,21,75,65,65,65,65,54,35,61,52,52,46,45,45,41,31,57,28,89],"gold":336,"neow_bonus":"THREE_ENEMY_KILL","is_prod":false,"is_daily":false,"chose_seed":false,"campfire_upgraded":3,"win_rate":0,"timestamp":1552001594,"path_taken":["M","?","?","?","?","E","R","E","T","R","M","$","E","M","R","BOSS","M","?","$","?","M","E","R","E","T","?","M","M","M","M","R","BOSS"],"build_version":"2019-01-23","purchased_purges":1,"victory":false,"max_hp_per_floor":[75,75,75,75,75,75,75,75,75,75,75,75,75,75,75,75,75,75,75,75,75,75,89,89,89,89,89,89,89,89,89,89,89,89],"card_choices":[{"not_picked":["Cold Snap","Beam Cell"],"picked":"Stack","floor":1.0},{"not_picked":["Compile Driver","Beam Cell"],"picked":"Genetic Algorithm","floor":6.0},{"not_picked":["Blizzard","White Noise"],"picked":"Coolheaded","floor":8.0},{"not_picked":["Hello World","Compile Driver"],"picked":"Streamline","floor":11.0},{"not_picked":["Cold Snap","Steam Power"],"picked":"Beam Cell","floor":13.0},{"not_picked":["Creative AI","Redo","Leap"],"picked":"SKIP","floor":14.0},{"not_picked":["Biased Cognition","Buffer"],"picked":"All For One","floor":16.0},{"not_picked":["Leap","Cold Snap"],"picked":"Compile Driver","floor":18.0},{"not_picked":["Barrage","Compile Driver+1","Undo"],"picked":"SKIP","floor":22.0},{"not_picked":["Multi-Cast","Cold Snap"],"picked":"Beam Cell+1","floor":23.0},{"not_picked":["Auto Shields+1","Ball Lightning+1"],"picked":"Conserve Battery","floor":25.0},{"not_picked":["Blizzard+1","Auto Shields+1"],"picked":"Steam","floor":28.0},{"not_picked":["Static Discharge","Meteor Strike"],"picked":"Go for the Eyes","floor":29.0},{"not_picked":["Redo+1","Lockon"],"picked":"Coolheaded+1","floor":30.0},{"not_picked":["Sunder","Lockon"],"picked":"Gash","floor":31.0},{"not_picked":["Electrodynamics","Reboot"],"picked":"Echo Form","floor":33.0}],"player_experience":211813,"relics_obtained":[{"floor":6.0,"key":"Blue Candle"},{"floor":8.0,"key":"Oddly Smooth Stone"},{"floor":9.0,"key":"Turnip"},{"floor":13.0,"key":"Lantern"},{"floor":23.0,"key":"Mango"},{"floor":25.0,"key":"Ornamental Fan"},{"floor":26.0,"key":"Pen Nib"}],"event_choices":[{"damage_healed":0.0,"max_hp_gain":0.0,"max_hp_loss":0.0,"gold_gain":0.0,"cards_transformed":["Strike_B"],"event_name":"Living Wall","player_choice":"Change","floor":2.0,"gold_loss":0.0,"damage_taken":0.0,"cards_obtained":["Go for the Eyes"]},{"cards_removed":["Strike_B"],"damage_healed":0.0,"max_hp_gain":0.0,"max_hp_loss":0.0,"gold_gain":0.0,"event_name":"Golden Wing","player_choice":"Card Removal","floor":4.0,"gold_loss":0.0,"damage_taken":7.0},{"damage_healed":0.0,"max_hp_gain":0.0,"max_hp_loss":0.0,"gold_gain":175.0,"event_name":"Liars Game","player_choice":"AGREE","floor":5.0,"gold_loss":0.0,"damage_taken":0.0,"cards_obtained":["Doubt"]},{"damage_healed":0.0,"max_hp_gain":0.0,"max_hp_loss":0.0,"gold_gain":0.0,"event_name":"Addict","player_choice":"Stole Relic","floor":19.0,"gold_loss":0.0,"damage_taken":0.0,"relics_obtained":["DataDisk"],"cards_obtained":["Shame"]},{"damage_healed":0.0,"max_hp_gain":0.0,"max_hp_loss":0.0,"gold_gain":0.0,"event_name":"The Library","player_choice":"Read","floor":21.0,"gold_loss":0.0,"damage_taken":0.0,"cards_obtained":["FTL"]},{"damage_healed":0.0,"max_hp_gain":0.0,"max_hp_loss":0.0,"gold_gain":0.0,"event_name":"Nest","player_choice":"Joined the Cult","floor":27.0,"gold_loss":0.0,"damage_taken":6.0,"cards_obtained":["RitualDagger"]}],"is_beta":false,"boss_relics":[{"not_picked":["Inserter","Orrery"],"picked":"Fusion Hammer"},{"not_picked":["Coffee Dripper","Philosopher\u0027s Stone"],"picked":"Astrolabe"}],"items_purged_floors":[12],"is_endless":false,"potions_floor_spawned":[8,13,14,16,18,28,29,30,33],"ascension_level":0}