{"gold_per_floor":[144,144,193,242,78,176,225,225,225,274,323,421,421,421,421,746,746,795,844,769,818,152,250,299,299,299,299,348,446,495,495,495,820,820,869,918,29,52,101,150,150,150,150,79,79,128,128,226,226,226],"floor_reached":51,"playtime":6540,"items_purged":["Strike_R","Defend_R","Defend_R"],"score":854,"play_id":"2680c4b9-d44c-4780-82a1-e78370d3d80f","local_time":"20180922220128","daily_mods":["Specialized","Midas","Night Terrors"],"is_ascension_mode":false,"campfire_choices":[{"floor":15,"key":"REST"},{"data":"1","floor":25,"key":"LIFT"},{"floor":27,"key":"REST"},{"data":"2","floor":32,"key":"LIFT"},{"data":"3","floor":41,"key":"LIFT"},{"data":"Warcry","floor":45,"key":"PURGE"},{"data":"Warcry","floor":47,"key":"PURGE"},{"data":"Defend_R","floor":49,"key":"PURGE"}],"neow_cost":"","seed_source_timestamp":0,"circlet_count":0,"master_deck":["Strike_R","Strike_R","Strike_R","Defend_R","Bash","Fiend Fire","Fiend Fire","Fiend Fire","Fiend Fire","Fiend Fire","Shrug It Off","Dual Wield+1","Burning Pact","Discovery","Infernal Blade","Whirlwind","Power Through","Feed","True Grit","Battle Trance","Perfected Strike+1","Battle Trance","Thinking Ahead","Power Through","Rampage","Cleave+1","Bloodletting+1","Havoc+1","Offering+1","Wild Strike","Power Through+1","Master of Strategy+1","Jack Of All Trades+1","Whirlwind+1","Iron Wave+1","Armaments+1","Dual Wield+1","Armaments+1","Dark Embrace"],"special_seed":17797,"relics":["Burning Blood","Golden Idol","Du-Vu Doll","Omamori","Pantograph","WarpedTongs","Mercury Hourglass","Fusion Hammer","Nunchaku","Girya","Toxic Egg 2","Gremlin Horn","Nilry\u0027s Codex","Mark of Pain","Toolbox","Pen Nib","Art of War","Champion Belt","Peace Pipe","Bronze Scales"],"potions_floor_usage":[16,21,23,23,33,50,50,50],"damage_taken":[{"damage":6,"enemies":"Jaw Worm","floor":1,"turns":2},{"damage":0,"enemies":"Small Slimes","floor":3,"turns":2},{"damage":0,"enemies":"Cultist","floor":4,"turns":2},{"damage":11,"enemies":"Gremlin Nob","floor":6,"turns":3},{"damage":2,"enemies":"Looter","floor":7,"turns":2},{"damage":30,"enemies":"Lots of Slimes","floor":10,"turns":7},{"damage":0,"enemies":"Gremlin Gang","floor":11,"turns":6},{"damage":31,"enemies":"Lagavulin","floor":12,"turns":5},{"damage":0,"enemies":"Slime Boss","floor":16,"turns":4},{"damage":0,"enemies":"Spheric Guardian","floor":18,"turns":3},{"damage":20,"enemies":"2 Thieves","floor":19,"turns":3},{"damage":23,"enemies":"Shelled Parasite and Fungi","floor":21,"turns":6},{"damage":34,"enemies":"Slavers","floor":23,"turns":5},{"damage":3,"enemies":"3 Cultists","floor":24,"turns":4},{"damage":1,"enemies":"Centurion and Healer","floor":28,"turns":3},{"damage":11,"enemies":"Gremlin Leader","floor":29,"turns":4},{"damage":13,"enemies":"Shelled Parasite and Fungi","floor":30,"turns":3},{"damage":57,"enemies":"Collector","floor":33,"turns":8},{"damage":6,"enemies":"3 Shapes","floor":35,"turns":2},{"damage":6,"enemies":"Orb Walker","floor":36,"turns":2},{"damage":2,"enemies":"Mysterious Sphere","floor":38,"turns":2},{"damage":22,"enemies":"Maw","floor":39,"turns":5},{"damage":6,"enemies":"Spire Growth","floor":40,"turns":3},{"damage":3,"enemies":"4 Shapes","floor":46,"turns":1},{"damage":9,"enemies":"2 Orb Walkers","floor":48,"turns":2},{"damage":34,"enemies":"Awakened One","floor":50,"turns":7}],"seed_played":"-3341318107676815907","potions_obtained":[{"floor":1,"key":"SpeedPotion"},{"floor":6,"key":"EssenceOfSteel"},{"floor":11,"key":"SkillPotion"},{"floor":12,"key":"PowerPotion"},{"floor":19,"key":"Fruit Juice"},{"floor":21,"key":"GamblersBrew"},{"floor":23,"key":"EssenceOfSteel"},{"floor":29,"key":"Regen Potion"},{"floor":35,"key":"LiquidBronze"},{"floor":38,"key":"EssenceOfSteel"},{"floor":40,"key":"Regen Potion"},{"floor":48,"key":"Strength Potion"}],"is_trial":false,"path_per_floor":["M","?","M","M","$","E","M","?","T","M","M","E","?","T","R","B",null,"M","M","?","M","$","E","M","R","T","R","M","E","M","?","R","B",null,"M","M","$","?","M","M","R","?","T","$","R","M","R","E","R","B"],"character_chosen":"IRONCLAD","items_purchased":["Discovery","Nunchaku","Battle Trance","Thinking Ahead","Master of Strategy+1","Toolbox","Pen Nib","Art of War","Jack Of All Trades+1","Dual Wield+1"],"campfire_rested":2,"item_purchase_floors":[5,22,22,22,37,37,37,37,37,44],"current_hp_per_floor":[80,60,66,72,72,67,71,71,71,47,53,28,28,28,75,75,75,78,64,64,52,52,24,27,27,27,78,81,76,69,53,53,27,81,81,81,81,81,65,65,65,81,81,81,81,81,81,78,78,67],"gold":226,"neow_bonus":"","is_prod":false,"is_daily":true,"chose_seed":false,"campfire_upgraded":0,"win_rate":0,"timestamp":1537668088,"path_taken":["M","?","?","M","$","E","M","?","T","M","?","E","?","?","R","BOSS","M","M","?","M","$","E","M","R","T","R","M","E","M","?","R","BOSS","M","M","$","?","M","M","R","?","T","$","R","?","R","E","R","BOSS"],"build_version":"2018-09-20","purchased_purges":3,"victory":true,"max_hp_per_floor":[80,80,80,80,80,80,80,80,80,80,80,80,80,80,75,75,75,78,78,78,83,83,83,83,83,83,78,81,81,81,81,81,81,81,81,81,81,81,81,81,81,81,81,81,81,81,81,81,81,81],"card_choices":[{"not_picked":["Perfected Strike","Body Slam"],"picked":"Shrug It Off","floor":1},{"not_picked":["Sword Boomerang","Reckless Charge"],"picked":"Dual Wield","floor":3},{"not_picked":["Twin Strike","Flex"],"picked":"Burning Pact","floor":4},{"not_picked":["Clash","Sever Soul"],"picked":"Warcry","floor":6},{"not_picked":["Havoc","Second Wind"],"picked":"Warcry","floor":7},{"not_picked":["Ghostly Armor","Iron Wave"],"picked":"Infernal Blade","floor":10},{"not_picked":["Clash","Dark Embrace"],"picked":"Whirlwind","floor":11},{"not_picked":["True Grit","Blood for Blood"],"picked":"Power Through","floor":12},{"not_picked":["Demon Form","Fiend Fire"],"picked":"Feed","floor":16},{"not_picked":["Corruption","Rupture+1"],"picked":"True Grit","floor":18},{"not_picked":["Pummel","Perfected Strike"],"picked":"Battle Trance","floor":19},{"not_picked":["Rupture","Corruption+1"],"picked":"Perfected Strike+1","floor":21},{"not_picked":["Flame Barrier","Whirlwind"],"picked":"Power Through","floor":23},{"not_picked":["Pummel","Twin Strike"],"picked":"Rampage","floor":24},{"not_picked":["Twin Strike+1","Second Wind+1"],"picked":"Cleave+1","floor":28},{"not_picked":["Sword Boomerang","Twin Strike"],"picked":"Bloodletting+1","floor":29},{"not_picked":["Clash","Twin Strike"],"picked":"Havoc+1","floor":30},{"not_picked":["Reaper","Demon Form"],"picked":"Offering+1","floor":33},{"not_picked":["Cleave","Pommel Strike+1"],"picked":"Wild Strike","floor":35},{"not_picked":["Thunderclap+1","Fire Breathing"],"picked":"Power Through+1","floor":36},{"not_picked":["Pommel Strike","Twin Strike+1"],"picked":"Whirlwind+1","floor":38},{"not_picked":["Uppercut","Shockwave+1"],"picked":"Iron Wave+1","floor":39},{"not_picked":["Disarm+1","Shrug It Off+1"],"picked":"Armaments+1","floor":40},{"not_picked":["Shrug It Off+1","Body Slam"],"picked":"Armaments+1","floor":46},{"not_picked":["Evolve","Havoc+1"],"picked":"Dark Embrace","floor":48}],"player_experience":123755,"relics_obtained":[{"floor":6,"key":"Du-Vu Doll"},{"floor":9,"key":"Omamori"},{"floor":12,"key":"Pantograph"},{"floor":14,"key":"Mercury Hourglass"},{"floor":23,"key":"Girya"},{"floor":26,"key":"Toxic Egg 2"},{"floor":29,"key":"Gremlin Horn"},{"floor":31,"key":"Nilry\u0027s Codex"},{"floor":38,"key":"Champion Belt"},{"floor":43,"key":"Peace Pipe"},{"floor":48,"key":"Bronze Scales"}],"event_choices":[{"event_name":"Golden Idol","player_choice":"Take Damage","floor":2,"damage_taken":0},{"event_name":"Upgrade Shrine","player_choice":"Upgraded","floor":8,"damage_taken":0},{"event_name":"Accursed Blacksmith","player_choice":"Rummage","floor":13,"damage_taken":0},{"event_name":"Beggar","player_choice":"Gave Gold","floor":20,"damage_taken":0},{"event_name":"Cursed Tome","player_choice":"Obtained Book","floor":31,"damage_taken":0},{"event_name":"Mysterious Sphere","player_choice":"Fight","floor":38,"damage_taken":0},{"event_name":"Winding Halls","player_choice":"Writhe","floor":42,"damage_taken":0}],"is_beta":false,"boss_relics":[{"not_picked":["Runic Dome","Philosopher\u0027s Stone"],"picked":"Fusion Hammer"},{"not_picked":["Coffee Dripper","White Beast Statue"],"picked":"Mark of Pain"}],"items_purged_floors":[5,22,37],"is_endless":false,"potions_floor_spawned":[1,6,11,12,19,21,23,29,35,38,40,48],"ascension_level":0}