{"gold_per_floor":[116,47,64,80,100,100,132,132,132,132,163,188,188,215,215,317,317,329,329,340,340,195,221,73,73,73,73,84,117,150,90,90,193,193,211,136,55,72,90,90,100,126,180,190,290,337,337,352,352,352],"floor_reached":51,"playtime":5278,"items_purged":["Strike_B"],"score":1249,"play_id":"0e83473c-02ee-4b20-aa1e-f44d70e7875d","local_time":"20190529200202","is_ascension_mode":true,"campfire_choices":[{"data":"Defragment","floor":6.0,"key":"SMITH"},{"data":"Zap","floor":8.0,"key":"SMITH"},{"data":"Darkness","floor":13.0,"key":"SMITH"},{"floor":15.0,"key":"REST"},{"data":"Defragment","floor":25.0,"key":"SMITH"},{"data":"Biased Cognition","floor":27.0,"key":"SMITH"},{"data":"Loop","floor":32.0,"key":"SMITH"},{"data":"Defragment","floor":40.0,"key":"SMITH"},{"data":"Apotheosis","floor":49,"key":"SMITH"}],"neow_cost":"NONE","seed_source_timestamp":917176328603886,"circlet_count":0,"master_deck":["AscendersBane","Strike_B","Strike_B","Defend_B","Defend_B","Defend_B","Defend_B","Zap+1","Dualcast","Auto Shields","Sunder","Defragment+1","Self Repair","Skim","Glacier","Darkness+1","Electrodynamics","Biased Cognition+1","Defragment+1","Compile Driver","Loop+1","Recycle+1","Coolheaded+1","Double Energy+1","Echo Form","Hologram+1","White Noise","Defragment+1","Core Surge","Reinforced Body","Reboot","Doubt","Panacea","Apotheosis+1"],"special_seed":0,"relics":["Cursed Key","Dead Branch","Ginger","Turnip","Lantern","Darkstone Periapt","Sozu","DataDisk","Bag of Preparation","Red Mask","Blood Vial","Coffee Dripper","Calipers","Vajra","Bird Faced Urn","Emotion Chip"],"potions_floor_usage":[],"damage_taken":[{"damage":0.0,"enemies":"Cultist","floor":1.0,"turns":3.0},{"damage":7.0,"enemies":"Jaw Worm","floor":3.0,"turns":4.0},{"damage":4.0,"enemies":"2 Louse","floor":4.0,"turns":6.0},{"damage":0.0,"enemies":"Exordium Wildlife","floor":5.0,"turns":3.0},{"damage":41.0,"enemies":"Gremlin Nob","floor":7.0,"turns":5.0},{"damage":20.0,"enemies":"3 Sentries","floor":11.0,"turns":5.0},{"damage":25.0,"enemies":"Gremlin Nob","floor":14.0,"turns":5.0},{"damage":17.0,"enemies":"Hexaghost","floor":16.0,"turns":15.0},{"damage":22.0,"enemies":"2 Thieves","floor":18.0,"turns":4.0},{"damage":0.0,"enemies":"Spheric Guardian","floor":20.0,"turns":4.0},{"damage":23.0,"enemies":"Gremlin Leader","floor":23.0,"turns":5.0},{"damage":10.0,"enemies":"Snecko","floor":28.0,"turns":3.0},{"damage":7.0,"enemies":"Masked Bandits","floor":29.0,"turns":4.0},{"damage":10.0,"enemies":"Slavers","floor":30.0,"turns":3.0},{"damage":0.0,"enemies":"Champ","floor":33.0,"turns":6.0},{"damage":0.0,"enemies":"Orb Walker","floor":35.0,"turns":3.0},{"damage":1.0,"enemies":"3 Darklings","floor":38.0,"turns":3.0},{"damage":19.0,"enemies":"Writhing Mass","floor":39.0,"turns":4.0},{"damage":18.0,"enemies":"4 Shapes","floor":41.0,"turns":5.0},{"damage":0.0,"enemies":"Giant Head","floor":42.0,"turns":7.0},{"damage":1,"enemies":"Jaw Worm Horde","floor":44,"turns":3},{"damage":0,"enemies":"Mind Bloom Boss Battle","floor":45,"turns":5},{"damage":25,"enemies":"2 Orb Walkers","floor":46,"turns":6},{"damage":0,"enemies":"3 Darklings","floor":48,"turns":3},{"damage":19,"enemies":"Donu and Deca","floor":50,"turns":8}],"seed_played":"836142447539419550","potions_obtained":[{"floor":1.0,"key":"Explosive Potion"},{"floor":3.0,"key":"Regen Potion"},{"floor":4.0,"key":"Poison Potion"},{"floor":7.0,"key":"Ancient Potion"}],"is_trial":false,"path_per_floor":["M","$","M","M","M","R","E","R","T","?","E","T","R","E","R","B",null,"M","?","M","?","$","E","$","R","T","R","M","?","E","?","R","B",null,"M","$","$","M","M","R","M","E","T","M","?","?","?","M","R","B",null],"character_chosen":"DEFECT","items_purchased":["Sunder","Loop","Bag of Preparation","White Noise","Defragment"],"campfire_rested":1,"item_purchase_floors":[2,22,24,36,37],"current_hp_per_floor":[68,68,61,72,75,75,41,41,41,41,28,28,28,10,32,22,62,47,47,54,54,54,38,38,38,44,44,41,41,38,38,38,47,73,81,81,81,81,69,69,60,69,75,83,87,87,77,87,87,87],"gold":352,"neow_bonus":"BOSS_RELIC","is_prod":false,"is_daily":false,"chose_seed":false,"campfire_upgraded":8,"win_rate":0,"timestamp":1559140322,"path_taken":["M","?","M","M","?","R","E","R","T","?","E","?","R","E","R","BOSS","M","?","M","?","$","E","$","R","T","R","?","?","E","?","R","BOSS","M","?","$","M","M","R","M","E","T","M","?","?","?","?","R","BOSS"],"build_version":"2019-01-23","purchased_purges":1,"victory":true,"max_hp_per_floor":[75,75,75,75,75,75,75,75,75,75,75,75,75,75,75,75,75,75,75,75,75,75,75,75,75,81,81,81,81,81,81,81,81,81,81,81,81,81,81,81,81,81,87,87,87,87,87,87,87,87],"card_choices":[{"not_picked":["Heatsinks","Hologram"],"picked":"Auto Shields","floor":1.0},{"not_picked":["Static Discharge","Heatsinks"],"picked":"Defragment","floor":3.0},{"not_picked":["Beam Cell","Leap"],"picked":"Self Repair","floor":4.0},{"not_picked":["Stack","Go for the Eyes"],"picked":"Skim","floor":5.0},{"not_picked":["Core Surge","Skim"],"picked":"Glacier","floor":7.0},{"not_picked":["Sunder","Gash"],"picked":"Electrodynamics","floor":11.0},{"not_picked":["Sunder","Cold Snap","Hello World"],"picked":"SKIP","floor":14.0},{"not_picked":["Rainbow","Amplify"],"picked":"Biased Cognition","floor":16.0},{"not_picked":["Barrage+1","Steam","Beam Cell"],"picked":"SKIP","floor":18.0},{"not_picked":["Rebound","Sweeping Beam"],"picked":"Compile Driver","floor":20.0},{"not_picked":["Sweeping Beam","Tempest"],"picked":"Recycle+1","floor":23.0},{"not_picked":["Conserve Battery","Skim"],"picked":"Coolheaded+1","floor":28.0},{"not_picked":["Turbo","Consume"],"picked":"Double Energy+1","floor":29.0},{"not_picked":["Self Repair","Conserve Battery","Static Discharge"],"picked":"SKIP","floor":30.0},{"not_picked":["Rainbow","Creative AI"],"picked":"Echo Form","floor":33.0},{"not_picked":["Leap+1","Consume+1"],"picked":"Hologram+1","floor":35.0},{"not_picked":["Leap","Streamline","Sunder+1"],"picked":"SKIP","floor":38.0},{"not_picked":["Sweeping Beam+1","Consume"],"picked":"Core Surge","floor":39.0},{"not_picked":["Sunder","Go for the Eyes+1"],"picked":"Reinforced Body","floor":41.0},{"not_picked":["Beam Cell","Rebound"],"picked":"Reboot","floor":42.0},{"not_picked":["Barrage+1","Streamline+1","Ball Lightning+1"],"picked":"SKIP","floor":44},{"not_picked":["Impatience","Dramatic Entrance"],"picked":"Panacea","floor":47},{"not_picked":["Jack Of All Trades","The Bomb"],"picked":"Apotheosis","floor":47},{"not_picked":["Fusion","Leap","Static Discharge+1"],"picked":"SKIP","floor":48}],"player_experience":935615,"relics_obtained":[{"floor":7.0,"key":"Dead Branch"},{"floor":9.0,"key":"Ginger"},{"floor":11.0,"key":"Turnip"},{"floor":12.0,"key":"Lantern"},{"floor":14.0,"key":"Darkstone Periapt"},{"floor":23.0,"key":"DataDisk"},{"floor":29.0,"key":"Red Mask"},{"floor":30.0,"key":"Blood Vial"},{"floor":42.0,"key":"Calipers"},{"floor":43.0,"key":"Vajra"},{"floor":45,"key":"Bird Faced Urn"},{"floor":46,"key":"Emotion Chip"}],"event_choices":[{"damage_healed":0.0,"max_hp_gain":0.0,"max_hp_loss":0.0,"gold_gain":0.0,"cards_transformed":["Strike_B"],"event_name":"Living Wall","player_choice":"Change","floor":10.0,"gold_loss":0.0,"damage_taken":0.0,"cards_obtained":["Darkness"]},{"damage_healed":0.0,"max_hp_gain":0.0,"max_hp_loss":0.0,"gold_gain":0.0,"event_name":"The Library","player_choice":"Read","floor":19.0,"gold_loss":0.0,"damage_taken":0.0,"cards_obtained":["Defragment"]},{"cards_removed":["Writhe","Clumsy"],"damage_healed":0.0,"max_hp_gain":0.0,"max_hp_loss":0.0,"gold_gain":0.0,"event_name":"Fountain of Cleansing","player_choice":"Removed Curses","floor":21.0,"gold_loss":0.0,"damage_taken":0.0},{"damage_healed":0.0,"max_hp_gain":0.0,"max_hp_loss":0.0,"gold_gain":0.0,"event_name":"Masked Bandits","player_choice":"Fought Bandits","floor":29.0,"gold_loss":0.0,"damage_taken":0.0},{"cards_removed":["Pain"],"damage_healed":0.0,"max_hp_gain":0.0,"max_hp_loss":0.0,"gold_gain":0.0,"event_name":"Designer","player_choice":"Single Remove","floor":31.0,"gold_loss":60.0,"damage_taken":0.0},{"damage_healed":0,"gold_gain":0,"player_choice":"Fight","damage_taken":0,"max_hp_gain":0,"max_hp_loss":0,"event_name":"MindBloom","floor":45,"gold_loss":0},{"damage_healed":0,"gold_gain":0,"player_choice":"Fight","damage_taken":0,"max_hp_gain":0,"max_hp_loss":0,"event_name":"Mysterious Sphere","floor":46,"gold_loss":0},{"damage_healed":0,"gold_gain":0,"player_choice":"Memory 3","damage_taken":10,"max_hp_gain":0,"max_hp_loss":0,"event_name":"SensoryStone","floor":47,"gold_loss":0}],"is_beta":false,"boss_relics":[{"not_picked":["Astrolabe","Runic Pyramid"],"picked":"Sozu"},{"not_picked":["Calling Bell","Pandora\u0027s Box"],"picked":"Coffee Dripper"}],"items_purged_floors":[22],"is_endless":false,"potions_floor_spawned":[1,3,4,7,20,23,28,30,35,39,41,42],"ascension_level":11}