{"gold_per_floor":[119,44,44,8,8,33,33,47,97,113,188,201,171,96,96,192,192,207,132,157,157,157,157,170,42,68,68,167,187,203,203,203,203],"floor_reached":33,"playtime":2735,"items_purged":["Defend_R"],"score":266,"play_id":"fd1b5041-13da-48e6-af77-31423c17c898","local_time":"20190110011420","is_ascension_mode":false,"campfire_choices":[{"data":"Dropkick","floor":7,"key":"SMITH"},{"data":"Bash","floor":15,"key":"SMITH"},{"data":"Dark Embrace","floor":23,"key":"SMITH"},{"data":"Warcry","floor":27,"key":"SMITH"},{"data":"True Grit","floor":32,"key":"SMITH"}],"neow_cost":"NONE","seed_source_timestamp":11360373007427,"circlet_count":0,"master_deck":["Strike_R","Strike_R","Strike_R","Defend_R","Defend_R","Defend_R","Bash+1","Metallicize","Whirlwind","Dropkick+1","Thunderclap","True Grit+1","Dark Embrace+1","Warcry+1","Dropkick","Warcry+1","Warcry"],"relics":["Burning Blood","NeowsBlessing","Juzu Bracelet","Red Skull","Orrery","Red Mask","Bag of Preparation"],"potions_floor_usage":[33,33],"damage_taken":[{"damage":0,"enemies":"Cultist","floor":1,"turns":1},{"damage":0,"enemies":"3 Sentries","floor":6,"turns":1},{"damage":0,"enemies":"2 Louse","floor":8,"turns":1},{"damage":10,"enemies":"Small Slimes","floor":10,"turns":2},{"damage":8,"enemies":"Blue Slaver","floor":12,"turns":4},{"damage":0,"enemies":"Looter","floor":13,"turns":4},{"damage":42,"enemies":"Slime Boss","floor":16,"turns":8},{"damage":53,"enemies":"Spheric Guardian","floor":18,"turns":8},{"damage":21,"enemies":"Masked Bandits","floor":20,"turns":4},{"damage":1,"enemies":"Chosen","floor":24,"turns":5},{"damage":7,"enemies":"Shelled Parasite and Fungi","floor":29,"turns":7},{"damage":21,"enemies":"Snecko","floor":30,"turns":5},{"damage":62,"enemies":"Automaton","floor":33,"turns":6}],"seed_played":"1818025124909583316","potions_obtained":[{"floor":1,"key":"BloodPotion"},{"floor":20,"key":"Dexterity Potion"}],"is_trial":false,"path_per_floor":["M","$","?","$","?","E","R","M","T","M","?","M","M","$","R","B",null,"M","?","?","?","?","R","M","$","T","R","?","M","M","?","R","B"],"character_chosen":"IRONCLAD","items_purchased":["Whirlwind","Dropkick","Dropkick","Warcry"],"campfire_rested":0,"item_purchase_floors":[2,4,25,25],"current_hp_per_floor":[80,80,85,85,78,84,84,85,85,81,70,68,74,74,74,38,85,38,38,23,23,23,23,28,28,28,28,28,27,12,40,40,0],"gold":203,"neow_bonus":"THREE_ENEMY_KILL","is_prod":false,"is_daily":false,"chose_seed":false,"campfire_upgraded":5,"win_rate":0.0,"timestamp":1547104460,"path_taken":["M","$","?","$","?","E","R","M","T","M","?","M","M","?","R","BOSS","M","?","?","?","?","R","M","$","T","R","?","M","M","?","R","BOSS"],"build_version":"2019-01-03v4","purchased_purges":1,"victory":false,"max_hp_per_floor":[80,80,85,85,85,85,85,85,85,85,85,85,85,85,85,85,85,85,85,85,85,85,85,85,85,85,85,85,85,85,85,85,85],"card_choices":[{"not_picked":["Bloodletting","Warcry"],"picked":"Metallicize","floor":1},{"not_picked":["Dual Wield","Headbutt","Perfected Strike"],"picked":"SKIP","floor":6},{"not_picked":["Flex","Heavy Blade","Whirlwind"],"picked":"SKIP","floor":8},{"not_picked":["Anger","Shockwave","Shrug It Off"],"picked":"SKIP","floor":10},{"not_picked":["Inflame","Iron Wave","Ghostly Armor"],"picked":"SKIP","floor":12},{"not_picked":["Entrench","Demon Form"],"picked":"Thunderclap","floor":13},{"not_picked":["Rage","Warcry"],"picked":"True Grit","floor":17},{"not_picked":["Flex","Bloodletting"],"picked":"Dark Embrace","floor":18},{"not_picked":["Combust","Clothesline"],"picked":"Warcry+1","floor":20},{"not_picked":["Flex","Carnage","Bludgeon"],"picked":"SKIP","floor":24},{"not_picked":["Feel No Pain","Flame Barrier","Perfected Strike+1"],"picked":"SKIP","floor":29},{"not_picked":["Infernal Blade","Body Slam"],"picked":"Warcry","floor":30}],"player_experience":49711,"relics_obtained":[{"floor":6,"key":"Juzu Bracelet"},{"floor":9,"key":"Red Skull"},{"floor":20,"key":"Red Mask"},{"floor":26,"key":"Bag of Preparation"}],"event_choices":[{"damage_healed":0,"gold_gain":0,"player_choice":"Donut","damage_taken":0,"max_hp_gain":5,"max_hp_loss":0,"event_name":"Big Fish","floor":3,"gold_loss":0},{"cards_removed":["Strike_R"],"damage_healed":0,"gold_gain":0,"player_choice":"Card Removal","damage_taken":7,"max_hp_gain":0,"max_hp_loss":0,"event_name":"Golden Wing","floor":5,"gold_loss":0},{"damage_healed":0,"gold_gain":75,"player_choice":"Gather Gold","damage_taken":11,"max_hp_gain":0,"max_hp_loss":0,"event_name":"World of Goop","floor":11,"gold_loss":0},{"cards_removed":["Strike_R"],"damage_healed":0,"gold_gain":0,"player_choice":"Gave Gold","damage_taken":0,"max_hp_gain":0,"max_hp_loss":0,"event_name":"Beggar","floor":19,"gold_loss":75},{"damage_healed":0,"gold_gain":0,"player_choice":"Fought Bandits","damage_taken":0,"max_hp_gain":0,"max_hp_loss":0,"event_name":"Masked Bandits","floor":20,"gold_loss":0},{"damage_healed":0,"gold_gain":0,"player_choice":"Ignored","damage_taken":0,"max_hp_gain":0,"max_hp_loss":0,"event_name":"NoteForYourself","floor":21,"gold_loss":0},{"damage_healed":0,"gold_gain":0,"player_choice":"Ignored","damage_taken":0,"max_hp_gain":0,"max_hp_loss":0,"event_name":"Cursed Tome","floor":22,"gold_loss":0},{"damage_healed":0,"gold_gain":99,"player_choice":"Stole From Cult","damage_taken":0,"max_hp_gain":0,"max_hp_loss":0,"event_name":"Nest","floor":28,"gold_loss":0},{"damage_healed":28,"gold_gain":0,"player_choice":"Heal","damage_taken":0,"max_hp_gain":0,"max_hp_loss":0,"event_name":"The Library","floor":31,"gold_loss":0}],"is_beta":false,"boss_relics":[{"not_picked":["Ectoplasm","Calling Bell"],"picked":"Orrery"}],"items_purged_floors":[14],"is_endless":false,"potions_floor_spawned":[1,20],"killed_by":"Automaton","ascension_level":0}