{"gold_per_floor":[118,164,176,196,211,245,245,270,323,340,365,365,382,49,49,49],"floor_reached":16,"playtime":2305,"items_purged":["Strike_B"],"score":195,"play_id":"623812da-3dae-4fe4-a5fa-7c7f8c0728e4","local_time":"20190531232810","is_ascension_mode":true,"campfire_choices":[{"data":"Zap","floor":7.0,"key":"SMITH"},{"data":"Rainbow","floor":12,"key":"SMITH"},{"data":"Multi-Cast","floor":15,"key":"SMITH"}],"neow_cost":"NONE","seed_source_timestamp":1105632615438857,"circlet_count":0,"master_deck":["AscendersBane","Strike_B","Strike_B","Strike_B","Defend_B","Defend_B","Defend_B","Defend_B","Zap+1","Dualcast","White Noise","Coolheaded","Genetic Algorithm","Ball Lightning","Multi-Cast+1","Doom and Gloom","Rainbow+1","Self Repair"],"special_seed":0,"relics":["Cracked Core","Bag of Marbles","Omamori","Lantern","Pen Nib","Bag of Preparation","Singing Bowl"],"potions_floor_usage":[11],"damage_taken":[{"damage":1.0,"enemies":"Cultist","floor":1.0,"turns":4.0},{"damage":0.0,"enemies":"2 Louse","floor":3.0,"turns":2.0},{"damage":2.0,"enemies":"Jaw Worm","floor":4.0,"turns":4.0},{"damage":3.0,"enemies":"Looter","floor":5.0,"turns":4.0},{"damage":16.0,"enemies":"3 Sentries","floor":6.0,"turns":7.0},{"damage":12.0,"enemies":"Lagavulin","floor":8.0,"turns":7.0},{"damage":1.0,"enemies":"Large Slime","floor":10.0,"turns":4.0},{"damage":25,"enemies":"Gremlin Nob","floor":11,"turns":4},{"damage":0,"enemies":"3 Louse","floor":13,"turns":1},{"damage":18,"enemies":"The Guardian","floor":16,"turns":8}],"seed_played":"1535230061419521407","potions_obtained":[{"floor":1.0,"key":"Block Potion"},{"floor":4.0,"key":"SpeedPotion"},{"floor":5.0,"key":"SpeedPotion"},{"floor":6.0,"key":"Explosive Potion"},{"floor":11,"key":"SteroidPotion"}],"is_trial":false,"path_per_floor":["M","T","M","M","M","E","R","E","T","M","E","R","M","$","R","B"],"character_chosen":"DEFECT","items_purchased":["Singing Bowl"],"campfire_rested":0,"item_purchase_floors":[14],"current_hp_per_floor":[74,74,74,72,69,53,53,41,41,40,15,15,15,15,15,0],"gold":49,"neow_bonus":"TEN_PERCENT_HP_BONUS","is_prod":false,"is_daily":false,"chose_seed":false,"campfire_upgraded":3,"win_rate":0,"timestamp":1559325490,"path_taken":["M","?","M","M","?","E","R","E","T","M","E","R","?","?","R","BOSS"],"build_version":"2019-01-23","purchased_purges":1,"victory":false,"max_hp_per_floor":[82,82,82,82,82,82,82,82,82,82,82,82,82,82,82,82],"card_choices":[{"not_picked":["Reinforced Body","Beam Cell"],"picked":"White Noise","floor":1.0},{"not_picked":["Streamline","Gash"],"picked":"Coolheaded","floor":3.0},{"not_picked":["Beam Cell","Conserve Battery"],"picked":"Genetic Algorithm","floor":4.0},{"not_picked":["Melter","Hello World"],"picked":"Ball Lightning","floor":5.0},{"not_picked":["Fusion","Genetic Algorithm","Thunder Strike"],"picked":"SKIP","floor":6.0},{"not_picked":["Scrape","Redo"],"picked":"Multi-Cast","floor":8.0},{"not_picked":["Ball Lightning","Tempest"],"picked":"Doom and Gloom","floor":10.0},{"not_picked":["Turbo","Loop"],"picked":"Rainbow","floor":11},{"not_picked":["Compile Driver","Leap"],"picked":"Self Repair","floor":13}],"player_experience":1031516,"relics_obtained":[{"floor":2.0,"key":"Bag of Marbles"},{"floor":6.0,"key":"Omamori"},{"floor":8.0,"key":"Lantern"},{"floor":9.0,"key":"Pen Nib"},{"floor":11,"key":"Bag of Preparation"}],"event_choices":[],"is_beta":false,"boss_relics":[],"items_purged_floors":[14],"is_endless":false,"potions_floor_spawned":[1,4,5,6,11],"killed_by":"The Guardian","ascension_level":12}