{"gold_per_floor":[121,152,184,213,225,237,284,320,332,372,384,396,422,70,70,166,166,185,185,39,54,68,68,96,96],"floor_reached":25,"playtime":1970,"items_purged":[],"score":277,"play_id":"eb5fa013-30eb-4b0d-87fc-6e171015cbab","local_time":"20190326183606","is_ascension_mode":true,"campfire_choices":[{"data":"Chaos","floor":6,"key":"SMITH"},{"floor":12,"key":"REST"},{"data":"Sunder","floor":15,"key":"SMITH"},{"floor":23,"key":"REST"}],"neow_cost":"NONE","seed_source_timestamp":422578336665192,"circlet_count":0,"master_deck":["Strike_B","Strike_B","Strike_B","Strike_B","Defend_B","Defend_B","Defend_B","Defend_B","Zap","Dualcast","Chaos+1","Turbo","Redo","BootSequence","Conserve Battery","Sunder+1","Coolheaded","Leap","Creative AI","Hello World","Defragment","Glacier","Fusion","Fission","Capacitor+1"],"relics":["Cracked Core","MawBank","Boot","Bag of Marbles","Unceasing Top","Happy Flower","Torii","Sozu","DataDisk"],"potions_floor_usage":[10,10,16],"damage_taken":[{"damage":2,"enemies":"Jaw Worm","floor":1,"turns":3},{"damage":0,"enemies":"Small Slimes","floor":2,"turns":2},{"damage":8,"enemies":"2 Louse","floor":3,"turns":3},{"damage":7,"enemies":"2 Fungi Beasts","floor":4,"turns":3},{"damage":27,"enemies":"Lagavulin","floor":7,"turns":6},{"damage":19,"enemies":"3 Sentries","floor":10,"turns":10},{"damage":0,"enemies":"Exordium Wildlife","floor":13,"turns":3},{"damage":27,"enemies":"The Guardian","floor":16,"turns":12},{"damage":1,"enemies":"Spheric Guardian","floor":18,"turns":3},{"damage":29,"enemies":"3 Byrds","floor":21,"turns":6},{"damage":17,"enemies":"Centurion and Healer","floor":22,"turns":7},{"damage":29,"enemies":"Gremlin Leader","floor":24,"turns":8},{"damage":43,"enemies":"Masked Bandits","floor":25,"turns":3}],"seed_played":"4206350170656147319","potions_obtained":[{"floor":1,"key":"Regen Potion"},{"floor":3,"key":"Energy Potion"},{"floor":10,"key":"Weak Potion"},{"floor":16,"key":"Ancient Potion"}],"is_trial":false,"path_per_floor":["?","T","?","?","?"],"character_chosen":"DEFECT","items_purchased":["Torii","Leap","Defragment","Glacier"],"campfire_rested":2,"item_purchase_floors":[14,14,20,20],"current_hp_per_floor":[73,73,65,58,63,63,36,36,36,32,32,56,56,56,56,29,80,79,79,79,50,33,57,28,0],"gold":96,"neow_bonus":"RANDOM_COMMON_RELIC","is_prod":false,"is_daily":false,"chose_seed":false,"campfire_upgraded":2,"win_rate":0,"timestamp":1553639766,"path_taken":["M","M","M","M","?","R","E","?","T","E","?","R","M","$","R","BOSS","M","?","$","M","M","R","E","?"],"build_version":"2019-01-23","purchased_purges":0,"victory":false,"max_hp_per_floor":[75,75,75,75,80,80,80,80,80,80,80,80,80,80,80,80,80,80,80,80,80,80,80,80,80],"card_choices":[{"not_picked":["BootSequence","Tempest"],"picked":"Chaos","floor":1},{"not_picked":["Gash","Reinforced Body"],"picked":"Turbo","floor":2},{"not_picked":["Rebound","Sweeping Beam"],"picked":"Redo","floor":3},{"not_picked":["Turbo","White Noise"],"picked":"BootSequence","floor":4},{"not_picked":["Core Surge","Lockon"],"picked":"Conserve Battery","floor":7},{"not_picked":["Recycle","Streamline"],"picked":"Sunder","floor":10},{"not_picked":["Barrage","Hello World"],"picked":"Coolheaded","floor":13},{"not_picked":["Amplify","Multi-Cast"],"picked":"Creative AI","floor":16},{"not_picked":["Sweeping Beam","Steam"],"picked":"Hello World","floor":18},{"not_picked":["Turbo","Gash+1"],"picked":"Fusion","floor":21},{"not_picked":["Cold Snap+1","Streamline"],"picked":"Fission","floor":22},{"not_picked":["Heatsinks","Ball Lightning"],"picked":"Capacitor+1","floor":24}],"player_experience":329512,"relics_obtained":[{"floor":7,"key":"Boot"},{"floor":8,"key":"Bag of Marbles"},{"floor":9,"key":"Unceasing Top"},{"floor":10,"key":"Happy Flower"},{"floor":24,"key":"DataDisk"}],"event_choices":[{"damage_healed":0,"gold_gain":0,"player_choice":"Donut","damage_taken":0,"max_hp_gain":5,"max_hp_loss":0,"event_name":"Big Fish","floor":5,"gold_loss":0},{"damage_healed":0,"gold_gain":0,"player_choice":"Ignored","damage_taken":0,"max_hp_gain":0,"max_hp_loss":0,"event_name":"Shining Light","floor":11,"gold_loss":0},{"damage_healed":0,"gold_gain":0,"player_choice":"Ignored","damage_taken":0,"max_hp_gain":0,"max_hp_loss":0,"event_name":"Beggar","floor":19,"gold_loss":0},{"damage_healed":0,"gold_gain":0,"player_choice":"Fought Bandits","damage_taken":0,"max_hp_gain":0,"max_hp_loss":0,"event_name":"Masked Bandits","floor":25,"gold_loss":0}],"is_beta":false,"boss_relics":[{"not_picked":["Inserter","Cursed Key"],"picked":"Sozu"}],"items_purged_floors":[],"is_endless":false,"potions_floor_spawned":[1,3,10,16,21,24],"killed_by":"Masked Bandits","ascension_level":4}