{"gold_per_floor":[109,123,200,219,239,267,267,299,347,347,347,404,404,422,422,520,520,536,554,566,577,590,619,619,647,673,688,788,805,840,854,854,955,955,967,170,189,204,217,217,243,260,283,311,311,311,311,344,344,344,344,344,45,76,76],"floor_reached":56,"playtime":14566,"items_purged":["Strike_G","Defend_G"],"score":1553,"play_id":"d107efe6-3579-41e1-9f21-841e64f88e0f","local_time":"20190517023551","is_ascension_mode":true,"campfire_choices":[{"data":"Cloak And Dagger","floor":7.0,"key":"SMITH"},{"data":"Dagger Spray","floor":10.0,"key":"SMITH"},{"data":"Blade Dance","floor":13.0,"key":"SMITH"},{"data":"Cloak And Dagger","floor":15.0,"key":"SMITH"},{"data":"Neutralize","floor":32.0,"key":"SMITH"},{"floor":40,"key":"REST"},{"data":"1","floor":45,"key":"LIFT"},{"data":"2","floor":47,"key":"LIFT"},{"floor":49,"key":"RECALL"},{"data":"3","floor":52,"key":"LIFT"}],"neow_cost":"NONE","seed_source_timestamp":100342671485275,"circlet_count":0,"master_deck":["Defend_G","Defend_G","Defend_G","Defend_G","Strike_G","Strike_G","Strike_G","Survivor","Neutralize+1","Deadly Poison","Backflip","Endless Agony","Cloak And Dagger+1","Dagger Spray+1","Blade Dance+1","Cloak And Dagger+1","Storm of Steel","Blade Dance+1","Cloak And Dagger","Blade Dance","Endless Agony","Dash","Concentrate+1","Leg Sweep","Blade Dance+1","Dash+1","Malaise","Bullet Time","Dash+1","Terror","Noxious Fumes","Crippling Poison","Glass Knife+1","Infinite Blades","Flash of Steel+1","Finisher+1","Infinite Blades","Blade Dance+1"],"special_seed":0,"relics":["Ring of the Snake","Shuriken","Anchor","PreservedInsect","Art of War","Tiny Chest","Runic Pyramid","Ginger","Molten Egg 2","Blood Vial","Torii","Paper Crane","Bag of Marbles","Fusion Hammer","Pen Nib","Pear","Girya","Orichalcum","Bottled Lightning","Sundial"],"potions_floor_usage":[35,38,39,39,50,54],"damage_taken":[{"damage":0.0,"enemies":"Cultist","floor":1.0,"turns":4.0},{"damage":1.0,"enemies":"2 Louse","floor":2.0,"turns":3.0},{"damage":0.0,"enemies":"Jaw Worm","floor":4.0,"turns":4.0},{"damage":0.0,"enemies":"Red Slaver","floor":5.0,"turns":5.0},{"damage":15.0,"enemies":"Lagavulin","floor":6.0,"turns":11.0},{"damage":4.0,"enemies":"3 Sentries","floor":8.0,"turns":8.0},{"damage":0.0,"enemies":"Lagavulin","floor":12.0,"turns":7.0},{"damage":0.0,"enemies":"Large Slime","floor":14.0,"turns":3.0},{"damage":0.0,"enemies":"Slime Boss","floor":16.0,"turns":5.0},{"damage":0.0,"enemies":"2 Thieves","floor":18.0,"turns":2.0},{"damage":2.0,"enemies":"Shell Parasite","floor":19.0,"turns":4.0},{"damage":0.0,"enemies":"Sentry and Sphere","floor":20.0,"turns":3.0},{"damage":3.0,"enemies":"Snecko","floor":21.0,"turns":4.0},{"damage":6.0,"enemies":"Snake Plant","floor":22.0,"turns":5.0},{"damage":0.0,"enemies":"Gremlin Leader","floor":23.0,"turns":3.0},{"damage":4.0,"enemies":"Book of Stabbing","floor":25.0,"turns":4.0},{"damage":0.0,"enemies":"3 Cultists","floor":27.0,"turns":4.0},{"damage":0.0,"enemies":"Colosseum Slavers","floor":28.0,"turns":3.0},{"damage":0.0,"enemies":"Colosseum Nobs","floor":28.0,"turns":3.0},{"damage":0.0,"enemies":"Shelled Parasite and Fungi","floor":29.0,"turns":3.0},{"damage":1.0,"enemies":"Slavers","floor":30.0,"turns":3.0},{"damage":0.0,"enemies":"Snake Plant","floor":31.0,"turns":3.0},{"damage":14.0,"enemies":"Champ","floor":33.0,"turns":10.0},{"damage":6,"enemies":"3 Shapes","floor":35,"turns":3},{"damage":0,"enemies":"Orb Walker","floor":37,"turns":3},{"damage":21,"enemies":"Sphere and 2 Shapes","floor":38,"turns":4},{"damage":0,"enemies":"Jaw Worm Horde","floor":39,"turns":4},{"damage":10,"enemies":"Nemesis","floor":41,"turns":3},{"damage":0,"enemies":"3 Darklings","floor":42,"turns":3},{"damage":0,"enemies":"Reptomancer","floor":44,"turns":4},{"damage":2,"enemies":"Nemesis","floor":48,"turns":3},{"damage":12,"enemies":"Donu and Deca","floor":50,"turns":8},{"damage":0,"enemies":"Shield and Spear","floor":54,"turns":2},{"damage":76,"enemies":"The Heart","floor":55,"turns":7}],"seed_played":"-971845476242827072","potions_obtained":[{"floor":2.0,"key":"Regen Potion"},{"floor":4.0,"key":"EssenceOfSteel"},{"floor":6.0,"key":"Regen Potion"},{"floor":8.0,"key":"SkillPotion"},{"floor":12.0,"key":"Weak Potion"},{"floor":20.0,"key":"PowerPotion"},{"floor":22.0,"key":"Poison Potion"},{"floor":27.0,"key":"FearPotion"},{"floor":28.0,"key":"SneckoOil"},{"floor":29.0,"key":"Explosive Potion"},{"floor":33.0,"key":"SkillPotion"},{"floor":35,"key":"PowerPotion"},{"floor":37,"key":"PowerPotion"},{"floor":38,"key":"AttackPotion"},{"floor":44,"key":"AttackPotion"}],"is_trial":false,"path_per_floor":["M","M","T","M","M","E","R","E","T","R","?","E","R","M","R","B",null,"M","M","M","M","M","E","?","E","T","M","?","M","E","M","R","B",null,"M","$","M","M","M","R","E","M","T","E","R","?","R","E","R","B",null,"R","$","E","B",null],"character_chosen":"THE_SILENT","items_purchased":["Terror","Noxious Fumes","Crippling Poison","Glass Knife+1","Pen Nib","Pear","Finisher+1","Infinite Blades","Fire Potion"],"campfire_rested":1,"item_purchase_floors":[36,36,36,36,36,36,53,53,53],"current_hp_per_floor":[77,76,76,76,76,72,72,74,74,74,67,67,67,67,67,67,77,77,75,75,72,66,66,77,73,73,75,77,77,76,77,77,63,77,71,81,83,64,66,87,77,79,79,81,81,81,81,81,81,71,87,87,87,87,11],"gold":76,"neow_bonus":"TEN_PERCENT_HP_BONUS","is_prod":false,"is_daily":false,"chose_seed":false,"campfire_upgraded":5,"win_rate":0,"timestamp":1558040751,"path_taken":["M","M","?","M","M","E","R","E","T","R","?","E","R","M","R","BOSS","M","M","M","M","M","E","?","E","T","?","?","M","E","M","R","BOSS","M","$","M","M","M","R","E","M","T","E","R","?","R","E","R","BOSS","R","$","E","BOSS"],"build_version":"2019-01-23","purchased_purges":2,"victory":true,"max_hp_per_floor":[77,77,77,77,77,77,77,77,77,77,77,77,77,77,77,77,77,77,77,77,77,77,77,77,77,77,77,77,77,77,77,77,77,77,77,87,87,87,87,87,87,87,87,87,87,87,87,87,87,87,87,87,87,87,87],"card_choices":[{"not_picked":["Acrobatics","Sucker Punch"],"picked":"Deadly Poison","floor":1.0},{"not_picked":["Sucker Punch","Cloak And Dagger"],"picked":"Backflip","floor":2.0},{"not_picked":["Underhanded Strike","Heel Hook","Quick Slash"],"picked":"SKIP","floor":4.0},{"not_picked":["Finisher","Poisoned Stab"],"picked":"Endless Agony","floor":5.0},{"not_picked":["Underhanded Strike","Reflex"],"picked":"Cloak And Dagger","floor":6.0},{"not_picked":["All Out Attack","Die Die Die"],"picked":"Dagger Spray","floor":8.0},{"not_picked":["Expertise","Prepared"],"picked":"Blade Dance","floor":12.0},{"not_picked":["Acrobatics","Endless Agony"],"picked":"Cloak And Dagger","floor":14.0},{"not_picked":["Die Die Die","Glass Knife"],"picked":"Storm of Steel","floor":16.0},{"not_picked":["Deadly Poison","Setup+1"],"picked":"Blade Dance+1","floor":18.0},{"not_picked":["Acrobatics","Underhanded Strike"],"picked":"Cloak And Dagger","floor":19.0},{"not_picked":["Cloak And Dagger","Dodge and Roll"],"picked":"Blade Dance","floor":20.0},{"not_picked":["Acrobatics","Bane"],"picked":"Endless Agony","floor":21.0},{"not_picked":["Quick Slash","Acrobatics+1","Dodge and Roll"],"picked":"SKIP","floor":22.0},{"not_picked":["Prepared","A Thousand Cuts"],"picked":"Dash","floor":23.0},{"not_picked":["Tactician","Blade Dance"],"picked":"Concentrate+1","floor":25.0},{"not_picked":["Dagger Spray+1","Deflect"],"picked":"Leg Sweep","floor":27.0},{"not_picked":["Acrobatics","Predator+1"],"picked":"Blade Dance+1","floor":28.0},{"not_picked":["All Out Attack+1","Dagger Throw+1","Underhanded Strike+1"],"picked":"SKIP","floor":29.0},{"not_picked":["Leg Sweep","Poisoned Stab+1"],"picked":"Dash+1","floor":30.0},{"not_picked":["Blur+1","Dagger Spray+1"],"picked":"Malaise","floor":31.0},{"not_picked":["Venomology","Storm of Steel"],"picked":"Bullet Time","floor":33.0},{"not_picked":["Setup","Bane+1"],"picked":"Dash+1","floor":35},{"not_picked":["Dodge and Roll","Backflip+1","Deflect+1"],"picked":"SKIP","floor":37},{"not_picked":["Backflip+1","All Out Attack+1","Flying Knee+1"],"picked":"SKIP","floor":38},{"not_picked":["Crippling Poison","Slice+1","Outmaneuver"],"picked":"SKIP","floor":39},{"not_picked":["Cloak And Dagger","Tactician+1","Deadly Poison"],"picked":"SKIP","floor":41},{"not_picked":["Predator+1","Poisoned Stab+1"],"picked":"Infinite Blades","floor":42},{"not_picked":["Deadly Poison","Blur","Footwork+1"],"picked":"SKIP","floor":44},{"not_picked":["Dark Shackles","Deep Breath"],"picked":"Flash of Steel+1","floor":46},{"not_picked":["Setup","Venomology","Sucker Punch+1"],"picked":"SKIP","floor":48},{"not_picked":["Deadly Poison","Flying Knee+1"],"picked":"Blade Dance+1","floor":54}],"player_experience":380086,"relics_obtained":[{"floor":3.0,"key":"Shuriken"},{"floor":6.0,"key":"Anchor"},{"floor":8.0,"key":"PreservedInsect"},{"floor":9.0,"key":"Art of War"},{"floor":12.0,"key":"Tiny Chest"},{"floor":23.0,"key":"Ginger"},{"floor":25.0,"key":"Molten Egg 2"},{"floor":26.0,"key":"Blood Vial"},{"floor":28.0,"key":"Torii"},{"floor":28.0,"key":"Paper Crane"},{"floor":30.0,"key":"Bag of Marbles"},{"floor":41,"key":"Girya"},{"floor":44,"key":"Orichalcum"},{"floor":48,"key":"Bottled Lightning"},{"floor":54,"key":"Sundial"}],"event_choices":[{"cards_removed":["Strike_G"],"damage_healed":0.0,"max_hp_gain":0.0,"max_hp_loss":0.0,"gold_gain":0.0,"event_name":"Golden Wing","player_choice":"Card Removal","floor":11.0,"gold_loss":0.0,"damage_taken":7.0},{"damage_healed":11.0,"max_hp_gain":0.0,"max_hp_loss":0.0,"gold_gain":0.0,"event_name":"Wheel of Change","player_choice":"Full Heal","floor":24.0,"gold_loss":0.0,"damage_taken":0.0},{"damage_healed":0.0,"max_hp_gain":0.0,"max_hp_loss":0.0,"gold_gain":0.0,"event_name":"Colosseum","player_choice":"Fight","floor":28.0,"gold_loss":0.0,"damage_taken":0.0},{"damage_healed":0.0,"max_hp_gain":0.0,"max_hp_loss":0.0,"gold_gain":0.0,"event_name":"Colosseum","player_choice":"Fought Nobs","floor":28.0,"gold_loss":0.0,"damage_taken":0.0},{"damage_healed":0,"gold_gain":0,"player_choice":"Memory 1","damage_taken":0,"max_hp_gain":0,"max_hp_loss":0,"event_name":"SensoryStone","floor":46,"gold_loss":0}],"is_beta":false,"boss_relics":[{"not_picked":["Snecko Eye","Orrery"],"picked":"Runic Pyramid"},{"not_picked":["WristBlade","Philosopher\u0027s Stone"],"picked":"Fusion Hammer"}],"items_purged_floors":[36,53],"is_endless":false,"potions_floor_spawned":[2,4,6,8,12,20,22,27,28,29,33,35,37,38,44],"ascension_level":1}