{"gold_per_floor":[109,109,10,20,34,34,34,46,46,62,62,62,62,78,78,208,208,224,149,9,24,47,88,88,108,108,108,131,156,156,175,175,301,301,322,378,403,426,426,426,449,130,176,190,77,77,1,20,20,20],"floor_reached":50,"playtime":3830,"items_purged":["Strike_B","Strike_B"],"score":458,"play_id":"5a840666-e968-4bd0-b60d-34786b9fe31b","local_time":"20190125005410","is_ascension_mode":false,"campfire_choices":[{"data":"Apotheosis","floor":6,"key":"SMITH"},{"floor":12,"key":"REST"},{"floor":15,"key":"REST"},{"floor":24,"key":"REST"},{"floor":27,"key":"REST"},{"floor":32,"key":"REST"},{"floor":40,"key":"REST"},{"data":"Defend_B","floor":46,"key":"PURGE"},{"data":"Defend_B","floor":49,"key":"PURGE"}],"neow_cost":"TEN_PERCENT_HP_LOSS","seed_source_timestamp":1305115428919430,"circlet_count":0,"master_deck":["Defend_B+1","Defend_B","Zap+1","Dualcast","Deep Breath","Apotheosis+1","FTL","Rebound","Sweeping Beam","Ball Lightning","Defragment","Stack","Dramatic Entrance+1","Zap","Heatsinks","Buffer","Self Repair","Heatsinks","Steam Power","Self Repair","Thunder Strike","Tempest","Biased Cognition","Conserve Battery","Sweeping Beam+1","Conserve Battery","Ball Lightning+1","Panache","Good Instincts","Hologram","Stack","Storm","Steam"],"relics":["Cracked Core","Omamori","Golden Idol","Runic Dome","Mercury Hourglass","Dodecahedron","Inserter","Thread and Needle","Bag of Marbles","Peace Pipe"],"potions_floor_usage":[36,50],"damage_taken":[{"damage":0,"enemies":"Small Slimes","floor":1,"turns":3},{"damage":6,"enemies":"Jaw Worm","floor":4,"turns":3},{"damage":0,"enemies":"Cultist","floor":5,"turns":3},{"damage":2,"enemies":"Blue Slaver","floor":8,"turns":3},{"damage":1,"enemies":"2 Fungi Beasts","floor":10,"turns":3},{"damage":13,"enemies":"Red Slaver","floor":14,"turns":2},{"damage":3,"enemies":"The Guardian","floor":16,"turns":7},{"damage":5,"enemies":"Chosen","floor":18,"turns":3},{"damage":22,"enemies":"Shell Parasite","floor":21,"turns":4},{"damage":10,"enemies":"Chosen and Byrds","floor":22,"turns":5},{"damage":18,"enemies":"Gremlin Leader","floor":23,"turns":5},{"damage":21,"enemies":"Snake Plant","floor":25,"turns":3},{"damage":7,"enemies":"Snecko","floor":28,"turns":5},{"damage":30,"enemies":"Sentry and Sphere","floor":29,"turns":4},{"damage":28,"enemies":"Snake Plant","floor":31,"turns":4},{"damage":46,"enemies":"Automaton","floor":33,"turns":7},{"damage":7,"enemies":"3 Shapes","floor":35,"turns":2},{"damage":32,"enemies":"2 Orb Walkers","floor":36,"turns":4},{"damage":4,"enemies":"Orb Walker","floor":37,"turns":4},{"damage":13,"enemies":"Jaw Worm Horde","floor":38,"turns":3},{"damage":0,"enemies":"Transient","floor":41,"turns":5},{"damage":6,"enemies":"4 Shapes","floor":44,"turns":1},{"damage":11,"enemies":"3 Darklings","floor":48,"turns":4},{"damage":88,"enemies":"Awakened One","floor":50,"turns":8}],"seed_played":"-3622597534680576483","potions_obtained":[{"floor":4,"key":"Energy Potion"},{"floor":16,"key":"SneckoOil"},{"floor":18,"key":"GamblersBrew"},{"floor":21,"key":"SpeedPotion"},{"floor":22,"key":"Explosive Potion"},{"floor":31,"key":"FairyPotion"},{"floor":38,"key":"AttackPotion"}],"is_trial":false,"path_per_floor":["M","?","$","M","M","R","?","M","T","M","?","R","?","M","R","B",null,"M","?","$","M","M","E","R","M","T","R","M","M","?","M","R","B",null,"M","?","M","M","?","R","M","$","T","M","?","R","$","M","R","B"],"character_chosen":"DEFECT","items_purchased":["Rebound","Heatsinks","Panache","Good Instincts","Hologram","Storm"],"campfire_rested":6,"item_purchase_floors":[3,20,42,42,42,47],"current_hp_per_floor":[68,54,54,48,48,48,48,46,46,45,28,48,48,35,55,52,68,63,63,63,41,38,40,60,59,59,68,68,48,48,30,50,14,68,61,39,35,42,42,62,68,68,68,62,62,62,62,68,68,0],"gold":20,"neow_bonus":"RANDOM_COLORLESS_2","is_prod":false,"is_daily":false,"chose_seed":false,"campfire_upgraded":1,"win_rate":0,"timestamp":1548399250,"path_taken":["M","?","$","M","M","R","?","?","T","M","?","R","?","M","R","BOSS","M","?","$","M","M","E","R","M","T","R","M","M","?","M","R","BOSS","M","?","M","M","?","R","M","$","T","?","?","R","?","M","R","BOSS"],"build_version":"2019-01-23","purchased_purges":2,"victory":false,"max_hp_per_floor":[68,68,68,68,68,68,68,68,68,68,68,68,68,68,68,68,68,68,68,68,68,68,68,68,68,68,68,68,68,68,68,68,68,68,68,68,68,68,68,68,68,68,68,68,68,68,68,68,68,68],"card_choices":[{"not_picked":["Steam","Stack"],"picked":"FTL","floor":1},{"not_picked":["Recycle","Glacier"],"picked":"Sweeping Beam","floor":4},{"not_picked":["Sweeping Beam","Leap"],"picked":"Ball Lightning","floor":5},{"not_picked":["Rebound","Sweeping Beam"],"picked":"Defragment","floor":8},{"not_picked":["Streamline","Hologram"],"picked":"Stack","floor":10},{"not_picked":["Conserve Battery","Go for the Eyes"],"picked":"Heatsinks","floor":14},{"not_picked":["Amplify","Core Surge"],"picked":"Buffer","floor":16},{"not_picked":["Steam+1","Rip and Tear"],"picked":"Self Repair","floor":18},{"not_picked":["Streamline","Coolheaded"],"picked":"Steam Power","floor":21},{"not_picked":["Rebound","Stack"],"picked":"Self Repair","floor":22},{"not_picked":["Darkness","Barrage","Aggregate"],"picked":"SKIP","floor":23},{"not_picked":["Turbo+1","Rebound","Recycle+1"],"picked":"SKIP","floor":25},{"not_picked":["Compile Driver","Rebound+1"],"picked":"Thunder Strike","floor":28},{"not_picked":["Glacier+1","Gash+1","Rebound+1"],"picked":"SKIP","floor":29},{"not_picked":["Coolheaded+1","Go for the Eyes","Chaos"],"picked":"SKIP","floor":31},{"not_picked":["Rainbow","Core Surge"],"picked":"Biased Cognition","floor":33},{"not_picked":["Leap","Double Energy+1","Blizzard"],"picked":"SKIP","floor":35},{"not_picked":["Steam+1","Beam Cell"],"picked":"Conserve Battery","floor":36},{"not_picked":["Cold Snap+1","Streamline+1"],"picked":"Sweeping Beam+1","floor":37},{"not_picked":["Barrage+1","Go for the Eyes"],"picked":"Conserve Battery","floor":38},{"not_picked":["Meteor Strike","Gash+1"],"picked":"Ball Lightning+1","floor":41},{"not_picked":["Recycle+1","Redo"],"picked":"Stack","floor":44},{"not_picked":["Barrage","Stack+1"],"picked":"Steam","floor":48}],"player_experience":117253,"relics_obtained":[{"floor":9,"key":"Omamori"},{"floor":23,"key":"Mercury Hourglass"},{"floor":26,"key":"Dodecahedron"},{"floor":36,"key":"Thread and Needle"},{"floor":43,"key":"Bag of Marbles"}],"event_choices":[{"damage_healed":0,"gold_gain":0,"player_choice":"Entered Light","damage_taken":14,"max_hp_gain":0,"max_hp_loss":0,"event_name":"Shining Light","floor":2,"gold_loss":0,"cards_upgraded":["Zap","Defend_B"]},{"cards_removed":["Strike_B"],"damage_healed":0,"gold_gain":0,"player_choice":"Purged","damage_taken":0,"max_hp_gain":0,"max_hp_loss":0,"event_name":"Purifier","floor":7,"gold_loss":0},{"damage_healed":0,"gold_gain":0,"player_choice":"Take Damage","damage_taken":17,"relics_obtained":["Golden Idol"],"max_hp_gain":0,"max_hp_loss":0,"event_name":"Golden Idol","floor":11,"gold_loss":0},{"damage_healed":0,"gold_gain":0,"player_choice":"2 cards matched","damage_taken":0,"max_hp_gain":0,"max_hp_loss":0,"event_name":"Match and Keep!","floor":13,"gold_loss":0,"cards_obtained":["Dramatic Entrance","Zap"]},{"cards_removed":["Strike_B"],"damage_healed":0,"gold_gain":0,"player_choice":"Gave Gold","damage_taken":0,"max_hp_gain":0,"max_hp_loss":0,"event_name":"Beggar","floor":19,"gold_loss":75},{"damage_healed":0,"gold_gain":0,"player_choice":"Read","damage_taken":0,"max_hp_gain":0,"max_hp_loss":0,"event_name":"The Library","floor":30,"gold_loss":0,"cards_obtained":["Tempest"]},{"damage_healed":0,"gold_gain":0,"player_choice":"Fight","damage_taken":0,"max_hp_gain":0,"max_hp_loss":0,"event_name":"Mysterious Sphere","floor":36,"gold_loss":0},{"damage_healed":0,"gold_gain":0,"player_choice":"Forge","damage_taken":0,"max_hp_gain":0,"max_hp_loss":0,"event_name":"Accursed Blacksmith","floor":39,"gold_loss":0,"cards_upgraded":["Dramatic Entrance"]},{"damage_healed":0,"gold_gain":0,"player_choice":"Paid Gold","damage_taken":0,"relics_obtained":["Peace Pipe"],"max_hp_gain":0,"max_hp_loss":0,"event_name":"WeMeetAgain","floor":45,"gold_loss":113}],"is_beta":false,"boss_relics":[{"not_picked":["Snecko Eye","Eternal Feather"],"picked":"Runic Dome"},{"not_picked":["Sozu","Astrolabe"],"picked":"Inserter"}],"items_purged_floors":[3,20],"is_endless":false,"potions_floor_spawned":[4,16,18,21,22,25,31,38,44],"killed_by":"Awakened One","ascension_level":0}