{"gold_per_floor":[119,119,119,50,64,64,108,126,149,168,184,184,207,226,226,350,350,350,350,194,194,194,194,194,194,194,194,194,194,194,194,194,194,194,194,194,194,194,194,194,194,194,194,194,194,194,24,24,24,24],"floor_reached":51,"playtime":3562,"items_purged":["Strike_B+1","Dualcast"],"score":732,"play_id":"04d2cb91-07a5-4b7c-b0e5-678806758cbd","local_time":"20190113200406","is_ascension_mode":false,"campfire_choices":[{"data":"Storm","floor":6,"key":"SMITH"},{"floor":15,"key":"REST"},{"data":"Defragment","floor":23,"key":"SMITH"},{"data":"Zap","floor":25,"key":"SMITH"},{"floor":32,"key":"REST"},{"floor":42,"key":"REST"},{"data":"Thunder Strike","floor":49,"key":"SMITH"}],"neow_cost":"NONE","seed_source_timestamp":337513990603475,"circlet_count":0,"master_deck":["Strike_B+1","Strike_B+1","Defend_B+1","Defend_B+1","Defend_B+1","Defend_B+1","Zap+1","Static Discharge","Heatsinks","Storm+1","Conserve Battery","Ball Lightning","Storm+1","Sweeping Beam","Redo","Ball Lightning","Reboot","Steam","Defragment+1","Tempest","Stack+1","White Noise","Biased Cognition","Machine Learning","Thunder Strike+1","Buffer","Defragment","Redo","Self Repair+1","Ball Lightning","Writhe","Static Discharge+1","Leap+1","Compile Driver+1","Static Discharge","Tempest"],"relics":["Cracked Core","NeowsBlessing","Regal Pillow","Bag of Marbles","Ectoplasm","Nloth\u0027s Gift","Old Coin","Bag of Preparation","Velvet Choker","Centennial Puzzle","Molten Egg 2","Bird Faced Urn"],"potions_floor_usage":[13,14,16,16,24,24,40,41,44],"damage_taken":[{"damage":0,"enemies":"Small Slimes","floor":1,"turns":1},{"damage":0,"enemies":"2 Louse","floor":5,"turns":1},{"damage":0,"enemies":"3 Sentries","floor":7,"turns":1},{"damage":0,"enemies":"Cultist","floor":8,"turns":4},{"damage":2,"enemies":"3 Louse","floor":10,"turns":3},{"damage":9,"enemies":"Red Slaver","floor":11,"turns":3},{"damage":12,"enemies":"Blue Slaver","floor":13,"turns":2},{"damage":11,"enemies":"Large Slime","floor":14,"turns":3},{"damage":29,"enemies":"Slime Boss","floor":16,"turns":8},{"damage":5,"enemies":"Chosen","floor":18,"turns":3},{"damage":5,"enemies":"3 Byrds","floor":21,"turns":3},{"damage":28,"enemies":"Slavers","floor":24,"turns":4},{"damage":5,"enemies":"Snake Plant","floor":27,"turns":3},{"damage":4,"enemies":"Cultist and Chosen","floor":28,"turns":3},{"damage":2,"enemies":"Sentry and Sphere","floor":30,"turns":3},{"damage":0,"enemies":"Snecko","floor":31,"turns":3},{"damage":7,"enemies":"Automaton","floor":33,"turns":5},{"damage":18,"enemies":"3 Shapes","floor":35,"turns":2},{"damage":6,"enemies":"3 Darklings","floor":36,"turns":3},{"damage":13,"enemies":"Jaw Worm Horde","floor":37,"turns":3},{"damage":12,"enemies":"Spire Growth","floor":38,"turns":4},{"damage":33,"enemies":"Giant Head","floor":40,"turns":7},{"damage":10,"enemies":"Sphere and 2 Shapes","floor":41,"turns":2},{"damage":6,"enemies":"Mind Bloom Boss Battle","floor":44,"turns":4},{"damage":15,"enemies":"Writhing Mass","floor":45,"turns":3},{"damage":12,"enemies":"3 Darklings","floor":46,"turns":2},{"damage":13,"enemies":"Maw","floor":48,"turns":5},{"damage":27,"enemies":"Time Eater","floor":50,"turns":4}],"seed_played":"-5913726011982514155","potions_obtained":[{"floor":3,"key":"LiquidBronze"},{"floor":3,"key":"EntropicBrew"},{"floor":3,"key":"Weak Potion"},{"floor":7,"key":"PowerPotion"},{"floor":14,"key":"Regen Potion"},{"floor":18,"key":"Fire Potion"},{"floor":24,"key":"Energy Potion"},{"floor":28,"key":"Dexterity Potion"},{"floor":33,"key":"Poison Potion"},{"floor":40,"key":"AttackPotion"},{"floor":44,"key":"SteroidPotion"},{"floor":45,"key":"SkillPotion"},{"floor":46,"key":"SpeedPotion"}],"is_trial":false,"path_per_floor":["M","?","?","$","M","R","E","M","T","M","M","?","M","M","R","B",null,"M","?","$","M","?","R","E","R","T","M","M","?","M","M","R","B",null,"M","M","M","M","?","E","M","R","T","?","M","M","$","M","R","B",null],"character_chosen":"DEFECT","items_purchased":["Heatsinks","Defragment","Static Discharge"],"campfire_rested":3,"item_purchase_floors":[4,20,47],"current_hp_per_floor":[75,57,57,57,57,57,57,57,57,55,46,46,34,23,60,46,75,70,70,70,65,65,65,37,37,37,32,28,28,26,26,63,56,75,57,51,38,36,55,32,22,59,59,63,74,69,69,75,75,75],"gold":24,"neow_bonus":"THREE_ENEMY_KILL","is_prod":false,"is_daily":false,"chose_seed":false,"campfire_upgraded":4,"win_rate":0,"timestamp":1547431446,"path_taken":["M","?","?","$","M","R","E","M","T","?","M","?","M","M","R","BOSS","M","?","$","M","?","R","E","R","T","?","M","?","?","M","R","BOSS","M","M","?","M","?","E","M","R","T","?","M","M","$","M","R","BOSS"],"build_version":"2019-01-10","purchased_purges":2,"victory":true,"max_hp_per_floor":[75,75,75,75,75,75,75,75,75,75,75,75,75,75,75,75,75,75,75,75,75,75,75,75,75,75,75,75,75,75,75,75,75,75,75,75,75,75,75,75,75,75,75,75,75,75,75,75,75,75],"card_choices":[{"not_picked":["Go for the Eyes","Loop"],"picked":"Static Discharge","floor":1},{"not_picked":["Cold Snap","Redo"],"picked":"Storm","floor":5},{"not_picked":["Rip and Tear","Chill"],"picked":"Conserve Battery","floor":7},{"not_picked":["Stack","Chaos"],"picked":"Ball Lightning","floor":8},{"not_picked":["Go for the Eyes","Defragment"],"picked":"Storm","floor":10},{"not_picked":["Go for the Eyes","Turbo"],"picked":"Sweeping Beam","floor":11},{"not_picked":["Fusion","Go for the Eyes"],"picked":"Redo","floor":13},{"not_picked":["Blizzard","Leap"],"picked":"Ball Lightning","floor":14},{"not_picked":["Hyperbeam","Buffer"],"picked":"Reboot","floor":16},{"not_picked":["Coolheaded","Go for the Eyes"],"picked":"Steam","floor":18},{"not_picked":["Self Repair","Conserve Battery+1"],"picked":"Tempest","floor":21},{"not_picked":["Compile Driver","Echo Form"],"picked":"Stack+1","floor":24},{"not_picked":["Turbo","Reboot"],"picked":"White Noise","floor":27},{"not_picked":["Go for the Eyes+1","Turbo+1"],"picked":"Biased Cognition","floor":28},{"not_picked":["Turbo+1","Force Field"],"picked":"Machine Learning","floor":30},{"not_picked":["Defragment","Ball Lightning"],"picked":"Thunder Strike","floor":31},{"not_picked":["Multi-Cast","All For One"],"picked":"Buffer","floor":33},{"not_picked":["Turbo+1","Loop"],"picked":"Defragment","floor":35},{"not_picked":["Gash+1","Conserve Battery+1"],"picked":"Redo","floor":36},{"not_picked":["Sunder","Meteor Strike"],"picked":"Self Repair+1","floor":37},{"not_picked":["Streamline+1","Loop"],"picked":"Ball Lightning","floor":38},{"not_picked":["Beam Cell+1","Force Field+1"],"picked":"Static Discharge+1","floor":40},{"not_picked":["FTL+1","Steam+1"],"picked":"Leap+1","floor":41},{"not_picked":["Turbo","Barrage+1"],"picked":"Compile Driver+1","floor":45},{"not_picked":["Melter+1","Leap","Redo"],"picked":"SKIP","floor":46},{"not_picked":["Rebound+1","Hologram"],"picked":"Tempest","floor":48}],"player_experience":80612,"relics_obtained":[{"floor":7,"key":"Regal Pillow"},{"floor":9,"key":"Bag of Marbles"},{"floor":24,"key":"Old Coin"},{"floor":26,"key":"Bag of Preparation"},{"floor":40,"key":"Centennial Puzzle"},{"floor":43,"key":"Molten Egg 2"},{"floor":44,"key":"Bird Faced Urn"}],"event_choices":[{"damage_healed":0,"gold_gain":0,"player_choice":"Take Damage","damage_taken":18,"relics_obtained":["Golden Idol"],"max_hp_gain":0,"max_hp_loss":0,"event_name":"Golden Idol","floor":2,"gold_loss":0},{"damage_healed":0,"gold_gain":0,"player_choice":"Got Potions","damage_taken":0,"max_hp_gain":0,"max_hp_loss":0,"event_name":"Lab","floor":3,"gold_loss":0},{"damage_healed":0,"gold_gain":0,"player_choice":"Upgraded","damage_taken":0,"max_hp_gain":0,"max_hp_loss":0,"event_name":"Upgrade Shrine","floor":12,"gold_loss":0,"cards_upgraded":["Storm"]},{"damage_healed":0,"gold_gain":0,"player_choice":"Simplicity","damage_taken":0,"max_hp_gain":0,"max_hp_loss":0,"event_name":"Back to Basics","floor":19,"gold_loss":0,"cards_upgraded":["Strike_B","Strike_B","Strike_B","Strike_B","Defend_B","Defend_B","Defend_B","Defend_B"]},{"damage_healed":0,"gold_gain":0,"player_choice":"Traded Relic","damage_taken":0,"relics_obtained":["Nloth\u0027s Gift"],"max_hp_gain":0,"max_hp_loss":0,"event_name":"N\u0027loth","floor":22,"relics_lost":["Golden Idol"],"gold_loss":0},{"cards_removed":["Strike_B"],"damage_healed":0,"gold_gain":0,"player_choice":"Purged","damage_taken":0,"max_hp_gain":0,"max_hp_loss":0,"event_name":"Purifier","floor":29,"gold_loss":0},{"damage_healed":19,"gold_gain":0,"player_choice":"Writhe","damage_taken":0,"max_hp_gain":0,"max_hp_loss":0,"event_name":"Winding Halls","floor":39,"gold_loss":0,"cards_obtained":["Writhe"]},{"damage_healed":0,"gold_gain":0,"player_choice":"Fight","damage_taken":0,"max_hp_gain":0,"max_hp_loss":0,"event_name":"MindBloom","floor":44,"gold_loss":0}],"is_beta":false,"boss_relics":[{"not_picked":["Cursed Key","White Beast Statue"],"picked":"Ectoplasm"},{"not_picked":["Runic Pyramid","Runic Dome"],"picked":"Velvet Choker"}],"items_purged_floors":[20,47],"is_endless":false,"potions_floor_spawned":[7,8,10,14,18,21,24,28,33,38,40,44,45,46],"ascension_level":0}