{"gold_per_floor":[109,109,124,74,85,85,10,10,33,43,56,81,81,95,95,192,192,208,168,188,53,63,63,92,7,7],"floor_reached":26,"playtime":1636,"items_purged":["Strike_B","Strike_B"],"score":228,"play_id":"50f1450d-b99e-45ad-b6ce-b43a970301d0","local_time":"20190220212751","is_ascension_mode":false,"campfire_choices":[{"data":"FTL","floor":6.0,"key":"SMITH"},{"data":"Zap","floor":8.0,"key":"SMITH"},{"data":"Storm","floor":13.0,"key":"SMITH"},{"floor":15.0,"key":"REST"},{"data":"Storm","floor":23,"key":"SMITH"}],"neow_cost":"NONE","seed_source_timestamp":0,"circlet_count":0,"master_deck":["Strike_B","Defend_B","Defend_B","Defend_B","Defend_B","Zap+1","Dualcast","Core Surge","Conserve Battery","Compile Driver","FTL+1","Ball Lightning","Storm+1","Melter","Seek","FTL+1","Ball Lightning","Storm+1","BootSequence+1","Lockon"],"special_seed":0,"relics":["Cracked Core","Regal Pillow","Dodecahedron","Velvet Choker","Lantern","Ancient Tea Set","StoneCalendar"],"potions_floor_usage":[18,24,24],"damage_taken":[{"damage":7.0,"enemies":"Small Slimes","floor":1.0,"turns":2.0},{"damage":1.0,"enemies":"Cultist","floor":3.0,"turns":3.0},{"damage":6.0,"enemies":"Jaw Worm","floor":5.0,"turns":4.0},{"damage":7.0,"enemies":"Blue Slaver","floor":10.0,"turns":3.0},{"damage":8.0,"enemies":"Lots of Slimes","floor":11.0,"turns":3.0},{"damage":9.0,"enemies":"Lagavulin","floor":12.0,"turns":5.0},{"damage":6.0,"enemies":"Red Slaver","floor":14.0,"turns":2.0},{"damage":34.0,"enemies":"Hexaghost","floor":16.0,"turns":9.0},{"damage":13,"enemies":"2 Thieves","floor":18,"turns":3},{"damage":3,"enemies":"3 Byrds","floor":20,"turns":5},{"damage":14,"enemies":"3 Cultists","floor":22,"turns":4},{"damage":29,"enemies":"Book of Stabbing","floor":24,"turns":5}],"seed_played":"-4906936485034841556","potions_obtained":[{"floor":2.0,"key":"FocusPotion"},{"floor":2.0,"key":"SneckoOil"},{"floor":2.0,"key":"Fire Potion"},{"floor":3.0,"key":"Fire Potion"},{"floor":5.0,"key":"Dexterity Potion"},{"floor":10.0,"key":"LiquidBronze"},{"floor":16.0,"key":"Block Potion"},{"floor":22,"key":"SneckoOil"}],"is_trial":false,"path_per_floor":["M","?","M","?","M","R","$","R","T","M","M","E","R","M","R","B",null,"M","?","M","$","M","R","E","?","T"],"character_chosen":"DEFECT","items_purchased":["Storm"],"campfire_rested":1,"item_purchase_floors":[21],"current_hp_per_floor":[68,68,67,67,61,61,61,61,61,54,46,37,37,31,68,34,75,62,62,59,59,45,45,16,16,16],"gold":7,"neow_bonus":"ONE_RANDOM_RARE_CARD","is_prod":false,"is_daily":false,"chose_seed":false,"campfire_upgraded":4,"win_rate":0,"timestamp":1550719671,"path_taken":["M","?","?","?","M","R","?","R","T","M","M","E","R","M","R","BOSS","M","?","?","?","M","R","E","?","T"],"build_version":"2019-01-23","purchased_purges":2,"victory":false,"max_hp_per_floor":[75,75,75,75,75,75,75,75,75,75,75,75,75,75,75,75,75,75,75,75,75,75,75,75,75,75],"card_choices":[{"not_picked":["Hologram","Undo"],"picked":"Conserve Battery","floor":1.0},{"not_picked":["Go for the Eyes","Darkness"],"picked":"Compile Driver","floor":3.0},{"not_picked":["Conserve Battery","Thunder Strike"],"picked":"FTL","floor":5.0},{"not_picked":["Stack","Streamline"],"picked":"Ball Lightning","floor":10.0},{"not_picked":["Turbo","Gash","Steam"],"picked":"SKIP","floor":11.0},{"not_picked":["Capacitor","Steam"],"picked":"Storm","floor":12.0},{"not_picked":["Tempest","Streamline"],"picked":"Melter","floor":14.0},{"not_picked":["Meteor Strike","Hyperbeam"],"picked":"Seek","floor":16.0},{"not_picked":["Leap","Reprogram+1"],"picked":"FTL","floor":18},{"not_picked":["Genetic Algorithm","Redo+1"],"picked":"Ball Lightning","floor":20},{"not_picked":["Fusion","Leap"],"picked":"BootSequence+1","floor":22},{"not_picked":["Blizzard","Auto Shields"],"picked":"Lockon","floor":24}],"player_experience":177252,"relics_obtained":[{"floor":9.0,"key":"Regal Pillow"},{"floor":12.0,"key":"Dodecahedron"},{"floor":24,"key":"Lantern"},{"floor":26,"key":"StoneCalendar"}],"event_choices":[{"damage_healed":0.0,"max_hp_gain":0.0,"max_hp_loss":0.0,"gold_gain":0.0,"event_name":"Lab","player_choice":"Got Potions","floor":2.0,"gold_loss":0.0,"damage_taken":0.0},{"cards_removed":["Strike_B"],"damage_healed":0.0,"max_hp_gain":0.0,"max_hp_loss":0.0,"gold_gain":0.0,"event_name":"The Cleric","player_choice":"Card Removal","floor":4.0,"gold_loss":50.0,"damage_taken":0.0},{"damage_healed":0,"gold_gain":0,"player_choice":"Upgrade","damage_taken":0,"max_hp_gain":0,"max_hp_loss":0,"event_name":"Designer","floor":19,"gold_loss":40,"cards_upgraded":["FTL"]},{"damage_healed":0,"gold_gain":0,"player_choice":"Obtained Relic","damage_taken":0,"relics_obtained":["Ancient Tea Set"],"max_hp_gain":0,"max_hp_loss":0,"event_name":"Addict","floor":25,"gold_loss":85}],"is_beta":false,"boss_relics":[{"not_picked":["Philosopher\u0027s Stone","Snecko Eye"],"picked":"Velvet Choker"}],"items_purged_floors":[7,21],"is_endless":false,"potions_floor_spawned":[3,5,10,11,16,22],"ascension_level":0}