{"gold_per_floor":[113,113,129,141,66,96,147,147,171,171,181,181,200,200,200,303,303,315,331,57,71,71,71,87,87,112,129,129,145,145,156,156,261,261,277,377,394,405,418,418,431,442,442,442,453,453,453],"floor_reached":47,"playtime":3464,"items_purged":["Strike_R"],"score":563,"play_id":"cc45acc7-9fba-4ccc-8c90-5ecaa56e1c1e","local_time":"20190529185945","is_ascension_mode":true,"campfire_choices":[{"data":"Whirlwind","floor":10.0,"key":"SMITH"},{"floor":12.0,"key":"REST"},{"floor":15.0,"key":"REST"},{"floor":23.0,"key":"REST"},{"data":"Limit Break","floor":25.0,"key":"SMITH"},{"data":"Seeing Red","floor":28.0,"key":"SMITH"},{"floor":32.0,"key":"REST"},{"floor":40,"key":"REST"},{"floor":44,"key":"RECALL"}],"neow_cost":"NONE","seed_source_timestamp":2012207510724698,"circlet_count":0,"master_deck":["Strike_R","Strike_R+1","Strike_R","Strike_R","Defend_R","Defend_R","Defend_R","Defend_R+1","Bash","Reckless Charge","Clothesline","Whirlwind+1","Limit Break+1","Feel No Pain","Fiend Fire","Flex","Shrug It Off","Inflame","Headbutt+1","Seeing Red+1","Disarm","Sword Boomerang","Disarm+1","Sentinel+1","Shrug It Off+1","Iron Wave+1","Apotheosis"],"special_seed":0,"relics":["Burning Blood","Bag of Marbles","Ornamental Fan","Omamori","Cursed Key","Chemical X","Enchiridion","Red Skull","Nloth\u0027s Gift","Eternal Feather","Champion Belt"],"potions_floor_usage":[33,38,38,42,45],"damage_taken":[{"damage":0.0,"enemies":"Jaw Worm","floor":1.0,"turns":1.0},{"damage":0.0,"enemies":"Cultist","floor":3.0,"turns":1.0},{"damage":0.0,"enemies":"2 Louse","floor":4.0,"turns":1.0},{"damage":64.0,"enemies":"3 Sentries","floor":6.0,"turns":16.0},{"damage":5.0,"enemies":"Gremlin Gang","floor":11.0,"turns":3.0},{"damage":4.0,"enemies":"Looter","floor":13.0,"turns":2.0},{"damage":34.0,"enemies":"The Guardian","floor":16.0,"turns":19.0},{"damage":29.0,"enemies":"2 Thieves","floor":18.0,"turns":4.0},{"damage":4.0,"enemies":"Chosen","floor":19.0,"turns":4.0},{"damage":9.0,"enemies":"3 Cultists","floor":21.0,"turns":3.0},{"damage":0.0,"enemies":"Centurion and Healer","floor":24.0,"turns":1.0},{"damage":16.0,"enemies":"Sentry and Sphere","floor":27.0,"turns":5.0},{"damage":34.0,"enemies":"Cultist and Chosen","floor":29.0,"turns":5.0},{"damage":2.0,"enemies":"Chosen and Byrds","floor":31.0,"turns":3.0},{"damage":41,"enemies":"Automaton","floor":33,"turns":5},{"damage":0,"enemies":"3 Darklings","floor":35,"turns":1},{"damage":0,"enemies":"Mind Bloom Boss Battle","floor":36,"turns":5},{"damage":10,"enemies":"Orb Walker","floor":37,"turns":3},{"damage":24,"enemies":"Transient","floor":38,"turns":5},{"damage":40,"enemies":"Spire Growth","floor":39,"turns":5},{"damage":40,"enemies":"Jaw Worm Horde","floor":41,"turns":4},{"damage":0,"enemies":"Writhing Mass","floor":42,"turns":3},{"damage":11,"enemies":"Transient","floor":45,"turns":5},{"damage":44,"enemies":"Maw","floor":47,"turns":5}],"seed_played":"3897561947878985269","potions_obtained":[{"floor":6.0,"key":"Dexterity Potion"},{"floor":8.0,"key":"Explosive Potion"},{"floor":8.0,"key":"Explosive Potion"},{"floor":18.0,"key":"FearPotion"},{"floor":31.0,"key":"Weak Potion"},{"floor":33,"key":"PowerPotion"},{"floor":35,"key":"Fire Potion"},{"floor":41,"key":"Swift Potion"},{"floor":42,"key":"SkillPotion"}],"is_trial":false,"path_per_floor":["M","?","M","M","$","E","T","?","T","R","M","R","M","?","R","B",null,"M","M","$","M","?","R","M","R","T","M","R","M","?","M","R","B",null,"M","?","M","M","M","R","M","M","T","R","M","?","M"],"character_chosen":"IRONCLAD","items_purchased":["Chemical X","Inflame"],"campfire_rested":5,"item_purchase_floors":[20,20],"current_hp_per_floor":[78,78,80,80,80,22,22,22,22,22,23,47,49,33,57,29,67,44,46,46,43,27,51,57,57,57,47,47,19,19,23,47,12,63,69,75,71,53,19,55,21,27,27,42,37,37,0],"gold":453,"neow_bonus":"THREE_ENEMY_KILL","is_prod":false,"is_daily":false,"chose_seed":false,"campfire_upgraded":3,"win_rate":0,"timestamp":1559170785,"path_taken":["M","?","M","?","?","E","?","?","T","R","?","R","M","?","R","BOSS","M","M","$","M","?","R","M","R","T","M","R","M","?","M","R","BOSS","M","?","M","M","M","R","M","M","T","R","M","?","M"],"build_version":"2019-01-23","purchased_purges":1,"victory":false,"max_hp_per_floor":[80,80,80,80,80,80,80,80,80,80,80,80,80,80,80,80,80,80,80,80,80,80,80,80,80,80,80,80,80,80,80,80,80,80,80,80,80,80,80,80,80,80,80,80,80,80,80],"card_choices":[{"not_picked":["Clash","Flex"],"picked":"Pommel Strike","floor":1.0},{"not_picked":["Heavy Blade","Sword Boomerang"],"picked":"Reckless Charge","floor":3.0},{"not_picked":["Battle Trance","Heavy Blade"],"picked":"Clothesline","floor":4.0},{"not_picked":["Rage","Pommel Strike"],"picked":"Whirlwind","floor":6.0},{"not_picked":["Cleave","Blood for Blood"],"picked":"Limit Break","floor":11.0},{"not_picked":["Thunderclap","Iron Wave"],"picked":"Feel No Pain","floor":13.0},{"not_picked":["Limit Break","Impervious"],"picked":"Fiend Fire","floor":16.0},{"not_picked":["Sword Boomerang","Rupture"],"picked":"Flex","floor":18.0},{"not_picked":["Cleave+1","Dropkick"],"picked":"Shrug It Off","floor":19.0},{"not_picked":["Metallicize","Twin Strike+1"],"picked":"Headbutt+1","floor":21.0},{"not_picked":["Rupture","Flex","True Grit"],"picked":"SKIP","floor":24.0},{"not_picked":["True Grit","Pommel Strike+1"],"picked":"Seeing Red","floor":27.0},{"not_picked":["Clash","Flame Barrier","Twin Strike"],"picked":"SKIP","floor":29.0},{"not_picked":["Dark Embrace","Seeing Red"],"picked":"Disarm","floor":31.0},{"not_picked":["Thunderclap","Wild Strike+1"],"picked":"Sword Boomerang","floor":35},{"not_picked":["Sword Boomerang+1","Brutality"],"picked":"Disarm+1","floor":36},{"not_picked":["Heavy Blade","Clothesline"],"picked":"Sentinel+1","floor":37},{"not_picked":["Clash+1","Pummel+1","Clothesline"],"picked":"SKIP","floor":38},{"not_picked":["Pommel Strike+1","Blood for Blood","Cleave+1"],"picked":"SKIP","floor":39},{"not_picked":["Havoc+1","Ghostly Armor","Infernal Blade+1"],"picked":"SKIP","floor":41},{"not_picked":["Body Slam","Dark Embrace"],"picked":"Shrug It Off+1","floor":42},{"not_picked":["Warcry","Flex+1"],"picked":"Iron Wave+1","floor":45},{"not_picked":["Transmutation","Forethought"],"picked":"Apotheosis","floor":46}],"player_experience":312611,"relics_obtained":[{"floor":6.0,"key":"Ornamental Fan"},{"floor":9.0,"key":"Omamori"},{"floor":22.0,"key":"Enchiridion"},{"floor":26.0,"key":"Red Skull"},{"floor":36,"key":"Champion Belt"}],"event_choices":[{"cards_removed":["Pommel Strike"],"damage_healed":0.0,"max_hp_gain":0.0,"max_hp_loss":0.0,"gold_gain":0.0,"event_name":"WeMeetAgain","player_choice":"Gave Card","floor":2.0,"gold_loss":0.0,"damage_taken":0.0,"relics_obtained":["Bag of Marbles"]},{"damage_healed":0.0,"max_hp_gain":0.0,"max_hp_loss":0.0,"gold_gain":0.0,"event_name":"Lab","player_choice":"Got Potions","floor":8.0,"gold_loss":0.0,"damage_taken":0.0},{"damage_healed":0.0,"max_hp_gain":0.0,"max_hp_loss":0.0,"gold_gain":0.0,"event_name":"Shining Light","player_choice":"Entered Light","floor":14.0,"gold_loss":0.0,"damage_taken":16.0,"cards_upgraded":["Strike_R","Defend_R"]},{"damage_healed":0.0,"max_hp_gain":0.0,"max_hp_loss":0.0,"gold_gain":0.0,"event_name":"Cursed Tome","player_choice":"Obtained Book","floor":22.0,"gold_loss":0.0,"damage_taken":16.0},{"damage_healed":0.0,"max_hp_gain":0.0,"max_hp_loss":0.0,"gold_gain":0.0,"event_name":"N\u0027loth","player_choice":"Traded Relic","floor":30.0,"relics_lost":["NeowsBlessing"],"gold_loss":0.0,"damage_taken":0.0,"relics_obtained":["Nloth\u0027s Gift"]},{"damage_healed":0,"gold_gain":0,"player_choice":"Fight","damage_taken":0,"max_hp_gain":0,"max_hp_loss":0,"event_name":"MindBloom","floor":36,"gold_loss":0},{"damage_healed":0,"gold_gain":0,"player_choice":"Memory 1","damage_taken":0,"max_hp_gain":0,"max_hp_loss":0,"event_name":"SensoryStone","floor":46,"gold_loss":0}],"is_beta":false,"boss_relics":[{"not_picked":["Runic Cube","Runic Pyramid"],"picked":"Cursed Key"},{"not_picked":["Coffee Dripper","Orrery"],"picked":"Eternal Feather"}],"items_purged_floors":[5],"is_endless":false,"potions_floor_spawned":[6,11,18,21,24,31,33,35,41,42],"killed_by":"Maw","ascension_level":6}