{"gold_per_floor":[116,116,45,55,70,70,95,109,109,109,109,109,122,141,141,239,239,256,256,256,274,290,290,25,25,25,25,25,25,56,71,71,173,173,191,241,241,256,274,299,299,299],"floor_reached":42,"playtime":2704,"items_purged":["Strike_B"],"score":446,"play_id":"9a078cff-7c06-47c2-9d89-d177ba9daa17","local_time":"20190316225311","is_ascension_mode":false,"campfire_choices":[{"data":"Zap","floor":6,"key":"SMITH"},{"data":"Dualcast","floor":11,"key":"SMITH"},{"data":"Defragment","floor":15,"key":"SMITH"},{"data":"Storm","floor":23,"key":"SMITH"},{"data":"Defragment","floor":25,"key":"SMITH"},{"data":"Loop","floor":32,"key":"SMITH"},{"floor":41,"key":"REST"}],"neow_cost":"NONE","seed_source_timestamp":267867425649727,"circlet_count":0,"master_deck":["Strike_B","Defend_B","Defend_B","Defend_B","Defend_B","Zap","Dualcast+1","Loop+1","Consume","Madness","Zap+1","Defragment+1","Conserve Battery","Conserve Battery","Cold Snap","Defragment+1","Chill+1","Hologram+1","Amplify+1","Coolheaded+1","RitualDagger","RitualDagger","Storm+1","Coolheaded+1","Static Discharge","Electrodynamics","Blizzard+1","Thunder Strike","Static Discharge+1","Conserve Battery+1","Skim+1","Redo+1"],"relics":["Cracked Core","Gremlin Horn","Toxic Egg 2","Cursed Key","Art of War","Sundial","Runic Dome","Mango","Juzu Bracelet"],"potions_floor_usage":[42],"damage_taken":[{"damage":7,"enemies":"Jaw Worm","floor":1,"turns":4},{"damage":6,"enemies":"Cultist","floor":4,"turns":4},{"damage":7,"enemies":"2 Louse","floor":5,"turns":3},{"damage":24,"enemies":"3 Sentries","floor":7,"turns":7},{"damage":13,"enemies":"Exordium Wildlife","floor":8,"turns":4},{"damage":7,"enemies":"Exordium Thugs","floor":13,"turns":4},{"damage":1,"enemies":"Looter","floor":14,"turns":4},{"damage":15,"enemies":"Slime Boss","floor":16,"turns":11},{"damage":0,"enemies":"Shell Parasite","floor":18,"turns":8},{"damage":0,"enemies":"Chosen","floor":21,"turns":9},{"damage":17,"enemies":"Snake Plant","floor":22,"turns":5},{"damage":15,"enemies":"Book of Stabbing","floor":30,"turns":4},{"damage":7,"enemies":"Centurion and Healer","floor":31,"turns":3},{"damage":8,"enemies":"Champ","floor":33,"turns":9},{"damage":0,"enemies":"3 Darklings","floor":35,"turns":3},{"damage":10,"enemies":"2 Orb Walkers","floor":36,"turns":3},{"damage":6,"enemies":"Orb Walker","floor":38,"turns":3},{"damage":20,"enemies":"Writhing Mass","floor":39,"turns":3},{"damage":34,"enemies":"Nemesis","floor":40,"turns":5},{"damage":67,"enemies":"Reptomancer","floor":42,"turns":2}],"seed_played":"183343294589827110","potions_obtained":[{"floor":1,"key":"FocusPotion"},{"floor":4,"key":"Ancient Potion"},{"floor":7,"key":"Dexterity Potion"},{"floor":8,"key":"Energy Potion"},{"floor":21,"key":"FocusPotion"},{"floor":39,"key":"Regen Potion"}],"is_trial":false,"path_per_floor":["M","?","$","M","M","R","E","M","T","?","R","?","M","M","R","B",null,"M","?","?","M","M","R","$","R","T","?","?","$","E","M","R","B",null,"M","?","?","M","M","E","R","E"],"character_chosen":"DEFECT","items_purchased":["Defragment","Art of War","Static Discharge"],"campfire_rested":1,"item_purchase_floors":[3,24,24],"current_hp_per_floor":[68,68,68,62,55,55,31,18,18,11,11,36,29,28,28,13,75,75,69,69,69,52,52,52,52,52,52,52,52,37,30,30,22,75,75,79,79,73,53,19,45,0],"gold":299,"neow_bonus":"TRANSFORM_CARD","is_prod":false,"is_daily":false,"chose_seed":false,"campfire_upgraded":6,"win_rate":0,"timestamp":1552794791,"path_taken":["M","?","$","?","M","R","E","M","T","?","R","?","?","M","R","BOSS","M","?","?","M","?","R","$","R","T","?","?","?","E","M","R","BOSS","M","?","?","M","M","E","R","E"],"build_version":"2019-01-23","purchased_purges":1,"victory":false,"max_hp_per_floor":[75,75,75,75,75,75,75,75,75,75,75,75,75,75,75,75,75,75,75,75,75,75,75,75,75,75,75,75,75,75,75,75,75,75,75,89,89,89,89,89,89,89],"card_choices":[{"not_picked":["Beam Cell","Double Energy"],"picked":"Consume","floor":1},{"not_picked":["Rebound","Redo"],"picked":"Conserve Battery","floor":4},{"not_picked":["Fusion","Stack"],"picked":"Conserve Battery","floor":5},{"not_picked":["Tempest","Go for the Eyes"],"picked":"Cold Snap","floor":7},{"not_picked":["Rebound","Consume"],"picked":"Defragment","floor":8},{"not_picked":["Lockon","Undo+1"],"picked":"Chill+1","floor":13},{"not_picked":["Meteor Strike","Reinforced Body+1"],"picked":"Hologram+1","floor":14},{"not_picked":["Creative AI","Meteor Strike"],"picked":"Amplify+1","floor":16},{"not_picked":["Redo+1","Hologram+1"],"picked":"Coolheaded+1","floor":18},{"not_picked":["Steam Power+1","Recycle+1"],"picked":"Storm","floor":21},{"not_picked":["Compile Driver","Rebound"],"picked":"Coolheaded+1","floor":22},{"not_picked":["Ball Lightning","Conserve Battery+1"],"picked":"Electrodynamics","floor":30},{"not_picked":["Beam Cell","Leap+1"],"picked":"Blizzard+1","floor":31},{"not_picked":["Meteor Strike","Buffer"],"picked":"Thunder Strike","floor":33},{"not_picked":["Beam Cell","Conserve Battery+1"],"picked":"Static Discharge+1","floor":35},{"not_picked":["Go for the Eyes","Reinforced Body+1"],"picked":"Conserve Battery+1","floor":36},{"not_picked":["Streamline+1","Conserve Battery+1","Turbo+1"],"picked":"SKIP","floor":38},{"not_picked":["Turbo+1","Doom and Gloom+1"],"picked":"Skim+1","floor":39},{"not_picked":["Beam Cell+1","Conserve Battery+1"],"picked":"Redo+1","floor":40}],"player_experience":221137,"relics_obtained":[{"floor":7,"key":"Gremlin Horn"},{"floor":9,"key":"Toxic Egg 2"},{"floor":30,"key":"Sundial"},{"floor":36,"key":"Mango"},{"floor":40,"key":"Juzu Bracelet"}],"event_choices":[{"damage_healed":0,"gold_gain":0,"player_choice":"2 cards matched","damage_taken":0,"max_hp_gain":0,"max_hp_loss":0,"event_name":"Match and Keep!","floor":2,"gold_loss":0,"cards_obtained":["Madness","Zap"]},{"cards_removed":["Strike_B"],"damage_healed":0,"gold_gain":0,"player_choice":"Card Removal","damage_taken":7,"max_hp_gain":0,"max_hp_loss":0,"event_name":"Golden Wing","floor":10,"gold_loss":0},{"damage_healed":25,"gold_gain":0,"player_choice":"Banana","damage_taken":0,"max_hp_gain":0,"max_hp_loss":0,"event_name":"Big Fish","floor":12,"gold_loss":0},{"damage_healed":0,"gold_gain":0,"player_choice":"Joined the Cult","damage_taken":6,"max_hp_gain":0,"max_hp_loss":0,"event_name":"Nest","floor":19,"gold_loss":0,"cards_obtained":["RitualDagger"]},{"damage_healed":0,"gold_gain":0,"player_choice":"Copied","damage_taken":0,"max_hp_gain":0,"max_hp_loss":0,"event_name":"Duplicator","floor":20,"gold_loss":0,"cards_obtained":["RitualDagger"]},{"cards_removed":["Decay"],"damage_healed":0,"gold_gain":0,"player_choice":"Elegance","damage_taken":0,"max_hp_gain":0,"max_hp_loss":0,"event_name":"Back to Basics","floor":27,"gold_loss":0},{"damage_healed":0,"gold_gain":0,"player_choice":"Ignored","damage_taken":0,"max_hp_gain":0,"max_hp_loss":0,"event_name":"Ghosts","floor":28,"gold_loss":0},{"damage_healed":0,"gold_gain":0,"player_choice":"Fight","damage_taken":0,"max_hp_gain":0,"max_hp_loss":0,"event_name":"Mysterious Sphere","floor":36,"gold_loss":0},{"damage_healed":0,"gold_gain":0,"player_choice":"Ignored","damage_taken":0,"max_hp_gain":0,"max_hp_loss":0,"event_name":"Tomb of Lord Red Mask","floor":37,"gold_loss":0}],"is_beta":false,"boss_relics":[{"not_picked":["Orrery","FrozenCore"],"picked":"Cursed Key"},{"not_picked":["Busted Crown","Philosopher\u0027s Stone"],"picked":"Runic Dome"}],"items_purged_floors":[24],"is_endless":false,"potions_floor_spawned":[1,4,7,8,21,30,33,36,38,39],"killed_by":"Reptomancer","ascension_level":0}