{"gold_per_floor":[114,130,130,150,3,28,39,39,94,155,182,199,227,240,240,344,344,344,344,344,189,189,189],"floor_reached":23,"playtime":1529,"items_purged":["Strike_G"],"score":366,"play_id":"00995f7f-4364-4900-b2ca-3903d3156562","local_time":"20190601233137","is_ascension_mode":true,"campfire_choices":[{"data":"Glass Knife","floor":8.0,"key":"SMITH"},{"floor":15.0,"key":"REST"}],"neow_cost":"NONE","seed_source_timestamp":0,"circlet_count":0,"master_deck":["AscendersBane","Defend_G","Defend_G","Defend_G","Defend_G","Defend_G","Strike_G","Strike_G","Strike_G","Survivor","Neutralize","Dash","Endless Agony","Glass Knife+1","Deadly Poison","Well Laid Plans","Footwork","Blade Dance","Caltrops","Catalyst","Phantasmal Killer","Storm of Steel","Footwork","Ghostly","Ghostly","Ghostly","Ghostly","Ghostly","Backflip"],"special_seed":0,"relics":["Runic Dome","Shuriken","Bronze Scales","Orichalcum","Potion Belt","Regal Pillow","Ectoplasm","Oddly Smooth Stone"],"potions_floor_usage":[],"damage_taken":[{"damage":0.0,"enemies":"2 Louse","floor":1.0,"turns":3.0},{"damage":0.0,"enemies":"Jaw Worm","floor":2.0,"turns":4.0},{"damage":2.0,"enemies":"Small Slimes","floor":4.0,"turns":3.0},{"damage":11.0,"enemies":"Lagavulin","floor":6.0,"turns":7.0},{"damage":1.0,"enemies":"Gremlin Gang","floor":7.0,"turns":4.0},{"damage":17.0,"enemies":"Lagavulin Event","floor":10.0,"turns":4.0},{"damage":17.0,"enemies":"Gremlin Nob","floor":11.0,"turns":3.0},{"damage":3.0,"enemies":"Exordium Thugs","floor":12.0,"turns":4.0},{"damage":1.0,"enemies":"Lagavulin","floor":13.0,"turns":7.0},{"damage":3.0,"enemies":"Blue Slaver","floor":14.0,"turns":3.0},{"damage":28.0,"enemies":"Hexaghost","floor":16.0,"turns":7.0},{"damage":2,"enemies":"Chosen","floor":18,"turns":4},{"damage":6,"enemies":"3 Byrds","floor":19,"turns":3},{"damage":5,"enemies":"Sentry and Sphere","floor":22,"turns":8},{"damage":36,"enemies":"Gremlin Leader","floor":23,"turns":4}],"seed_played":"-606483448027436549","potions_obtained":[{"floor":1.0,"key":"Weak Potion"},{"floor":4.0,"key":"Fire Potion"},{"floor":6.0,"key":"FearPotion"},{"floor":11.0,"key":"LiquidBronze"},{"floor":13.0,"key":"Dexterity Potion"},{"floor":18,"key":"Ancient Potion"},{"floor":19,"key":"SkillPotion"}],"is_trial":false,"path_per_floor":["M","M","?","M","$","E","M","R","T","?","E","M","E","M","R","B",null,"M","M","?","$","M","E"],"character_chosen":"THE_SILENT","items_purchased":["Well Laid Plans","Oddly Smooth Stone"],"campfire_rested":1,"item_purchase_floors":[5,21],"current_hp_per_floor":[63,63,63,61,61,50,49,49,49,32,15,12,11,8,44,16,57,55,49,35,35,30,0],"gold":189,"neow_bonus":"BOSS_RELIC","is_prod":false,"is_daily":false,"chose_seed":false,"campfire_upgraded":1,"win_rate":0,"timestamp":1559412097,"path_taken":["M","M","?","M","$","E","M","R","T","?","E","M","E","M","R","BOSS","M","M","?","$","M","E"],"build_version":"2019-01-23","purchased_purges":1,"victory":false,"max_hp_per_floor":[70,70,70,70,70,70,70,70,70,70,70,70,70,70,70,70,70,70,70,35,35,35,35],"card_choices":[{"not_picked":["Heel Hook","Skewer"],"picked":"Dash","floor":1.0},{"not_picked":["Concentrate","Expertise"],"picked":"Endless Agony","floor":2.0},{"not_picked":["Masterful Stab","Poisoned Stab"],"picked":"Deadly Poison","floor":4.0},{"not_picked":["PiercingWail","Catalyst"],"picked":"Footwork","floor":6.0},{"not_picked":["Acrobatics","Deflect"],"picked":"Blade Dance","floor":7.0},{"not_picked":["Blade Dance","Blur"],"picked":"Caltrops","floor":11.0},{"not_picked":["Outmaneuver","Acrobatics"],"picked":"Catalyst","floor":12.0},{"not_picked":["Flying Knee","Backflip"],"picked":"Phantasmal Killer","floor":13.0},{"not_picked":["Sucker Punch","Expertise","Dagger Throw"],"picked":"SKIP","floor":14.0},{"not_picked":["Night Terror","Phantasmal Killer"],"picked":"Storm of Steel","floor":16.0},{"not_picked":["Flying Knee","Poisoned Stab","Choke"],"picked":"SKIP","floor":18},{"not_picked":["Bane","Dagger Spray"],"picked":"Footwork","floor":19},{"not_picked":["Deadly Poison","Acrobatics"],"picked":"Backflip","floor":22}],"player_experience":1074243,"relics_obtained":[{"floor":6.0,"key":"Shuriken"},{"floor":9.0,"key":"Bronze Scales"},{"floor":10.0,"key":"Orichalcum"},{"floor":11.0,"key":"Potion Belt"},{"floor":13.0,"key":"Regal Pillow"}],"event_choices":[{"damage_healed":0.0,"max_hp_gain":0.0,"max_hp_loss":0.0,"gold_gain":0.0,"cards_transformed":["Strike_G"],"event_name":"Living Wall","player_choice":"Change","floor":3.0,"gold_loss":0.0,"damage_taken":0.0,"cards_obtained":["Glass Knife"]},{"damage_healed":0.0,"max_hp_gain":0.0,"max_hp_loss":0.0,"gold_gain":30.0,"event_name":"Dead Adventurer","player_choice":"Searched \u00272\u0027 times","floor":10.0,"gold_loss":0.0,"damage_taken":0.0},{"damage_healed":0,"gold_gain":0,"player_choice":"Became a Ghost","damage_taken":0,"max_hp_gain":0,"max_hp_loss":35,"event_name":"Ghosts","floor":20,"gold_loss":0,"cards_obtained":["Ghostly","Ghostly","Ghostly","Ghostly","Ghostly"]}],"is_beta":false,"boss_relics":[{"not_picked":["Orrery","Calling Bell"],"picked":"Ectoplasm"}],"items_purged_floors":[5],"is_endless":false,"potions_floor_spawned":[1,4,6,11,13,18,19],"killed_by":"Gremlin Leader","ascension_level":12}