{"gold_per_floor":[116,130,150,162,87,116,134,197,197,197,223,239,269,269,269,365,365,380,63,162,173,173,173,173,228,228,228,228],"floor_reached":28,"playtime":4233,"items_purged":["Strike_B","Aggregate"],"score":450,"play_id":"812ee0f0-b4b0-4dc1-9ce5-7ce19deff3c5","local_time":"20190601111326","is_ascension_mode":true,"campfire_choices":[{"data":"Consume","floor":10.0,"key":"SMITH"},{"data":"Capacitor","floor":15.0,"key":"SMITH"}],"neow_cost":"NONE","seed_source_timestamp":1145128215313054,"circlet_count":0,"master_deck":["AscendersBane","Zap","Dualcast","Self Repair","Doom and Gloom","Ball Lightning","Echo Form","Cold Snap","Consume+1","Capacitor+1","BootSequence","Compile Driver","Machine Learning","Buffer+1","Hyperbeam","Skim","Storm","Biased Cognition","Leap","Defragment","Coolheaded","Cold Snap"],"special_seed":0,"relics":["Sozu","Anchor","Boot","Blood Vial","Dodecahedron","Juzu Bracelet","Oddly Smooth Stone","Pandora\u0027s Box","Membership Card","Tiny Chest","The Courier"],"potions_floor_usage":[],"damage_taken":[{"damage":1.0,"enemies":"Cultist","floor":1.0,"turns":4.0},{"damage":4.0,"enemies":"Jaw Worm","floor":2.0,"turns":4.0},{"damage":5.0,"enemies":"2 Louse","floor":3.0,"turns":2.0},{"damage":11.0,"enemies":"Looter","floor":4.0,"turns":3.0},{"damage":20.0,"enemies":"Lagavulin","floor":6.0,"turns":6.0},{"damage":4.0,"enemies":"Red Slaver","floor":7.0,"turns":4.0},{"damage":27.0,"enemies":"Gremlin Nob","floor":8.0,"turns":4.0},{"damage":0.0,"enemies":"3 Sentries","floor":11.0,"turns":4.0},{"damage":6.0,"enemies":"2 Fungi Beasts","floor":12.0,"turns":3.0},{"damage":16.0,"enemies":"Lagavulin","floor":13.0,"turns":7.0},{"damage":18.0,"enemies":"Hexaghost","floor":16.0,"turns":8.0},{"damage":16.0,"enemies":"Shell Parasite","floor":18.0,"turns":3.0},{"damage":2.0,"enemies":"Spheric Guardian","floor":21.0,"turns":5.0},{"damage":27,"enemies":"Gremlin Leader","floor":25,"turns":6},{"damage":45,"enemies":"Slavers","floor":28,"turns":4}],"seed_played":"-7839782617349163502","potions_obtained":[],"is_trial":false,"path_per_floor":["M","M","M","M","$","E","M","?","T","R","E","M","E","?","R","B",null,"M","$","?","M","?","?","?","E","T","?","E"],"character_chosen":"DEFECT","items_purchased":["Membership Card","Defragment","Coolheaded"],"campfire_rested":0,"item_purchase_floors":[19,19,19],"current_hp_per_floor":[67,70,72,68,68,55,65,45,45,45,47,43,36,24,24,15,60,53,53,53,60,60,60,60,42,42,42,0],"gold":228,"neow_bonus":"BOSS_RELIC","is_prod":false,"is_daily":false,"chose_seed":false,"campfire_upgraded":2,"win_rate":0,"timestamp":1559367806,"path_taken":["M","M","M","M","$","E","?","?","T","R","E","M","E","?","R","BOSS","M","$","?","M","?","?","?","E","T","?","E"],"build_version":"2019-01-23","purchased_purges":2,"victory":false,"max_hp_per_floor":[75,75,75,75,75,75,75,75,75,75,75,75,75,75,75,75,75,75,75,75,75,75,75,75,75,75,75,75],"card_choices":[{"not_picked":["Hologram","Conserve Battery"],"picked":"Self Repair","floor":1.0},{"not_picked":["Scrape","Gash"],"picked":"Doom and Gloom","floor":2.0},{"not_picked":["Turbo","Hologram"],"picked":"Ball Lightning","floor":3.0},{"not_picked":["Turbo","Beam Cell","Aggregate"],"picked":"SKIP","floor":4.0},{"not_picked":["Turbo","Beam Cell","Aggregate"],"picked":"SKIP","floor":4.0},{"not_picked":["Leap","Conserve Battery"],"picked":"Echo Form","floor":6.0},{"not_picked":["Sunder","Compile Driver"],"picked":"Cold Snap","floor":7.0},{"not_picked":["Reboot","Stack"],"picked":"Consume","floor":8.0},{"not_picked":["Gash","Cold Snap"],"picked":"Capacitor","floor":11.0},{"not_picked":["Steam Power","Turbo"],"picked":"BootSequence","floor":12.0},{"not_picked":["Redo","BootSequence"],"picked":"Compile Driver","floor":13.0},{"not_picked":["Echo Form","All For One"],"picked":"Machine Learning","floor":16.0},{"not_picked":["Steam","Barrage"],"picked":"Leap","floor":18.0},{"not_picked":["Redo","Gash","Streamline"],"picked":"SKIP","floor":21.0},{"not_picked":["Biased Cognition","FTL"],"picked":"Cold Snap","floor":25}],"player_experience":1038392,"relics_obtained":[{"floor":6.0,"key":"Anchor"},{"floor":8.0,"key":"Boot"},{"floor":9.0,"key":"Blood Vial"},{"floor":11.0,"key":"Dodecahedron"},{"floor":13.0,"key":"Juzu Bracelet"},{"floor":25,"key":"Tiny Chest"},{"floor":26,"key":"The Courier"}],"event_choices":[{"damage_healed":0.0,"max_hp_gain":0.0,"max_hp_loss":0.0,"gold_gain":30.0,"event_name":"Dead Adventurer","player_choice":"Searched \u00272\u0027 times","floor":8.0,"gold_loss":0.0,"damage_taken":0.0},{"damage_healed":0.0,"max_hp_gain":0.0,"max_hp_loss":0.0,"gold_gain":0.0,"event_name":"Scrap Ooze","player_choice":"Success","floor":14.0,"gold_loss":0.0,"damage_taken":12.0,"relics_obtained":["Oddly Smooth Stone"]},{"damage_healed":0.0,"max_hp_gain":0.0,"max_hp_loss":0.0,"gold_gain":99.0,"event_name":"Nest","player_choice":"Stole From Cult","floor":20.0,"gold_loss":0.0,"damage_taken":0.0},{"cards_removed":["Thunder Strike"],"damage_healed":0.0,"max_hp_gain":0.0,"max_hp_loss":0.0,"gold_gain":0.0,"event_name":"Back to Basics","player_choice":"Elegance","floor":22.0,"gold_loss":0.0,"damage_taken":0.0},{"damage_healed":0.0,"max_hp_gain":0.0,"max_hp_loss":0.0,"gold_gain":0.0,"event_name":"Accursed Blacksmith","player_choice":"Forge","floor":23.0,"gold_loss":0.0,"damage_taken":0.0,"cards_upgraded":["Buffer"]},{"damage_healed":0.0,"max_hp_gain":0.0,"max_hp_loss":0.0,"gold_gain":0.0,"event_name":"Beggar","player_choice":"Ignored","floor":24.0,"gold_loss":0.0,"damage_taken":0.0},{"damage_healed":0,"gold_gain":0,"player_choice":"Got Potions","damage_taken":0,"max_hp_gain":0,"max_hp_loss":0,"event_name":"Lab","floor":27,"gold_loss":0}],"is_beta":false,"boss_relics":[{"not_picked":["Black Star","Nuclear Battery"],"picked":"Pandora\u0027s Box"}],"items_purged_floors":[5,19],"is_endless":false,"potions_floor_spawned":[4,6,11,12,13,16,21],"killed_by":"Slavers","ascension_level":12}