{"gold_per_floor":[14,14,35,53,13,13,53,153,153,153,194,217,258,273,273,396,396,411,426,105,126,126,170,170,170],"floor_reached":25,"playtime":777,"items_purged":["Electrodynamics"],"score":338,"play_id":"f283f6f5-4226-4529-b7e3-55fb8ec91d6b","local_time":"20190604133953","is_ascension_mode":true,"campfire_choices":[{"data":"Sunder","floor":6.0,"key":"SMITH"},{"data":"Loop","floor":10.0,"key":"SMITH"},{"floor":15.0,"key":"REST"},{"floor":24,"key":"REST"}],"neow_cost":"NO_GOLD","seed_source_timestamp":10254984996030,"circlet_count":0,"master_deck":["Strike_B","Strike_B","Strike_B","Strike_B","Defend_B","Defend_B","Defend_B","Defend_B","Zap","Dualcast","Cold Snap","Go for the Eyes","Sunder+1","Loop+1","Self Repair","Darkness","Self Repair","Necronomicurse"],"special_seed":0,"relics":["Cracked Core","Golden Idol","Mercury Hourglass","Cables","Singing Bowl","Pantograph","Nuclear Battery","Medical Kit","Necronomicon","Blue Candle"],"potions_floor_usage":[23,25,25],"damage_taken":[{"damage":2.0,"enemies":"Small Slimes","floor":1.0,"turns":4.0},{"damage":0.0,"enemies":"Cultist","floor":3.0,"turns":3.0},{"damage":1.0,"enemies":"2 Louse","floor":4.0,"turns":2.0},{"damage":21.0,"enemies":"Lagavulin","floor":7.0,"turns":5.0},{"damage":11.0,"enemies":"3 Sentries","floor":11.0,"turns":4.0},{"damage":8.0,"enemies":"Looter","floor":12.0,"turns":2.0},{"damage":16.0,"enemies":"Gremlin Nob","floor":13.0,"turns":4.0},{"damage":22.0,"enemies":"Exordium Thugs","floor":14.0,"turns":3.0},{"damage":48.0,"enemies":"Slime Boss","floor":16.0,"turns":10.0},{"damage":17.0,"enemies":"Shell Parasite","floor":18.0,"turns":5.0},{"damage":11.0,"enemies":"Spheric Guardian","floor":19.0,"turns":3.0},{"damage":17.0,"enemies":"Snecko","floor":21.0,"turns":5.0},{"damage":33,"enemies":"Book of Stabbing","floor":23,"turns":4},{"damage":41,"enemies":"Slavers","floor":25,"turns":3}],"seed_played":"418433163679332744","potions_obtained":[{"floor":4.0,"key":"Explosive Potion"},{"floor":7.0,"key":"EssenceOfSteel"},{"floor":12.0,"key":"Fire Potion"},{"floor":21,"key":"AttackPotion"},{"floor":23,"key":"Poison Potion"}],"is_trial":false,"path_per_floor":["M","?","M","M","$","R","E","?","T","R","E","M","E","M","R","B",null,"M","M","$","M","?","E","R","E"],"character_chosen":"DEFECT","items_purchased":["Loop","Medical Kit","Self Repair"],"campfire_rested":2,"item_purchase_floors":[5,20,20],"current_hp_per_floor":[80,80,80,79,79,79,58,58,58,58,49,41,34,21,47,24,72,62,60,60,59,43,12,40,0],"gold":170,"neow_bonus":"TWENTY_PERCENT_HP_BONUS","is_prod":false,"is_daily":false,"chose_seed":false,"campfire_upgraded":2,"win_rate":0,"timestamp":1559648393,"path_taken":["M","?","M","M","$","R","E","?","T","R","E","?","E","M","R","BOSS","M","?","$","M","?","E","R","E"],"build_version":"2019-01-23","purchased_purges":1,"victory":false,"max_hp_per_floor":[89,82,82,82,82,82,82,82,82,82,84,84,86,88,88,88,88,88,90,90,92,92,94,94,94],"card_choices":[{"not_picked":["Go for the Eyes","Scrape"],"picked":"Cold Snap","floor":1.0},{"not_picked":["Streamline","Rebound"],"picked":"Go for the Eyes","floor":3.0},{"not_picked":["Blizzard","Streamline"],"picked":"Sunder","floor":4.0},{"not_picked":["Chaos","Scrape","Streamline"],"picked":"SKIP","floor":7.0},{"not_picked":["Barrage","Beam Cell","Reprogram"],"picked":"Singing Bowl","floor":11.0},{"not_picked":["Turbo","Cold Snap"],"picked":"Self Repair","floor":12.0},{"not_picked":["Turbo","All For One","Rebound"],"picked":"Singing Bowl","floor":13.0},{"not_picked":["Storm","Stack","Steam Power"],"picked":"Singing Bowl","floor":14.0},{"not_picked":["Reboot","Seek"],"picked":"Electrodynamics","floor":16.0},{"not_picked":["Compile Driver","Barrage"],"picked":"Darkness","floor":18.0},{"not_picked":["Leap","Sunder","Tempest+1"],"picked":"Singing Bowl","floor":19.0},{"not_picked":["Glacier","Sunder+1","Turbo"],"picked":"Singing Bowl","floor":21},{"not_picked":["Streamline","Coolheaded","Heatsinks"],"picked":"Singing Bowl","floor":23}],"player_experience":118368,"relics_obtained":[{"floor":7.0,"key":"Mercury Hourglass"},{"floor":9.0,"key":"Cables"},{"floor":11.0,"key":"Singing Bowl"},{"floor":13.0,"key":"Pantograph"},{"floor":22,"key":"Necronomicon"},{"floor":23,"key":"Blue Candle"}],"event_choices":[{"damage_healed":0.0,"max_hp_gain":0.0,"max_hp_loss":7.0,"gold_gain":0.0,"event_name":"Golden Idol","player_choice":"Lose Max HP","floor":2.0,"gold_loss":0.0,"damage_taken":0.0,"relics_obtained":["Golden Idol"]},{"damage_healed":0.0,"max_hp_gain":0.0,"max_hp_loss":0.0,"gold_gain":100.0,"event_name":"Wheel of Change","player_choice":"Gold","floor":8.0,"gold_loss":0.0,"damage_taken":0.0},{"damage_healed":0,"gold_gain":0,"player_choice":"Obtained Book","damage_taken":16,"max_hp_gain":0,"max_hp_loss":0,"event_name":"Cursed Tome","floor":22,"gold_loss":0}],"is_beta":false,"boss_relics":[{"not_picked":["Calling Bell","Busted Crown"],"picked":"Nuclear Battery"}],"items_purged_floors":[20],"is_endless":false,"potions_floor_spawned":[4,7,12,21,23],"killed_by":"Slavers","ascension_level":6}