{"gold_per_floor":[114,131,131,5,21,56,80,80,105,122,152,172,206,261,261,261],"floor_reached":16,"playtime":2253,"items_purged":["Strike_R"],"score":193,"play_id":"503dbdfd-5518-4d46-96dc-c67ec82cbbfa","local_time":"20190526162232","is_ascension_mode":true,"campfire_choices":[{"data":"Bash","floor":8.0,"key":"SMITH"},{"data":"Whirlwind","floor":15.0,"key":"SMITH"}],"neow_cost":"TEN_PERCENT_HP_LOSS","seed_source_timestamp":647593384565230,"circlet_count":0,"master_deck":["Strike_R","Strike_R+1","Strike_R","Strike_R","Defend_R","Defend_R","Defend_R","Defend_R","Bash+1","Feed+1","Ghostly Armor","Clothesline","Shrug It Off","Impervious","Shockwave","Metallicize","Whirlwind+1","Sword Boomerang"],"special_seed":0,"relics":["Burning Blood","Lantern","Odd Mushroom","Bag of Preparation","Unceasing Top","Potion Belt","Oddly Smooth Stone"],"potions_floor_usage":[],"damage_taken":[{"damage":0.0,"enemies":"Small Slimes","floor":1.0,"turns":3.0},{"damage":9.0,"enemies":"Jaw Worm","floor":2.0,"turns":6.0},{"damage":3.0,"enemies":"Cultist","floor":5.0,"turns":4.0},{"damage":30.0,"enemies":"Gremlin Nob","floor":6.0,"turns":5.0},{"damage":10.0,"enemies":"The Mushroom Lair","floor":7.0,"turns":6.0},{"damage":0.0,"enemies":"Looter","floor":10.0,"turns":4.0},{"damage":9.0,"enemies":"3 Sentries","floor":11.0,"turns":9.0},{"damage":2.0,"enemies":"Blue Slaver","floor":12.0,"turns":8.0},{"damage":8.0,"enemies":"Gremlin Nob","floor":13.0,"turns":6.0},{"damage":42.0,"enemies":"Lagavulin Event","floor":14.0,"turns":9.0},{"damage":56,"enemies":"Slime Boss","floor":16,"turns":5}],"seed_played":"-1662863312698421285","potions_obtained":[{"floor":2.0,"key":"Regen Potion"},{"floor":7.0,"key":"Regen Potion"},{"floor":10.0,"key":"LiquidBronze"},{"floor":12.0,"key":"PowerPotion"}],"is_trial":false,"path_per_floor":["M","M","?","$","M","E","?","R","T","M","E","M","E","?","R","B"],"character_chosen":"IRONCLAD","items_purchased":["FearPotion"],"campfire_rested":0,"item_purchase_floors":[4],"current_hp_per_floor":[75,75,59,59,66,56,56,56,56,62,78,86,88,56,56,0],"gold":261,"neow_bonus":"THREE_RARE_CARDS","is_prod":false,"is_daily":false,"chose_seed":false,"campfire_upgraded":2,"win_rate":0,"timestamp":1558867952,"path_taken":["M","M","?","$","M","E","?","R","T","M","E","M","E","?","R","BOSS"],"build_version":"2019-01-23","purchased_purges":1,"victory":false,"max_hp_per_floor":[75,78,78,78,82,82,86,86,86,86,90,94,98,102,102,102],"card_choices":[{"not_picked":["Offering","Barricade"],"picked":"Feed","floor":0.0},{"not_picked":["Sword Boomerang","Clash"],"picked":"Ghostly Armor","floor":1.0},{"not_picked":["Warcry","Sword Boomerang"],"picked":"Clothesline","floor":2.0},{"not_picked":["Perfected Strike","Wild Strike"],"picked":"Shrug It Off","floor":5.0},{"not_picked":["Headbutt","Feel No Pain"],"picked":"Impervious","floor":6.0},{"not_picked":["Dual Wield","Dropkick"],"picked":"Shockwave","floor":7.0},{"not_picked":["True Grit","Searing Blow"],"picked":"Metallicize","floor":10.0},{"not_picked":["Burning Pact","Wild Strike","Armaments"],"picked":"SKIP","floor":11.0},{"not_picked":["Heavy Blade","Cleave"],"picked":"Whirlwind","floor":12.0},{"not_picked":["Intimidate","Perfected Strike","Flex"],"picked":"SKIP","floor":13.0},{"not_picked":["Second Wind","Fire Breathing"],"picked":"Sword Boomerang","floor":14.0}],"player_experience":799808,"relics_obtained":[{"floor":6.0,"key":"Lantern"},{"floor":7.0,"key":"Odd Mushroom"},{"floor":9.0,"key":"Bag of Preparation"},{"floor":11.0,"key":"Unceasing Top"},{"floor":13.0,"key":"Potion Belt"}],"event_choices":[{"damage_healed":0.0,"max_hp_gain":0.0,"max_hp_loss":0.0,"gold_gain":0.0,"event_name":"Shining Light","player_choice":"Entered Light","floor":3.0,"gold_loss":0.0,"damage_taken":16.0,"cards_upgraded":["Strike_R","Feed"]},{"damage_healed":0.0,"max_hp_gain":0.0,"max_hp_loss":0.0,"gold_gain":0.0,"event_name":"Mushrooms","player_choice":"Fought Mushrooms","floor":7.0,"gold_loss":0.0,"damage_taken":0.0},{"damage_healed":0.0,"max_hp_gain":0.0,"max_hp_loss":0.0,"gold_gain":0.0,"event_name":"Dead Adventurer","player_choice":"Searched \u00272\u0027 times","floor":14.0,"gold_loss":0.0,"damage_taken":0.0,"relics_obtained":["Oddly Smooth Stone"]}],"is_beta":false,"boss_relics":[],"items_purged_floors":[4],"is_endless":false,"potions_floor_spawned":[2,7,10,12],"killed_by":"Slime Boss","ascension_level":8}