{"gold_per_floor":[114,114,289,299,309,309,336,336,383,416,416,436,469,110,110,211,211,226,226,226,80,90,122,136,136,210,210,228,257,267,302,302,403,403,421,440,456,473,473,503,71,103,103,103,121,138,172,172],"floor_reached":48,"playtime":8320,"items_purged":["Strike_G","Strike_G"],"score":995,"play_id":"e8e70e84-4e9a-4ced-82d7-35e1ba2b2180","local_time":"20190527070504","is_ascension_mode":true,"campfire_choices":[{"data":"Neutralize","floor":6.0,"key":"SMITH"},{"data":"Deadly Poison","floor":8.0,"key":"SMITH"},{"floor":11.0,"key":"REST"},{"data":"Mayhem","floor":15.0,"key":"SMITH"},{"data":"Footwork","floor":25.0,"key":"SMITH"},{"floor":32.0,"key":"REST"}],"neow_cost":"NONE","seed_source_timestamp":0,"circlet_count":0,"master_deck":["Defend_G","Defend_G","Defend_G","Defend_G","Defend_G","Strike_G","Survivor","Neutralize+1","Escape Plan","Doubt","Noxious Fumes","Deadly Poison+1","Poisoned Stab","Dagger Spray","Dodge and Roll","Backflip","Footwork+1","Mayhem+1","Corpse Explosion","Deflect","Acrobatics","After Image","Catalyst+1","Burst","Cloak And Dagger+1","Wraith Form v2","Deadly Poison+1","Bullet Time","Noxious Fumes+1","Dash","Deadly Poison+1","Corpse Explosion+1","Escape Plan+1"],"special_seed":0,"relics":["Ring of the Serpent","Dream Catcher","PreservedInsect","Ancient Tea Set","Runic Dome","Nloth\u0027s Gift","Bag of Marbles","Orichalcum","Bottled Lightning","FaceOfCleric","Bronze Scales","FossilizedHelix","Smiling Mask","ClockworkSouvenir","Happy Flower","Toxic Egg 2","StoneCalendar"],"potions_floor_usage":[47],"damage_taken":[{"damage":1.0,"enemies":"Small Slimes","floor":1.0,"turns":6.0},{"damage":0.0,"enemies":"Jaw Worm","floor":4.0,"turns":5.0},{"damage":0.0,"enemies":"Cultist","floor":5.0,"turns":5.0},{"damage":36.0,"enemies":"Gremlin Nob","floor":7.0,"turns":5.0},{"damage":13.0,"enemies":"Lagavulin","floor":10.0,"turns":8.0},{"damage":9.0,"enemies":"Blue Slaver","floor":12.0,"turns":4.0},{"damage":4.0,"enemies":"3 Sentries","floor":13.0,"turns":6.0},{"damage":1.0,"enemies":"The Guardian","floor":16.0,"turns":9.0},{"damage":7.0,"enemies":"Chosen","floor":18.0,"turns":6.0},{"damage":0.0,"enemies":"3 Byrds","floor":22.0,"turns":3.0},{"damage":0.0,"enemies":"Gremlin Leader","floor":23.0,"turns":5.0},{"damage":6.0,"enemies":"Snake Plant","floor":24.0,"turns":4.0},{"damage":5.0,"enemies":"Snecko","floor":28.0,"turns":4.0},{"damage":16.0,"enemies":"Book of Stabbing","floor":29.0,"turns":5.0},{"damage":0.0,"enemies":"Centurion and Healer","floor":30.0,"turns":6.0},{"damage":32.0,"enemies":"Slavers","floor":31.0,"turns":2.0},{"damage":31.0,"enemies":"Champ","floor":33.0,"turns":9.0},{"damage":0.0,"enemies":"3 Shapes","floor":35.0,"turns":6.0},{"damage":9.0,"enemies":"Orb Walker","floor":36.0,"turns":4.0},{"damage":0.0,"enemies":"Jaw Worm Horde","floor":37.0,"turns":2.0},{"damage":10.0,"enemies":"Transient","floor":38.0,"turns":5.0},{"damage":24.0,"enemies":"Nemesis","floor":40.0,"turns":6.0},{"damage":0,"enemies":"Giant Head","floor":42,"turns":4},{"damage":0,"enemies":"3 Darklings","floor":45,"turns":2},{"damage":9,"enemies":"Spire Growth","floor":46,"turns":4},{"damage":14,"enemies":"Nemesis","floor":47,"turns":5},{"damage":16,"enemies":"Jaw Worm Horde","floor":48,"turns":1}],"seed_played":"-8468446244859108657","potions_obtained":[{"floor":5.0,"key":"Fire Potion"},{"floor":7.0,"key":"Fire Potion"},{"floor":13.0,"key":"Regen Potion"},{"floor":16.0,"key":"Energy Potion"},{"floor":18.0,"key":"Poison Potion"},{"floor":22.0,"key":"Dexterity Potion"},{"floor":28.0,"key":"Ancient Potion"},{"floor":37.0,"key":"Ancient Potion"},{"floor":42,"key":"Swift Potion"}],"is_trial":false,"path_per_floor":["M","?","?","M","M","R","E","R","T","E","R","M","E","$","R","B",null,"M","?","?","$","M","E","M","R","T","?","M","E","M","E","R","B",null,"M","M","M","M","?","E","$","E","T","?","M","M","E","M"],"character_chosen":"THE_SILENT","items_purchased":["Footwork","Mayhem","Weak Potion","Bag of Marbles","ClockworkSouvenir","Happy Flower","Dash"],"campfire_rested":2,"item_purchase_floors":[14,14,14,21,41,41,41],"current_hp_per_floor":[69,74,74,74,74,74,38,38,38,25,49,40,36,36,36,35,70,78,78,78,78,78,78,72,72,72,72,68,53,54,23,48,18,70,71,63,64,55,55,32,32,33,33,25,26,18,5,0],"gold":172,"neow_bonus":"TEN_PERCENT_HP_BONUS","is_prod":false,"is_daily":false,"chose_seed":false,"campfire_upgraded":4,"win_rate":0,"timestamp":1558920904,"path_taken":["M","?","?","M","M","R","E","R","T","E","R","M","E","$","R","BOSS","M","?","?","$","?","E","M","R","T","?","M","E","M","E","R","BOSS","M","M","M","M","?","E","$","E","T","?","M","?","E","M"],"build_version":"2019-01-23","purchased_purges":2,"victory":false,"max_hp_per_floor":[77,82,82,82,82,82,82,82,82,82,82,82,82,82,82,82,82,82,82,82,82,82,82,82,82,82,82,83,84,85,86,86,87,87,88,89,90,91,86,87,87,88,88,88,89,90,91,91],"card_choices":[{"not_picked":["Sucker Punch","Flying Knee"],"picked":"Escape Plan","floor":1.0},{"not_picked":["Deflect","Dodge and Roll"],"picked":"Noxious Fumes","floor":4.0},{"not_picked":["Acrobatics","Outmaneuver","Caltrops"],"picked":"SKIP","floor":5.0},{"not_picked":["Predator","Storm of Steel"],"picked":"Deadly Poison","floor":7.0},{"not_picked":["Bane","Underhanded Strike"],"picked":"Poisoned Stab","floor":10.0},{"not_picked":["Flying Knee","Outmaneuver"],"picked":"Dagger Spray","floor":11.0},{"not_picked":["Poisoned Stab","Expertise"],"picked":"Dodge and Roll","floor":12.0},{"not_picked":["Grand Finale","Cloak And Dagger"],"picked":"Backflip","floor":13.0},{"not_picked":["Envenom","Night Terror"],"picked":"Corpse Explosion","floor":16.0},{"not_picked":["Tactician","Dagger Spray","Finisher"],"picked":"SKIP","floor":18.0},{"not_picked":["Dagger Throw","Slice","Blade Dance+1"],"picked":"SKIP","floor":22.0},{"not_picked":["Leg Sweep","A Thousand Cuts"],"picked":"After Image","floor":23.0},{"not_picked":["Escape Plan","PiercingWail"],"picked":"Catalyst+1","floor":24.0},{"not_picked":["Backflip","Outmaneuver","Accuracy"],"picked":"SKIP","floor":28.0},{"not_picked":["Backflip","Glass Knife"],"picked":"Burst","floor":29.0},{"not_picked":["Blade Dance+1","Poisoned Stab","Backflip"],"picked":"SKIP","floor":30.0},{"not_picked":["Outmaneuver","Skewer","Storm of Steel"],"picked":"SKIP","floor":31.0},{"not_picked":["Slice","Quick Slash"],"picked":"Cloak And Dagger+1","floor":32.0},{"not_picked":["Die Die Die","Phantasmal Killer"],"picked":"Wraith Form v2","floor":33.0},{"not_picked":["Acrobatics","Concentrate+1"],"picked":"Deadly Poison+1","floor":35.0},{"not_picked":["Outmaneuver+1","Accuracy"],"picked":"Bullet Time","floor":36.0},{"not_picked":["Dagger Spray+1","Distraction"],"picked":"Noxious Fumes+1","floor":37.0},{"not_picked":["Dagger Spray+1","Deflect","Deadly Poison"],"picked":"SKIP","floor":38.0},{"not_picked":["Dodge and Roll","Dagger Spray","Grand Finale"],"picked":"SKIP","floor":40.0},{"not_picked":["Distraction","Grand Finale","A Thousand Cuts"],"picked":"SKIP","floor":42},{"not_picked":["Flying Knee+1","Infinite Blades+1"],"picked":"Deadly Poison+1","floor":45},{"not_picked":["Outmaneuver+1","Deflect+1"],"picked":"Corpse Explosion+1","floor":46},{"not_picked":["Finisher","Slice+1"],"picked":"Escape Plan+1","floor":47}],"player_experience":808467,"relics_obtained":[{"floor":7.0,"key":"Omamori"},{"floor":9.0,"key":"Dream Catcher"},{"floor":10.0,"key":"PreservedInsect"},{"floor":13.0,"key":"Ancient Tea Set"},{"floor":23.0,"key":"Orichalcum"},{"floor":26.0,"key":"Bottled Lightning"},{"floor":29.0,"key":"Bronze Scales"},{"floor":31.0,"key":"FossilizedHelix"},{"floor":40.0,"key":"Smiling Mask"},{"floor":42,"key":"Toxic Egg 2"},{"floor":47,"key":"StoneCalendar"}],"event_choices":[{"damage_healed":0.0,"max_hp_gain":5.0,"max_hp_loss":0.0,"gold_gain":0.0,"event_name":"Big Fish","player_choice":"Donut","floor":2.0,"gold_loss":0.0,"damage_taken":0.0},{"damage_healed":0.0,"max_hp_gain":0.0,"max_hp_loss":0.0,"gold_gain":175.0,"event_name":"Liars Game","player_choice":"AGREE","floor":3.0,"gold_loss":0.0,"damage_taken":0.0,"cards_obtained":["Doubt"]},{"damage_healed":0.0,"max_hp_gain":0.0,"max_hp_loss":0.0,"gold_gain":0.0,"cards_transformed":["Strike_G","Strike_G"],"event_name":"Drug Dealer","player_choice":"Became Test Subject","floor":19.0,"gold_loss":0.0,"damage_taken":0.0,"cards_obtained":["Deflect","Acrobatics"]},{"damage_healed":0.0,"max_hp_gain":0.0,"max_hp_loss":0.0,"gold_gain":0.0,"event_name":"N\u0027loth","player_choice":"Traded Relic","floor":20.0,"relics_lost":["Omamori"],"gold_loss":0.0,"damage_taken":0.0,"relics_obtained":["Nloth\u0027s Gift"]},{"damage_healed":0.0,"max_hp_gain":0.0,"max_hp_loss":0.0,"gold_gain":0.0,"event_name":"FaceTrader","player_choice":"Trade","floor":27.0,"gold_loss":0.0,"damage_taken":0.0,"relics_obtained":["FaceOfCleric"]},{"damage_healed":0.0,"max_hp_gain":0.0,"max_hp_loss":5.0,"gold_gain":0.0,"event_name":"Winding Halls","player_choice":"Max HP","floor":39.0,"gold_loss":0.0,"damage_taken":0.0},{"damage_healed":0,"gold_gain":0,"player_choice":"Damaged","damage_taken":8,"max_hp_gain":0,"max_hp_loss":0,"event_name":"Wheel of Change","floor":44,"gold_loss":0}],"is_beta":false,"boss_relics":[{"not_picked":["Tiny House","Ectoplasm"],"picked":"Runic Dome"},{"not_picked":["Velvet Choker","WristBlade"],"picked":"Ring of the Serpent"}],"items_purged_floors":[14,41],"is_endless":false,"potions_floor_spawned":[5,7,13,16,18,22,28,37,42],"killed_by":"Jaw Worm Horde","ascension_level":8}