{"gold_per_floor":[129,129,129,174,219,219,249,294,369,369,414,414,364,379,379,479,479,494,219,234,249,279,279,43,58,58,58,58,58,73,88,88,203,203,218,266,96,126,126,126,141,156,181,181,181,56,0,15,15,15],"floor_reached":51,"playtime":4090,"items_purged":["Defend_R","Defend_R","Strike_R"],"score":784,"play_id":"4ff9d5f3-b088-41f6-905b-5e2de859bbad","local_time":"20180925174954","daily_mods":["Allstar","Cursed Run","Terminal"],"is_ascension_mode":false,"campfire_choices":[{"data":"Forethought","floor":6,"key":"SMITH"},{"data":"Feel No Pain","floor":10,"key":"SMITH"},{"data":"Whirlwind","floor":12,"key":"SMITH"},{"data":"Disarm","floor":15,"key":"SMITH"},{"data":"Body Slam","floor":23,"key":"SMITH"},{"data":"Inflame","floor":29,"key":"SMITH"},{"data":"Second Wind","floor":32,"key":"SMITH"},{"data":"Madness","floor":40,"key":"SMITH"},{"data":"Madness","floor":44,"key":"SMITH"},{"data":"Whirlwind","floor":49,"key":"SMITH"}],"neow_cost":"","seed_source_timestamp":0,"circlet_count":0,"master_deck":["Strike_R","Strike_R","Defend_R","Defend_R","Bash+1","HandOfGreed","Dramatic Entrance","Magnetism","Forethought+1","Master of Strategy","Feel No Pain+1","True Grit","Disarm+1","Iron Wave","Parasite","Whirlwind+1","Cleave","Doubt","Fiend Fire","Battle Trance","True Grit","Body Slam+1","Inflame+1","Pain","Second Wind+1","Spot Weakness+1","Clumsy","Demon Form+1","Power Through+1","Whirlwind+1","Madness+1","Madness+1","Evolve+1","Metallicize+1","Doubt","Bloodletting+1","Decay"],"special_seed":17799,"relics":["Cursed Key","Darkstone Periapt","Du-Vu Doll","Gremlin Horn","Turnip","Mark of Pain","Anchor","Chemical X","Frozen Egg 2","Nloth\u0027s Gift","Coffee Dripper","Bird Faced Urn","Lantern","Red Mask"],"potions_floor_usage":[36,36,42],"damage_taken":[{"damage":0,"enemies":"Jaw Worm","floor":1,"turns":3},{"damage":0,"enemies":"Small Slimes","floor":4,"turns":5},{"damage":0,"enemies":"2 Louse","floor":5,"turns":4},{"damage":0,"enemies":"Lagavulin","floor":7,"turns":7},{"damage":0,"enemies":"Exordium Thugs","floor":8,"turns":5},{"damage":0,"enemies":"3 Sentries","floor":11,"turns":6},{"damage":6,"enemies":"Large Slime","floor":14,"turns":3},{"damage":26,"enemies":"Hexaghost","floor":16,"turns":10},{"damage":0,"enemies":"Spheric Guardian","floor":18,"turns":2},{"damage":0,"enemies":"Shell Parasite","floor":20,"turns":3},{"damage":8,"enemies":"Chosen and Byrds","floor":21,"turns":5},{"damage":0,"enemies":"Centurion and Healer","floor":22,"turns":6},{"damage":0,"enemies":"3 Cultists","floor":25,"turns":1},{"damage":0,"enemies":"Snake Plant","floor":30,"turns":1},{"damage":0,"enemies":"Shelled Parasite and Fungi","floor":31,"turns":1},{"damage":9,"enemies":"Collector","floor":33,"turns":6},{"damage":0,"enemies":"3 Darklings","floor":35,"turns":2},{"damage":30,"enemies":"Mysterious Sphere","floor":36,"turns":6},{"damage":3,"enemies":"Orb Walker","floor":38,"turns":4},{"damage":9,"enemies":"Sphere and 2 Shapes","floor":41,"turns":5},{"damage":3,"enemies":"Maw","floor":42,"turns":5},{"damage":0,"enemies":"Mind Bloom Boss Battle","floor":45,"turns":4},{"damage":2,"enemies":"4 Shapes","floor":48,"turns":1},{"damage":61,"enemies":"Awakened One","floor":50,"turns":8}],"seed_played":"-3656457146817088839","potions_obtained":[{"floor":4,"key":"FairyPotion"},{"floor":7,"key":"Regen Potion"},{"floor":8,"key":"Explosive Potion"},{"floor":30,"key":"Strength Potion"},{"floor":36,"key":"SkillPotion"},{"floor":42,"key":"Energy Potion"}],"is_trial":false,"path_per_floor":["M","?","?","M","M","R","E","M","T","R","E","R","?","M","R","B",null,"M","$","M","M","M","R","$","M","T","?","?","R","M","M","R","B",null,"M","?","$","M","?","R","M","M","T","R","?","$","?","M","R","B"],"character_chosen":"IRONCLAD","items_purchased":["True Grit","Anchor","Chemical X","Inflame","Whirlwind"],"campfire_rested":0,"item_purchase_floors":[19,19,24,24,37],"current_hp_per_floor":[78,77,76,75,74,73,79,78,83,82,81,80,79,73,73,53,81,80,79,78,70,70,70,70,70,76,76,76,75,74,73,72,69,76,75,48,48,49,40,40,39,46,52,52,58,58,58,56,56,11],"gold":15,"neow_bonus":"","is_prod":false,"is_daily":true,"chose_seed":false,"campfire_upgraded":10,"win_rate":0,"timestamp":1537912194,"path_taken":["M","?","?","M","M","R","E","M","T","R","E","R","?","M","R","BOSS","M","$","M","M","M","R","$","M","T","?","?","R","M","M","R","BOSS","M","?","$","M","?","R","M","?","T","R","?","?","?","M","R","BOSS"],"build_version":"2018-09-20","purchased_purges":3,"victory":true,"max_hp_per_floor":[78,77,76,75,74,73,79,78,83,82,81,80,79,78,77,82,81,80,79,78,77,76,75,74,73,78,77,76,75,74,73,72,77,76,75,74,73,72,71,70,69,68,73,72,71,70,69,68,67,72],"card_choices":[{"not_picked":["Iron Wave","Anger"],"picked":"Feel No Pain","floor":1},{"not_picked":["Power Through","Headbutt"],"picked":"True Grit","floor":4},{"not_picked":["Intimidate","Warcry"],"picked":"Disarm","floor":5},{"not_picked":["Clothesline","Havoc","Flame Barrier"],"picked":"SKIP","floor":7},{"not_picked":["Rage","Heavy Blade"],"picked":"Iron Wave","floor":8},{"not_picked":["Twin Strike","Headbutt"],"picked":"Whirlwind","floor":11},{"not_picked":["Uppercut","Clothesline"],"picked":"Cleave","floor":14},{"not_picked":["Offering","Exhume"],"picked":"Fiend Fire","floor":16},{"not_picked":["Wild Strike","Sever Soul"],"picked":"Battle Trance","floor":18},{"not_picked":["Shrug It Off+1","Pummel","Headbutt"],"picked":"SKIP","floor":20},{"not_picked":["Wild Strike","Warcry+1","Rupture"],"picked":"SKIP","floor":21},{"not_picked":["Flame Barrier","Flex"],"picked":"Body Slam","floor":22},{"not_picked":["Flex","Cleave","Blood for Blood+1"],"picked":"SKIP","floor":25},{"not_picked":["Cleave","Warcry"],"picked":"Second Wind","floor":30},{"not_picked":["Burning Pact","Flex"],"picked":"Spot Weakness+1","floor":31},{"not_picked":["Juggernaut+1","Bludgeon"],"picked":"Demon Form+1","floor":33},{"not_picked":["Carnage","True Grit+1","Twin Strike"],"picked":"SKIP","floor":35},{"not_picked":["Dropkick","Perfected Strike"],"picked":"Power Through+1","floor":36},{"not_picked":["Dual Wield","Pommel Strike+1","Shockwave"],"picked":"SKIP","floor":38},{"not_picked":["Clash+1","Havoc"],"picked":"Evolve+1","floor":41},{"not_picked":["Wild Strike","Iron Wave"],"picked":"Metallicize+1","floor":42},{"not_picked":["Double Tap","Warcry+1"],"picked":"Bloodletting+1","floor":45},{"not_picked":["Fiend Fire","Headbutt","Immolate"],"picked":"SKIP","floor":48}],"player_experience":164197,"relics_obtained":[{"floor":7,"key":"Strawberry"},{"floor":9,"key":"Gremlin Horn"},{"floor":11,"key":"Turnip"},{"floor":26,"key":"Frozen Egg 2"},{"floor":36,"key":"Bird Faced Urn"},{"floor":43,"key":"Lantern"}],"event_choices":[{"event_name":"Living Wall","player_choice":"Forget","floor":2,"damage_taken":0},{"event_name":"Accursed Blacksmith","player_choice":"Forge","floor":3,"damage_taken":0},{"event_name":"The Cleric","player_choice":"Card Removal","floor":13,"damage_taken":0},{"event_name":"Beggar","player_choice":"Ignored","floor":27,"damage_taken":0},{"event_name":"N\u0027loth","player_choice":"Traded a Strawberry","floor":28,"damage_taken":0},{"event_name":"Mysterious Sphere","player_choice":"Fight","floor":36,"damage_taken":0},{"event_name":"Winding Halls","player_choice":"Embrace Madness","floor":39,"damage_taken":0},{"event_name":"MindBloom","player_choice":"Fight","floor":45,"damage_taken":0},{"event_name":"Tomb of Lord Red Mask","player_choice":"Paid","floor":47,"damage_taken":0}],"is_beta":false,"boss_relics":[{"not_picked":["Runic Dome","Philosopher\u0027s Stone"],"picked":"Mark of Pain"},{"not_picked":["Fusion Hammer","Astrolabe"],"picked":"Coffee Dripper"}],"items_purged_floors":[19,37,46],"is_endless":false,"potions_floor_spawned":[4,7,8,11,20,21,22,30,36,42],"ascension_level":0}