{"gold_per_floor":[109,34,34,34,50,50,75,75,130,142,61,81,97,131,131,202,202,215,215,230,245,3,31,51,51,51,71,71,97,97,115,115,115],"floor_reached":33,"playtime":842,"items_purged":["Strike_R"],"score":651,"play_id":"fba420f0-5e72-4c22-be53-640532f89dbe","local_time":"20190406233829","is_ascension_mode":true,"campfire_choices":[{"data":"Sword Boomerang","floor":6.0,"key":"SMITH"},{"data":"Bash","floor":8.0,"key":"SMITH"},{"data":"Disarm","floor":15.0,"key":"SMITH"},{"data":"Apotheosis","floor":25,"key":"SMITH"},{"floor":28,"key":"REST"},{"floor":32,"key":"REST"}],"neow_cost":"NONE","seed_source_timestamp":3898979264681,"circlet_count":0,"master_deck":["AscendersBane","Strike_R+1","Strike_R","Strike_R","Defend_R","Defend_R","Defend_R+1","Defend_R","Bash+1","Disarm+1","Sword Boomerang+1","Cleave","Bludgeon","Spot Weakness","Armaments","Impervious","Pummel","Headbutt","Seeing Red","Apotheosis+1","Uppercut","Evolve","Warcry+1","Demon Form","Decay"],"special_seed":0,"relics":["Burning Blood","NeowsBlessing","Lantern","Orichalcum","PreservedInsect","Velvet Choker","Magic Flower","Sundial","Paper Frog"],"potions_floor_usage":[],"damage_taken":[{"damage":0.0,"enemies":"Small Slimes","floor":1.0,"turns":1.0},{"damage":0.0,"enemies":"Cultist","floor":5.0,"turns":1.0},{"damage":0.0,"enemies":"Gremlin Nob","floor":7.0,"turns":1.0},{"damage":6.0,"enemies":"Jaw Worm","floor":10.0,"turns":2.0},{"damage":0.0,"enemies":"2 Fungi Beasts","floor":12.0,"turns":2.0},{"damage":4.0,"enemies":"Red Slaver","floor":13.0,"turns":2.0},{"damage":39.0,"enemies":"3 Sentries","floor":14.0,"turns":12.0},{"damage":0.0,"enemies":"Hexaghost","floor":16.0,"turns":7.0},{"damage":5.0,"enemies":"Spheric Guardian","floor":18.0,"turns":5.0},{"damage":17.0,"enemies":"2 Thieves","floor":20.0,"turns":4.0},{"damage":7.0,"enemies":"Snecko","floor":21.0,"turns":3.0},{"damage":15,"enemies":"Gremlin Leader","floor":23,"turns":4},{"damage":17,"enemies":"Centurion and Healer","floor":24,"turns":5},{"damage":18,"enemies":"Snake Plant","floor":27,"turns":4},{"damage":29,"enemies":"Book of Stabbing","floor":29,"turns":4},{"damage":13,"enemies":"Cultist and Chosen","floor":31,"turns":8},{"damage":53,"enemies":"Automaton","floor":33,"turns":8}],"seed_played":"-3849087112066413721","potions_obtained":[{"floor":5.0,"key":"LiquidBronze"},{"floor":10.0,"key":"SneckoOil"},{"floor":16.0,"key":"SteroidPotion"}],"is_trial":false,"path_per_floor":["M","$","?","?","M","R","E","R","T","M","$","M","M","E","R","B",null,"M","?","M","M","$","E","M","R","T","M","R","E","?","M","R","B"],"character_chosen":"IRONCLAD","items_purchased":["Spot Weakness","Apotheosis","Strength Potion"],"campfire_rested":2,"item_purchase_floors":[11,22,22],"current_hp_per_floor":[74,74,51,51,57,57,63,63,63,63,63,69,71,38,38,44,67,68,68,57,56,56,47,39,39,39,30,52,32,32,28,50,0],"gold":115,"neow_bonus":"THREE_ENEMY_KILL","is_prod":false,"is_daily":false,"chose_seed":false,"campfire_upgraded":4,"win_rate":0,"timestamp":1554561509,"path_taken":["M","$","?","?","?","R","E","R","T","M","$","M","M","E","R","BOSS","M","?","M","M","$","E","M","R","T","M","R","E","?","M","R","BOSS"],"build_version":"2019-01-23","purchased_purges":1,"victory":false,"max_hp_per_floor":[75,75,75,75,75,75,75,75,75,75,75,75,75,75,75,75,75,75,75,75,75,75,75,75,75,75,75,75,75,75,75,75,75],"card_choices":[{"not_picked":["Armaments","Fire Breathing"],"picked":"Disarm","floor":1.0},{"not_picked":["Flex","Iron Wave"],"picked":"Sword Boomerang","floor":5.0},{"not_picked":["Clash","Dual Wield"],"picked":"Cleave","floor":7.0},{"not_picked":["Combust","Armaments"],"picked":"Bludgeon","floor":10.0},{"not_picked":["Dropkick","Infernal Blade","Clothesline"],"picked":"SKIP","floor":12.0},{"not_picked":["Heavy Blade","Thunderclap"],"picked":"Armaments","floor":13.0},{"not_picked":["Hemokinesis","Thunderclap","Body Slam"],"picked":"SKIP","floor":14.0},{"not_picked":["Berserk","Dark Embrace"],"picked":"Impervious","floor":16.0},{"not_picked":["Havoc","True Grit"],"picked":"Pummel","floor":18.0},{"not_picked":["Rage","Flex+1"],"picked":"Headbutt","floor":20.0},{"not_picked":["Dropkick","Clash"],"picked":"Seeing Red","floor":21.0},{"not_picked":["Body Slam","Pummel"],"picked":"Uppercut","floor":23},{"not_picked":["Havoc","Perfected Strike+1"],"picked":"Evolve","floor":24},{"not_picked":["Sever Soul","Thunderclap"],"picked":"Warcry+1","floor":27},{"not_picked":["Anger","Fiend Fire"],"picked":"Demon Form","floor":29},{"not_picked":["Body Slam","Hemokinesis","Heavy Blade"],"picked":"SKIP","floor":31}],"player_experience":430730,"relics_obtained":[{"floor":7.0,"key":"Lantern"},{"floor":9.0,"key":"Orichalcum"},{"floor":14.0,"key":"PreservedInsect"},{"floor":23,"key":"Magic Flower"},{"floor":26,"key":"Sundial"},{"floor":29,"key":"Paper Frog"}],"event_choices":[{"damage_healed":0.0,"max_hp_gain":0.0,"max_hp_loss":0.0,"gold_gain":0.0,"event_name":"Shining Light","player_choice":"Entered Light","floor":3.0,"gold_loss":0.0,"damage_taken":23.0,"cards_upgraded":["Defend_R","Strike_R"]},{"cards_removed":["Strike_R"],"damage_healed":0.0,"max_hp_gain":0.0,"max_hp_loss":0.0,"gold_gain":0.0,"event_name":"Purifier","player_choice":"Purged","floor":4.0,"gold_loss":0.0,"damage_taken":0.0},{"damage_healed":0.0,"max_hp_gain":0.0,"max_hp_loss":0.0,"gold_gain":0.0,"event_name":"Ghosts","player_choice":"Ignored","floor":19.0,"gold_loss":0.0,"damage_taken":0.0},{"damage_healed":0,"gold_gain":0,"player_choice":"Smashed Altar","damage_taken":0,"max_hp_gain":0,"max_hp_loss":0,"event_name":"Forgotten Altar","floor":30,"gold_loss":0,"cards_obtained":["Decay"]}],"is_beta":false,"boss_relics":[{"not_picked":["Coffee Dripper","White Beast Statue"],"picked":"Velvet Choker"}],"items_purged_floors":[2],"is_endless":false,"potions_floor_spawned":[5,10,16,18,20,21,31],"killed_by":"Automaton","ascension_level":15}