{"gold_per_floor":[111,111,111,76,91,91,105,135,135,135,135,135,162,241,241,337,337,354,354,354,3,3,3,14,14,14,14,31,31,64,23,23,23],"floor_reached":33,"playtime":882,"items_purged":[],"score":347,"play_id":"62f705db-9477-4e4b-9119-dd70b25cba82","local_time":"20190604130833","is_ascension_mode":true,"campfire_choices":[{"data":"Zap","floor":6.0,"key":"SMITH"},{"floor":10.0,"key":"REST"},{"data":"All For One","floor":12.0,"key":"SMITH"},{"data":"Strike_B","floor":15.0,"key":"SMITH"},{"floor":23,"key":"REST"},{"floor":25,"key":"REST"},{"data":"Seek","floor":27,"key":"SMITH"},{"floor":32,"key":"REST"}],"neow_cost":"PERCENT_DAMAGE","seed_source_timestamp":0,"circlet_count":0,"master_deck":["Strike_B","Strike_B","Strike_B","Strike_B+1","Defend_B","Defend_B","Defend_B","Defend_B+1","Zap+1","Dualcast+1","All For One+1","Defragment+1","Seek+1","Go for the Eyes+1","Gash+1","Beam Cell+1","Leap","Glacier+1","Finesse"],"special_seed":0,"relics":["Cracked Core","Darkstone Periapt","PreservedInsect","Molten Egg 2","Philosopher\u0027s Stone","Membership Card","Shuriken","Bottled Lightning","Juzu Bracelet"],"potions_floor_usage":[30,30],"damage_taken":[{"damage":0.0,"enemies":"Small Slimes","floor":1.0,"turns":3.0},{"damage":2.0,"enemies":"Jaw Worm","floor":5.0,"turns":2.0},{"damage":0.0,"enemies":"2 Louse","floor":7.0,"turns":2.0},{"damage":33.0,"enemies":"Gremlin Nob","floor":8.0,"turns":4.0},{"damage":10.0,"enemies":"3 Sentries","floor":13.0,"turns":3.0},{"damage":25.0,"enemies":"Hexaghost","floor":16.0,"turns":9.0},{"damage":0,"enemies":"Spheric Guardian","floor":18,"turns":3},{"damage":37,"enemies":"Colosseum Slavers","floor":20,"turns":4},{"damage":23,"enemies":"2 Thieves","floor":24,"turns":4},{"damage":19,"enemies":"Centurion and Healer","floor":28,"turns":5},{"damage":13,"enemies":"Gremlin Leader","floor":30,"turns":6},{"damage":46,"enemies":"Collector","floor":33,"turns":8}],"seed_played":"-3104550581987031149","potions_obtained":[{"floor":1.0,"key":"GamblersBrew"},{"floor":7.0,"key":"SpeedPotion"},{"floor":8.0,"key":"Fire Potion"},{"floor":18,"key":"Weak Potion"},{"floor":24,"key":"LiquidBronze"}],"is_trial":false,"path_per_floor":["M","?","?","?","M","R","M","E","T","R","?","R","E","?","R","B",null,"M","?","?","$","?","R","M","R","T","R","M","$","E","$","R","B"],"character_chosen":"DEFECT","items_purchased":["Beam Cell+1","Membership Card","Shuriken","Finesse"],"campfire_rested":4,"item_purchase_floors":[21,21,21,31],"current_hp_per_floor":[50,35,35,53,51,51,51,18,18,40,40,40,30,30,30,5,58,58,58,21,21,21,43,20,42,42,42,23,23,10,10,32,0],"gold":23,"neow_bonus":"THREE_RARE_CARDS","is_prod":false,"is_daily":false,"chose_seed":false,"campfire_upgraded":4,"win_rate":0,"timestamp":1559646513,"path_taken":["M","?","?","?","M","R","M","E","T","R","?","R","E","?","R","BOSS","M","?","?","$","?","R","M","R","T","R","?","$","E","$","R","BOSS"],"build_version":"2019-01-23","purchased_purges":0,"victory":false,"max_hp_per_floor":[75,75,75,75,75,75,75,75,75,75,75,75,75,75,75,75,75,75,75,75,75,75,75,75,75,75,75,75,75,75,75,75,75],"card_choices":[{"not_picked":["Fission","Biased Cognition"],"picked":"All For One","floor":0.0},{"not_picked":["Rip and Tear","Barrage","Capacitor"],"picked":"SKIP","floor":1.0},{"not_picked":["Recycle","Sweeping Beam","Hologram"],"picked":"SKIP","floor":5.0},{"not_picked":["Conserve Battery","Sweeping Beam"],"picked":"Defragment","floor":7.0},{"not_picked":["Hello World","Barrage","Reprogram"],"picked":"SKIP","floor":8.0},{"not_picked":["Barrage","Buffer","Go for the Eyes"],"picked":"SKIP","floor":13.0},{"not_picked":["Multi-Cast","Machine Learning"],"picked":"Seek","floor":16.0},{"not_picked":["Stack+1","Auto Shields"],"picked":"Go for the Eyes+1","floor":18},{"not_picked":["Streamline+1","Beam Cell+1"],"picked":"Leap","floor":24},{"not_picked":["Undo","Ball Lightning+1"],"picked":"Glacier+1","floor":28},{"not_picked":["Streamline+1","Conserve Battery","Redo"],"picked":"SKIP","floor":30}],"player_experience":116686,"relics_obtained":[{"floor":8.0,"key":"Darkstone Periapt"},{"floor":9.0,"key":"PreservedInsect"},{"floor":13.0,"key":"Molten Egg 2"},{"floor":26,"key":"Bottled Lightning"},{"floor":30,"key":"Juzu Bracelet"}],"event_choices":[{"damage_healed":0.0,"max_hp_gain":0.0,"max_hp_loss":0.0,"gold_gain":0.0,"event_name":"Shining Light","player_choice":"Entered Light","floor":2.0,"gold_loss":0.0,"damage_taken":15.0,"cards_upgraded":["Defend_B","Dualcast"]},{"damage_healed":0.0,"max_hp_gain":0.0,"max_hp_loss":0.0,"gold_gain":0.0,"event_name":"Liars Game","player_choice":"Ignored","floor":3.0,"gold_loss":0.0,"damage_taken":0.0},{"damage_healed":18.0,"max_hp_gain":0.0,"max_hp_loss":0.0,"gold_gain":0.0,"event_name":"The Cleric","player_choice":"Healed","floor":4.0,"gold_loss":35.0,"damage_taken":0.0},{"damage_healed":0.0,"max_hp_gain":0.0,"max_hp_loss":0.0,"gold_gain":0.0,"event_name":"Living Wall","player_choice":"Grow","floor":11.0,"gold_loss":0.0,"damage_taken":0.0,"cards_upgraded":["Defragment"]},{"damage_healed":0.0,"max_hp_gain":0.0,"max_hp_loss":0.0,"gold_gain":79.0,"event_name":"Golden Wing","player_choice":"Gained Gold","floor":14.0,"gold_loss":0.0,"damage_taken":0.0},{"damage_healed":0,"gold_gain":0,"player_choice":"Read","damage_taken":0,"max_hp_gain":0,"max_hp_loss":0,"event_name":"The Library","floor":19,"gold_loss":0,"cards_obtained":["Gash"]},{"damage_healed":0,"gold_gain":0,"player_choice":"Fight","damage_taken":0,"max_hp_gain":0,"max_hp_loss":0,"event_name":"Colosseum","floor":20,"gold_loss":0},{"damage_healed":0,"gold_gain":0,"player_choice":"Fled From Nobs","damage_taken":0,"max_hp_gain":0,"max_hp_loss":0,"event_name":"Colosseum","floor":20,"gold_loss":0},{"damage_healed":0,"gold_gain":0,"player_choice":"Ignored","damage_taken":0,"max_hp_gain":0,"max_hp_loss":0,"event_name":"Beggar","floor":22,"gold_loss":0}],"is_beta":false,"boss_relics":[{"not_picked":["Calling Bell","Tiny House"],"picked":"Philosopher\u0027s Stone"}],"items_purged_floors":[],"is_endless":false,"potions_floor_spawned":[1,7,8,18,24],"killed_by":"Collector","ascension_level":6}