{"gold_per_floor":[118,133,83,103,118,118,144,144,144,173,97,115,115,66,66,66],"floor_reached":16,"playtime":399,"items_purged":[],"score":176,"play_id":"2c2462be-77e1-4b10-8596-f9f2633d0f9f","local_time":"20190404033906","is_ascension_mode":true,"campfire_choices":[{"data":"Double Tap","floor":6,"key":"SMITH"},{"floor":8,"key":"REST"},{"floor":15,"key":"REST"}],"neow_cost":"NONE","seed_source_timestamp":1398352706868982,"circlet_count":0,"master_deck":["AscendersBane","Strike_R","Strike_R","Strike_R","Strike_R","Defend_R","Defend_R","Defend_R","Defend_R","Bash","Double Tap+1","Intimidate","Power Through","Perfected Strike","Offering","Spot Weakness","Battle Trance","Carnage","True Grit"],"relics":["Burning Blood","Anchor","Pantograph","Nunchaku"],"potions_floor_usage":[7,16],"damage_taken":[{"damage":8,"enemies":"2 Louse","floor":1,"turns":3},{"damage":17,"enemies":"Small Slimes","floor":2,"turns":3},{"damage":12,"enemies":"Jaw Worm","floor":4,"turns":3},{"damage":9,"enemies":"Blue Slaver","floor":5,"turns":3},{"damage":36,"enemies":"3 Sentries","floor":7,"turns":8},{"damage":48,"enemies":"Lagavulin","floor":10,"turns":7},{"damage":8,"enemies":"Exordium Thugs","floor":12,"turns":4},{"damage":59,"enemies":"The Guardian","floor":16,"turns":9}],"seed_played":"8235250858071393977","potions_obtained":[{"floor":1,"key":"BloodPotion"},{"floor":2,"key":"GamblersBrew"}],"is_trial":false,"path_per_floor":["M","M","?","M","M","R","E","R","T","E","$","M","?","?","R","B"],"character_chosen":"IRONCLAD","items_purchased":["Carnage"],"campfire_rested":2,"item_purchase_floors":[11],"current_hp_per_floor":[70,59,59,53,50,50,28,52,52,10,10,8,8,8,32,0],"gold":66,"neow_bonus":"ONE_RANDOM_RARE_CARD","is_prod":false,"is_daily":false,"chose_seed":false,"campfire_upgraded":1,"win_rate":0,"timestamp":1554316746,"path_taken":["M","M","?","M","M","R","E","R","T","E","$","M","?","?","R","BOSS"],"build_version":"2019-01-23","purchased_purges":0,"victory":false,"max_hp_per_floor":[80,80,80,80,80,80,80,80,80,80,80,80,80,80,80,80],"card_choices":[{"not_picked":["Warcry","Clash"],"picked":"Intimidate","floor":1},{"not_picked":["True Grit","Warcry"],"picked":"Power Through","floor":2},{"not_picked":["Wild Strike","Heavy Blade"],"picked":"Perfected Strike","floor":4},{"not_picked":["Sever Soul","Warcry"],"picked":"Offering","floor":5},{"not_picked":["Feel No Pain","Body Slam"],"picked":"Spot Weakness","floor":7},{"not_picked":["Clash","Combust"],"picked":"Battle Trance","floor":10},{"not_picked":["Uppercut","Anger"],"picked":"True Grit","floor":12}],"player_experience":417074,"relics_obtained":[{"floor":7,"key":"Anchor"},{"floor":9,"key":"Pantograph"},{"floor":10,"key":"Nunchaku"}],"event_choices":[{"cards_removed":["Strike_R"],"damage_healed":0,"gold_gain":0,"player_choice":"Card Removal","damage_taken":0,"max_hp_gain":0,"max_hp_loss":0,"event_name":"The Cleric","floor":3,"gold_loss":50},{"damage_healed":0,"gold_gain":0,"player_choice":"Fled","damage_taken":0,"max_hp_gain":0,"max_hp_loss":0,"event_name":"Scrap Ooze","floor":13,"gold_loss":0},{"damage_healed":0,"gold_gain":0,"player_choice":"Left Gold","damage_taken":0,"max_hp_gain":0,"max_hp_loss":0,"event_name":"World of Goop","floor":14,"gold_loss":49}],"is_beta":false,"boss_relics":[],"items_purged_floors":[],"is_endless":false,"potions_floor_spawned":[1,2],"killed_by":"The Guardian","ascension_level":12}