{"gold_per_floor":[112,131,131,306,177,177,177,191,191,209,87,87,87,100,100,198,198,208,221,221,221,235,235,235,235,235,264,264],"floor_reached":28,"playtime":6604,"items_purged":["Doubt","Strike_B"],"score":260,"play_id":"71e86f1b-91ae-447a-a926-7baf58f51062","local_time":"20181211194855","is_ascension_mode":true,"campfire_choices":[{"data":"Dualcast","floor":6,"key":"SMITH"},{"data":"Loop","floor":13,"key":"SMITH"},{"data":"Reinforced Body","floor":15,"key":"SMITH"},{"data":"Coolheaded","floor":23,"key":"SMITH"},{"data":"Conserve Battery","floor":25,"key":"SMITH"}],"neow_cost":"NONE","seed_source_timestamp":2881647624320416,"circlet_count":0,"master_deck":["Strike_B","Strike_B","Defend_B","Defend_B","Zap+1","Dualcast+1","Reinforced Body+1","Turbo","Conserve Battery+1","Coolheaded+1","Ball Lightning","Loop+1","Conserve Battery","Core Surge","Buffer+1","Skim","BootSequence","Reinforced Body+1","Hologram"],"relics":["Cracked Core","The Courier","Cursed Key","Oddly Smooth Stone"],"potions_floor_usage":[16,16,19],"damage_taken":[{"damage":11,"enemies":"Cultist","floor":1,"turns":4},{"damage":0,"enemies":"2 Louse","floor":2,"turns":3},{"damage":3,"enemies":"Small Slimes","floor":8,"turns":4},{"damage":6,"enemies":"Red Slaver","floor":10,"turns":5},{"damage":0,"enemies":"Exordium Thugs","floor":14,"turns":4},{"damage":23,"enemies":"Hexaghost","floor":16,"turns":9},{"damage":0,"enemies":"Shell Parasite","floor":18,"turns":8},{"damage":0,"enemies":"Spheric Guardian","floor":19,"turns":3},{"damage":0,"enemies":"Centurion and Healer","floor":22,"turns":12},{"damage":61,"enemies":"Gremlin Leader","floor":27,"turns":13},{"damage":21,"enemies":"Cultist and Chosen","floor":28,"turns":4}],"seed_played":"3787532056979145668","potions_obtained":[{"floor":1,"key":"AttackPotion"},{"floor":14,"key":"SteroidPotion"},{"floor":16,"key":"SkillPotion"},{"floor":22,"key":"Ancient Potion"},{"floor":27,"key":"SpeedPotion"}],"is_trial":false,"path_per_floor":["M","M","?","?","$","R","?","M","T","M","$","?","R","M","R","B",null,"M","M","?","?","M","R","?","R","T","E","M"],"character_chosen":"DEFECT","items_purchased":["Coolheaded","Conserve Battery"],"campfire_rested":0,"item_purchase_floors":[5,11],"current_hp_per_floor":[64,64,57,57,57,57,57,54,54,48,48,48,48,48,48,25,75,75,75,75,75,75,75,75,75,75,14,0],"gold":264,"neow_bonus":"THREE_CARDS","is_prod":false,"is_daily":false,"chose_seed":false,"campfire_upgraded":5,"win_rate":0,"timestamp":1544575735,"path_taken":["M","M","?","?","$","R","?","?","T","M","$","?","R","M","R","BOSS","M","?","?","?","?","R","?","R","T","E","M"],"build_version":"2018-12-06","purchased_purges":2,"victory":false,"max_hp_per_floor":[75,75,75,75,75,75,75,75,75,75,75,75,75,75,75,75,75,75,75,75,75,75,75,75,75,75,75,75],"card_choices":[{"not_picked":["Leap","Gash"],"picked":"Reinforced Body","floor":0},{"not_picked":["Aggregate","Fusion"],"picked":"Turbo","floor":1},{"not_picked":["Gash","Turbo"],"picked":"Conserve Battery","floor":2},{"not_picked":["Auto Shields","Steam"],"picked":"Ball Lightning","floor":8},{"not_picked":["Go for the Eyes","Steam Power"],"picked":"Loop","floor":10},{"not_picked":["Rebound","Steam"],"picked":"Core Surge","floor":14},{"not_picked":["Machine Learning","Reboot"],"picked":"Buffer","floor":16},{"not_picked":["Hologram","Rebound","Sweeping Beam"],"picked":"SKIP","floor":18},{"not_picked":["Chaos+1","Streamline"],"picked":"Skim","floor":19},{"not_picked":["Hello World","Leap+1"],"picked":"Reinforced Body+1","floor":22},{"not_picked":["Skim","Chaos"],"picked":"Hologram","floor":27}],"player_experience":206687,"relics_obtained":[{"floor":9,"key":"The Courier"},{"floor":27,"key":"Oddly Smooth Stone"}],"event_choices":[{"cards_removed":["Defend_B"],"damage_healed":0,"gold_gain":0,"player_choice":"Card Removal","damage_taken":7,"max_hp_gain":0,"max_hp_loss":0,"event_name":"Golden Wing","floor":3,"gold_loss":0},{"damage_healed":0,"gold_gain":175,"player_choice":"AGREE","damage_taken":0,"max_hp_gain":0,"max_hp_loss":0,"event_name":"Liars Game","floor":4,"gold_loss":0,"cards_obtained":["Doubt"]},{"cards_removed":["Strike_B"],"damage_healed":0,"gold_gain":0,"player_choice":"Purged","damage_taken":0,"max_hp_gain":0,"max_hp_loss":0,"event_name":"Purifier","floor":7,"gold_loss":0},{"damage_healed":0,"gold_gain":0,"player_choice":"Upgraded","damage_taken":0,"max_hp_gain":0,"max_hp_loss":0,"event_name":"Upgrade Shrine","floor":12,"gold_loss":0,"cards_upgraded":["Zap"]},{"damage_healed":0,"gold_gain":0,"player_choice":"Read","damage_taken":0,"max_hp_gain":0,"max_hp_loss":0,"event_name":"The Library","floor":20,"gold_loss":0,"cards_obtained":["BootSequence"]},{"damage_healed":0,"gold_gain":0,"player_choice":"Upgraded","damage_taken":0,"max_hp_gain":0,"max_hp_loss":0,"event_name":"Upgrade Shrine","floor":21,"gold_loss":0,"cards_upgraded":["Buffer"]},{"cards_removed":["Defend_B"],"damage_healed":0,"gold_gain":0,"player_choice":"Offered Basic","damage_taken":0,"max_hp_gain":0,"max_hp_loss":0,"event_name":"Bonfire Elementals","floor":24,"gold_loss":0}],"is_beta":false,"boss_relics":[{"not_picked":["Coffee Dripper","Velvet Choker"],"picked":"Cursed Key"}],"items_purged_floors":[5,11],"is_endless":false,"potions_floor_spawned":[1,14,16,22,27],"killed_by":"Cultist and Chosen","ascension_level":3}