{"gold_per_floor":[117,135,146,160,172,172,187,199,224,29,40,40,40,50,50,152,152,169,94,109,122,0,0,20,36,36,36,54,54,69,87,87,191,191,210,210,229,249,249,249,275,275,575,575,592,47,47,64,64,64],"floor_reached":51,"playtime":4896,"items_purged":["Strike_B","Strike_B"],"score":679,"play_id":"db9a07bb-8ee8-43d7-b6bb-eb5518933375","local_time":"20190515183157","is_ascension_mode":false,"campfire_choices":[{"data":"Chill","floor":6.0,"key":"SMITH"},{"data":"Defragment","floor":15,"key":"SMITH"},{"data":"Fission","floor":23,"key":"SMITH"},{"floor":29,"key":"REST"},{"floor":32,"key":"REST"},{"data":"Fission","floor":40,"key":"SMITH"},{"floor":42,"key":"REST"},{"data":"All For One","floor":47,"key":"SMITH"},{"data":"Turbo","floor":49,"key":"SMITH"}],"neow_cost":"NONE","seed_source_timestamp":0,"circlet_count":0,"master_deck":["Strike_B","Defend_B","Defend_B","Defend_B","Defend_B","Zap","Dualcast","BootSequence","Cold Snap","Chill+1","Ball Lightning","Capacitor","Defragment+1","Glacier","Cold Snap","Cold Snap","Fission+1","Storm+1","Turbo+1","Gash","Necronomicurse","Cold Snap+1","Ball Lightning+1","Fission+1","Gash+1","Glacier","All For One+1","Conserve Battery","Chill+1"],"special_seed":0,"relics":["Cracked Core","Lantern","Inserter","Bag of Preparation","Necronomicon","Runic Pyramid","Mango","Old Coin","Symbiotic Virus"],"potions_floor_usage":[13,16,16,28,33,41,41],"damage_taken":[{"damage":1.0,"enemies":"Cultist","floor":1.0,"turns":4.0},{"damage":0.0,"enemies":"2 Louse","floor":2.0,"turns":2.0},{"damage":0.0,"enemies":"Small Slimes","floor":3.0,"turns":3.0},{"damage":3.0,"enemies":"Looter","floor":4.0,"turns":3.0},{"damage":0.0,"enemies":"Lots of Slimes","floor":5.0,"turns":6.0},{"damage":0.0,"enemies":"Blue Slaver","floor":7.0,"turns":3.0},{"damage":0.0,"enemies":"Exordium Thugs","floor":8.0,"turns":3.0},{"damage":0,"enemies":"Lots of Slimes","floor":11,"turns":4},{"damage":0,"enemies":"2 Fungi Beasts","floor":14,"turns":3},{"damage":13,"enemies":"Slime Boss","floor":16,"turns":12},{"damage":5,"enemies":"Spheric Guardian","floor":18,"turns":7},{"damage":0,"enemies":"Shell Parasite","floor":20,"turns":6},{"damage":0,"enemies":"Centurion and Healer","floor":21,"turns":11},{"damage":1,"enemies":"Snecko","floor":24,"turns":5},{"damage":14,"enemies":"Shelled Parasite and Fungi","floor":25,"turns":6},{"damage":0,"enemies":"Snake Plant","floor":28,"turns":3},{"damage":1,"enemies":"Snecko","floor":30,"turns":7},{"damage":18,"enemies":"Shelled Parasite and Fungi","floor":31,"turns":5},{"damage":40,"enemies":"Automaton","floor":33,"turns":9},{"damage":0,"enemies":"3 Shapes","floor":35,"turns":4},{"damage":3,"enemies":"Orb Walker","floor":37,"turns":4},{"damage":0,"enemies":"Spire Growth","floor":38,"turns":5},{"damage":39,"enemies":"Reptomancer","floor":41,"turns":7},{"damage":2,"enemies":"4 Shapes","floor":45,"turns":7},{"damage":0,"enemies":"Transient","floor":48,"turns":5},{"damage":19,"enemies":"Awakened One","floor":50,"turns":17}],"seed_played":"-5405279723057832781","potions_obtained":[{"floor":2.0,"key":"Swift Potion"},{"floor":5.0,"key":"SteroidPotion"},{"floor":7.0,"key":"Regen Potion"},{"floor":8.0,"key":"SkillPotion"},{"floor":13,"key":"Fruit Juice"},{"floor":13,"key":"PowerPotion"},{"floor":16,"key":"SteroidPotion"},{"floor":25,"key":"Poison Potion"},{"floor":28,"key":"PowerPotion"},{"floor":37,"key":"EssenceOfSteel"}],"is_trial":false,"path_per_floor":["?","?","?","?","?","?","?","M"],"character_chosen":"DEFECT","items_purchased":["Defragment","Glacier","Cold Snap","All For One","Conserve Battery","Symbiotic Virus"],"campfire_rested":3,"item_purchase_floors":[10,10,10,46,46,46],"current_hp_per_floor":[74,74,74,71,71,71,71,71,71,71,71,71,76,76,76,63,80,75,75,75,75,75,75,74,60,60,44,44,68,67,49,73,33,80,80,76,73,73,73,73,62,89,89,89,87,87,87,87,87,68],"gold":64,"neow_bonus":"TRANSFORM_CARD","is_prod":false,"is_daily":false,"chose_seed":false,"campfire_upgraded":6,"win_rate":0,"timestamp":1557959517,"path_taken":["M","M","M","M","M","R","M","M","T","$","M","?","?","M","R","BOSS","M","$","M","M","?","R","M","M","T","?","M","R","M","M","R","BOSS","M","?","M","M","?","R","E","R","T","?","M","$","R","?","R","BOSS"],"build_version":"2019-01-23","purchased_purges":2,"victory":true,"max_hp_per_floor":[75,75,75,75,75,75,75,75,75,75,75,75,80,80,80,80,80,80,80,80,80,80,80,80,80,80,80,80,80,80,80,80,80,80,80,76,76,76,76,76,90,90,90,90,90,90,90,90,90,90],"card_choices":[{"not_picked":["Barrage","Capacitor"],"picked":"Cold Snap","floor":1.0},{"not_picked":["Cold Snap","Compile Driver"],"picked":"Chill","floor":2.0},{"not_picked":["Recycle","BootSequence"],"picked":"Gash","floor":3.0},{"not_picked":["Rip and Tear","Reprogram","Stack"],"picked":"SKIP","floor":4.0},{"not_picked":["Hologram","Multi-Cast"],"picked":"Ball Lightning","floor":5.0},{"not_picked":["Rebound","Streamline","Hologram"],"picked":"SKIP","floor":7.0},{"not_picked":["Rebound","Streamline","Hologram"],"picked":"SKIP","floor":7.0},{"not_picked":["FTL","Chill"],"picked":"Capacitor","floor":8.0},{"not_picked":["Compile Driver","Steam","Go for the Eyes"],"picked":"SKIP","floor":11},{"not_picked":["Ball Lightning","White Noise"],"picked":"Cold Snap","floor":14},{"not_picked":["Amplify","Hyperbeam"],"picked":"Fission","floor":16},{"not_picked":["Fusion","Cold Snap"],"picked":"Storm+1","floor":18},{"not_picked":["Reprogram+1","Sweeping Beam","Skim"],"picked":"SKIP","floor":20},{"not_picked":["Hologram","Sweeping Beam+1","White Noise"],"picked":"SKIP","floor":21},{"not_picked":["FTL+1","Redo"],"picked":"Turbo","floor":24},{"not_picked":["Hologram+1","Recycle"],"picked":"Gash","floor":25},{"not_picked":["Ball Lightning","Stack","Scrape"],"picked":"SKIP","floor":28},{"not_picked":["Steam","Multi-Cast"],"picked":"Cold Snap+1","floor":30},{"not_picked":["Genetic Algorithm","Melter"],"picked":"Ball Lightning+1","floor":31},{"not_picked":["Reboot","Electrodynamics"],"picked":"Fission","floor":33},{"not_picked":["Leap+1","Static Discharge"],"picked":"Gash+1","floor":35},{"not_picked":["Redo","White Noise","Barrage"],"picked":"SKIP","floor":37},{"not_picked":["Aggregate","Steam","Rip and Tear+1"],"picked":"SKIP","floor":38},{"not_picked":["Gash","Reinforced Body"],"picked":"Glacier","floor":41},{"not_picked":["Leap","FTL","Coolheaded+1"],"picked":"SKIP","floor":45},{"not_picked":["Reprogram+1","BootSequence"],"picked":"Chill+1","floor":48}],"player_experience":540102,"relics_obtained":[{"floor":9.0,"key":"Lantern"},{"floor":26,"key":"Bag of Preparation"},{"floor":27,"key":"Necronomicon"},{"floor":41,"key":"Mango"},{"floor":43,"key":"Old Coin"}],"event_choices":[{"damage_healed":0,"gold_gain":0,"player_choice":"Leave","damage_taken":0,"max_hp_gain":0,"max_hp_loss":0,"event_name":"The Cleric","floor":12,"gold_loss":0},{"damage_healed":0,"gold_gain":0,"player_choice":"Got Potions","damage_taken":0,"max_hp_gain":0,"max_hp_loss":0,"event_name":"Lab","floor":13,"gold_loss":0},{"damage_healed":0,"gold_gain":0,"player_choice":"Paid Fearfully","damage_taken":0,"max_hp_gain":0,"max_hp_loss":0,"event_name":"Masked Bandits","floor":22,"gold_loss":122},{"damage_healed":0,"gold_gain":0,"player_choice":"Obtained Book","damage_taken":16,"max_hp_gain":0,"max_hp_loss":0,"event_name":"Cursed Tome","floor":27,"gold_loss":0},{"damage_healed":0,"gold_gain":0,"player_choice":"Max HP","damage_taken":0,"max_hp_gain":0,"max_hp_loss":4,"event_name":"Winding Halls","floor":36,"gold_loss":0},{"cards_removed":["Gash"],"damage_healed":0,"gold_gain":0,"player_choice":"Removed Attack","damage_taken":0,"max_hp_gain":0,"max_hp_loss":0,"event_name":"Falling","floor":39,"gold_loss":0},{"damage_healed":0,"gold_gain":0,"player_choice":"Ignored","damage_taken":0,"max_hp_gain":0,"max_hp_loss":0,"event_name":"SecretPortal","floor":44,"gold_loss":0}],"is_beta":false,"boss_relics":[{"not_picked":["Runic Dome","Sozu"],"picked":"Inserter"},{"not_picked":["Orrery","Eternal Feather"],"picked":"Runic Pyramid"}],"items_purged_floors":[19,46],"is_endless":false,"potions_floor_spawned":[2,5,7,8,14,16,25,28,30,31,37],"ascension_level":0}