{"gold_per_floor":[111,111,111,61,74,105,116,142,142,172,172,172,184,196,196,299,299,312,1,1,15,26,26,26],"floor_reached":24,"playtime":2027,"items_purged":[],"score":241,"play_id":"9a28b5b2-bb25-4153-a64c-2fcd9265dcaf","local_time":"20190107230112","is_ascension_mode":false,"campfire_choices":[{"floor":11,"key":"REST"},{"floor":15,"key":"REST"},{"floor":23,"key":"REST"}],"neow_cost":"NONE","seed_source_timestamp":794668076483030,"circlet_count":0,"master_deck":["Strike_R","Strike_R","Strike_R","Strike_R+1","Defend_R+1","Defend_R","Defend_R","Defend_R","Bash","Shrug It Off","Anger","Disarm","True Grit","Offering","Regret","True Grit","Anger","Juggernaut","Shrug It Off+1","Fire Breathing","Fire Breathing","Body Slam"],"relics":["Black Blood","Pear","StoneCalendar","Red Skull","WingedGreaves","Kunai","Regal Pillow","Matryoshka"],"potions_floor_usage":[18],"damage_taken":[{"damage":9,"enemies":"Small Slimes","floor":1,"turns":4},{"damage":0,"enemies":"2 Louse","floor":5,"turns":3},{"damage":21,"enemies":"Lagavulin","floor":6,"turns":6},{"damage":0,"enemies":"Jaw Worm","floor":7,"turns":4},{"damage":19,"enemies":"Gremlin Nob","floor":8,"turns":5},{"damage":32,"enemies":"Lagavulin","floor":10,"turns":7},{"damage":40,"enemies":"Gremlin Gang","floor":13,"turns":5},{"damage":18,"enemies":"3 Louse","floor":14,"turns":4},{"damage":27,"enemies":"The Guardian","floor":16,"turns":8},{"damage":37,"enemies":"Spheric Guardian","floor":18,"turns":7},{"damage":19,"enemies":"Shell Parasite","floor":21,"turns":7},{"damage":34,"enemies":"Centurion and Healer","floor":22,"turns":6},{"damage":53,"enemies":"Sentry and Sphere","floor":24,"turns":7}],"seed_played":"1578044382629655074","potions_obtained":[{"floor":5,"key":"GamblersBrew"},{"floor":8,"key":"SpeedPotion"},{"floor":14,"key":"Swift Potion"},{"floor":18,"key":"GamblersBrew"},{"floor":21,"key":"Swift Potion"}],"is_trial":false,"path_per_floor":["M","?","?","?","M","E","M","E","T","E","R","?","M","M","R","B",null,"M","$","?","M","M","R","M"],"character_chosen":"IRONCLAD","items_purchased":["Matryoshka","Fire Breathing"],"campfire_rested":3,"item_purchase_floors":[19,19],"current_hp_per_floor":[85,67,74,74,80,65,71,58,58,32,61,61,27,15,59,38,98,71,71,51,42,18,63,10],"gold":26,"neow_bonus":"TEN_PERCENT_HP_BONUS","is_prod":false,"is_daily":false,"chose_seed":false,"campfire_upgraded":0,"win_rate":0.0,"timestamp":1546923672,"path_taken":["M","?","?","?","M","E","M","E","T","E","R","?","?","?","R","BOSS","M","$","?","M","M","R","M"],"build_version":"2019-01-03v4","purchased_purges":0,"victory":false,"max_hp_per_floor":[88,88,98,98,98,98,98,98,98,98,98,98,98,98,98,98,98,98,98,103,103,103,103,103],"card_choices":[{"not_picked":["Headbutt","Clash"],"picked":"Shrug It Off","floor":1},{"not_picked":["Warcry","Cleave"],"picked":"Anger","floor":5},{"not_picked":["Heavy Blade","Sword Boomerang"],"picked":"Disarm","floor":6},{"not_picked":["Inflame","Second Wind"],"picked":"True Grit","floor":7},{"not_picked":["Heavy Blade","Second Wind","Berserk"],"picked":"SKIP","floor":8},{"not_picked":["Clash","Flame Barrier"],"picked":"Offering","floor":10},{"not_picked":["Warcry","Flame Barrier"],"picked":"True Grit","floor":13},{"not_picked":["Pommel Strike","Burning Pact"],"picked":"Anger","floor":14},{"not_picked":["Barricade","Dark Embrace"],"picked":"Juggernaut","floor":16},{"not_picked":["Clash","Uppercut+1"],"picked":"Shrug It Off+1","floor":18},{"not_picked":["Searing Blow","Rampage"],"picked":"Fire Breathing","floor":21},{"not_picked":["Warcry","Pommel Strike"],"picked":"Body Slam","floor":22}],"player_experience":34072,"relics_obtained":[{"floor":6,"key":"StoneCalendar"},{"floor":8,"key":"Red Skull"},{"floor":9,"key":"WingedGreaves"},{"floor":10,"key":"Kunai"}],"event_choices":[{"damage_healed":0,"gold_gain":0,"player_choice":"Entered Light","damage_taken":18,"max_hp_gain":0,"max_hp_loss":0,"event_name":"Shining Light","floor":2,"gold_loss":0,"cards_upgraded":["Strike_R","Defend_R"]},{"damage_healed":0,"gold_gain":0,"player_choice":"Success","damage_taken":3,"relics_obtained":["Pear"],"max_hp_gain":0,"max_hp_loss":0,"event_name":"Scrap Ooze","floor":3,"gold_loss":0},{"cards_removed":["Strike_R"],"damage_healed":0,"gold_gain":0,"player_choice":"Card Removal","damage_taken":0,"max_hp_gain":0,"max_hp_loss":0,"event_name":"The Cleric","floor":4,"gold_loss":50},{"damage_healed":0,"gold_gain":0,"player_choice":"Box","damage_taken":0,"relics_obtained":["Regal Pillow"],"max_hp_gain":0,"max_hp_loss":0,"event_name":"Big Fish","floor":12,"gold_loss":0,"cards_obtained":["Regret"]},{"damage_healed":0,"gold_gain":0,"player_choice":"Shed Blood","damage_taken":25,"max_hp_gain":5,"max_hp_loss":0,"event_name":"Forgotten Altar","floor":20,"gold_loss":0}],"is_beta":false,"boss_relics":[{"not_picked":["Ectoplasm","Orrery"],"picked":"Black Blood"}],"items_purged_floors":[],"is_endless":false,"potions_floor_spawned":[5,8,14,16,18,21],"killed_by":"Sentry and Sphere","ascension_level":0}