{"gold_per_floor":[115,40,53,66,66,66,78,150,204,204,279,279,279,279,279,375,375,385,233,158,158,174,206,216,246,246,263,178,178,195,205,205,307,307,322,332,114,168,168,168,197,197,197,3,18,18,34,34,34,34,34,34,34,34],"floor_reached":54,"playtime":2633,"items_purged":["Strike_R","Strike_R","Strike_R"],"score":693,"play_id":"e68c164f-20b3-4b26-8fcf-166c2bb14b0d","local_time":"20190530004422","is_ascension_mode":false,"campfire_choices":[{"data":"Heavy Blade","floor":6.0,"key":"SMITH"},{"data":"Bash","floor":10.0,"key":"SMITH"},{"data":"Ghostly Armor","floor":12.0,"key":"SMITH"},{"floor":15.0,"key":"RECALL"},{"data":"Demon Form","floor":29.0,"key":"SMITH"},{"data":"Double Tap","floor":32.0,"key":"SMITH"},{"data":"Limit Break","floor":40.0,"key":"SMITH"},{"data":"Heavy Blade","floor":42.0,"key":"SMITH"},{"data":"Shrug It Off","floor":49.0,"key":"SMITH"},{"data":"Shrug It Off","floor":52,"key":"SMITH"}],"neow_cost":"TEN_PERCENT_HP_LOSS","seed_source_timestamp":1142985766722900,"circlet_count":0,"master_deck":["Defend_R+1","Defend_R+1","Defend_R+1","Bash+1","Heavy Blade+1","Body Slam+1","Ghostly Armor+1","Demon Form+1","Sword Boomerang","Shrug It Off+1","Flame Barrier+1","Heavy Blade+1","Double Tap+1","Shrug It Off+1","Limit Break+1","Flame Barrier+1","Trip+1","Body Slam+1","Heavy Blade+1"],"special_seed":0,"relics":["Burning Blood","Orichalcum","Coffee Dripper","Strawberry","StoneCalendar","Shuriken","Gremlin Horn","Sozu","Turnip","War Paint","Frozen Egg 2","MealTicket"],"potions_floor_usage":[],"damage_taken":[{"damage":1.0,"enemies":"Cultist","floor":1.0,"turns":3.0},{"damage":2.0,"enemies":"2 Louse","floor":3.0,"turns":3.0},{"damage":3.0,"enemies":"Small Slimes","floor":4.0,"turns":3.0},{"damage":7.0,"enemies":"Exordium Thugs","floor":7.0,"turns":6.0},{"damage":27.0,"enemies":"The Guardian","floor":16.0,"turns":12.0},{"damage":14.0,"enemies":"2 Thieves","floor":18.0,"turns":3.0},{"damage":0.0,"enemies":"Chosen","floor":22.0,"turns":3.0},{"damage":43.0,"enemies":"Gremlin Leader","floor":23.0,"turns":5.0},{"damage":5.0,"enemies":"Centurion and Healer","floor":24.0,"turns":6.0},{"damage":13.0,"enemies":"Book of Stabbing","floor":25.0,"turns":5.0},{"damage":14.0,"enemies":"Sentry and Sphere","floor":27.0,"turns":6.0},{"damage":0.0,"enemies":"Snecko","floor":30.0,"turns":3.0},{"damage":9.0,"enemies":"Snake Plant","floor":31.0,"turns":5.0},{"damage":16.0,"enemies":"Champ","floor":33.0,"turns":7.0},{"damage":2.0,"enemies":"3 Shapes","floor":35.0,"turns":5.0},{"damage":0.0,"enemies":"Orb Walker","floor":36.0,"turns":3.0},{"damage":31.0,"enemies":"2 Orb Walkers","floor":38.0,"turns":5.0},{"damage":44.0,"enemies":"Nemesis","floor":41.0,"turns":7.0},{"damage":0.0,"enemies":"Jaw Worm Horde","floor":45.0,"turns":3.0},{"damage":0.0,"enemies":"Writhing Mass","floor":47.0,"turns":3.0},{"damage":40,"enemies":"Donu and Deca","floor":50,"turns":6},{"damage":95,"enemies":"Shield and Spear","floor":54,"turns":5}],"seed_played":"488905245769238853","potions_obtained":[{"floor":3.0,"key":"EssenceOfSteel"},{"floor":7.0,"key":"FearPotion"},{"floor":23.0,"key":"Explosive Potion"},{"floor":27.0,"key":"Dexterity Potion"},{"floor":30.0,"key":"Regen Potion"},{"floor":33.0,"key":"SpeedPotion"}],"is_trial":false,"path_per_floor":["M","$","M","M","?","R","M","T","T","R","?","R","?","?","R","B",null,"M","$","?","?","M","E","M","E","T","M","?","R","M","M","R","B",null,"M","M","$","?","?","R","E","R","T","$","M","$","M","$","R","B",null,"R","$","E"],"character_chosen":"IRONCLAD","items_purchased":["Shrug It Off","Trip","MealTicket"],"campfire_rested":0,"item_purchase_floors":[19,37,44],"current_hp_per_floor":[72,72,72,72,72,72,71,71,71,71,60,60,65,50,50,29,77,69,69,69,69,75,45,46,39,39,31,31,31,37,34,34,39,84,84,84,84,59,59,59,21,21,21,21,27,27,33,48,48,14,84,84,84,0],"gold":34,"neow_bonus":"REMOVE_TWO","is_prod":false,"is_daily":false,"chose_seed":false,"campfire_upgraded":9,"win_rate":0,"timestamp":1559195062,"path_taken":["M","$","M","M","?","R","?","?","T","R","?","R","?","?","R","BOSS","M","$","?","?","M","E","M","E","T","M","?","R","M","M","R","BOSS","M","M","$","?","?","R","E","R","T","$","M","?","?","$","R","BOSS","R","$","E"],"build_version":"2019-01-23","purchased_purges":3,"victory":false,"max_hp_per_floor":[72,72,72,72,72,72,72,72,72,72,72,72,77,77,77,77,77,77,77,77,77,77,84,84,84,84,84,84,84,84,84,84,84,84,84,84,84,84,84,84,84,84,84,84,84,84,84,84,84,84,84,84,84,84],"card_choices":[{"not_picked":["Warcry","Flex"],"picked":"Heavy Blade","floor":1.0},{"not_picked":["Blood for Blood","Havoc","Anger"],"picked":"SKIP","floor":3.0},{"not_picked":["Anger","Rampage"],"picked":"Body Slam","floor":4.0},{"not_picked":["Whirlwind","Wild Strike"],"picked":"Ghostly Armor","floor":7.0},{"not_picked":["Reaper","Impervious"],"picked":"Demon Form","floor":16.0},{"not_picked":["Sentinel","Havoc+1"],"picked":"Sword Boomerang","floor":18.0},{"not_picked":["Blood for Blood+1","Headbutt"],"picked":"Flame Barrier+1","floor":22.0},{"not_picked":["Immolate","Bloodletting","Berserk"],"picked":"SKIP","floor":23.0},{"not_picked":["True Grit","Iron Wave+1","Headbutt"],"picked":"SKIP","floor":24.0},{"not_picked":["Cleave+1","Headbutt+1"],"picked":"Heavy Blade","floor":25.0},{"not_picked":["Bloodletting","Flex","Searing Blow"],"picked":"SKIP","floor":27.0},{"not_picked":["Bloodletting","Havoc"],"picked":"Double Tap","floor":30.0},{"not_picked":["Twin Strike","Armaments"],"picked":"Shrug It Off","floor":31.0},{"not_picked":["Juggernaut","Impervious"],"picked":"Limit Break","floor":33.0},{"not_picked":["Reckless Charge","Clothesline"],"picked":"Flame Barrier+1","floor":35.0},{"not_picked":["Twin Strike+1","Sentinel","Armaments+1"],"picked":"SKIP","floor":36.0},{"not_picked":["Armaments","Clothesline+1"],"picked":"Body Slam+1","floor":41.0},{"not_picked":["Iron Wave","Burning Pact"],"picked":"Heavy Blade+1","floor":45.0},{"not_picked":["Power Through","Combust+1","Flex+1"],"picked":"SKIP","floor":47.0}],"player_experience":289952,"relics_obtained":[{"floor":9.0,"key":"Orichalcum"},{"floor":23.0,"key":"Strawberry"},{"floor":25.0,"key":"StoneCalendar"},{"floor":26.0,"key":"Shuriken"},{"floor":38.0,"key":"Turnip"},{"floor":41.0,"key":"War Paint"},{"floor":43.0,"key":"Frozen Egg 2"}],"event_choices":[{"damage_healed":0.0,"max_hp_gain":0.0,"max_hp_loss":0.0,"gold_gain":0.0,"event_name":"Upgrade Shrine","player_choice":"Upgraded","floor":5.0,"gold_loss":0.0,"damage_taken":0.0,"cards_upgraded":["Body Slam"]},{"damage_healed":0.0,"max_hp_gain":0.0,"max_hp_loss":0.0,"gold_gain":75.0,"event_name":"World of Goop","player_choice":"Gather Gold","floor":11.0,"gold_loss":0.0,"damage_taken":11.0},{"damage_healed":0.0,"max_hp_gain":5.0,"max_hp_loss":0.0,"gold_gain":0.0,"event_name":"Big Fish","player_choice":"Donut","floor":13.0,"gold_loss":0.0,"damage_taken":0.0},{"damage_healed":0.0,"max_hp_gain":0.0,"max_hp_loss":0.0,"gold_gain":0.0,"event_name":"Shining Light","player_choice":"Entered Light","floor":14.0,"gold_loss":0.0,"damage_taken":15.0,"cards_upgraded":["Defend_R","Defend_R"]},{"cards_removed":["Strike_R"],"damage_healed":0.0,"max_hp_gain":0.0,"max_hp_loss":0.0,"gold_gain":0.0,"event_name":"Beggar","player_choice":"Gave Gold","floor":20.0,"gold_loss":75.0,"damage_taken":0.0},{"damage_healed":0.0,"max_hp_gain":0.0,"max_hp_loss":0.0,"gold_gain":0.0,"event_name":"Vampires","player_choice":"Ignored","floor":21.0,"gold_loss":0.0,"damage_taken":0.0},{"damage_healed":0.0,"max_hp_gain":0.0,"max_hp_loss":0.0,"gold_gain":0.0,"event_name":"Addict","player_choice":"Obtained Relic","floor":28.0,"gold_loss":85.0,"damage_taken":0.0,"relics_obtained":["Gremlin Horn"]},{"damage_healed":0.0,"max_hp_gain":0.0,"max_hp_loss":0.0,"gold_gain":0.0,"event_name":"Mysterious Sphere","player_choice":"Fight","floor":38.0,"gold_loss":0.0,"damage_taken":0.0},{"damage_healed":0.0,"max_hp_gain":0.0,"max_hp_loss":0.0,"gold_gain":0.0,"event_name":"Tomb of Lord Red Mask","player_choice":"Ignored","floor":39.0,"gold_loss":0.0,"damage_taken":0.0}],"is_beta":false,"boss_relics":[{"not_picked":["Orrery","Black Blood"],"picked":"Coffee Dripper"},{"not_picked":["Empty Cage","Philosopher\u0027s Stone"],"picked":"Sozu"}],"items_purged_floors":[2,19,37],"is_endless":false,"potions_floor_spawned":[3,7,23,27,30,33,36,41,47],"killed_by":"Shield and Spear","ascension_level":0}