{"gold_per_floor":[110,125,125,50,50,81,81,93,93,105,105,137,148,163,163,263,263,282,293,293,309,126,158,158,188,188,188,201,218,245,262,262,359,359,373,373,388,404,404,430,430,456,480,508,508,524,524,539,539,539,539,539,155,188,188],"floor_reached":56,"playtime":8034,"items_purged":["Strike_R","Evolve"],"score":1438,"play_id":"32674088-4f66-469f-b94d-f7728a29ac84","local_time":"20190515210716","is_ascension_mode":true,"campfire_choices":[{"data":"Whirlwind","floor":7.0,"key":"SMITH"},{"data":"Bash","floor":15.0,"key":"SMITH"},{"data":"Enlightenment","floor":24.0,"key":"SMITH"},{"data":"Inflame","floor":32.0,"key":"SMITH"},{"floor":41.0,"key":"RECALL"},{"data":"Parasite","floor":49.0,"key":"PURGE"},{"data":"Feed","floor":52.0,"key":"PURGE"}],"neow_cost":"NONE","seed_source_timestamp":1170169040756,"circlet_count":0,"master_deck":["Defend_R+1","Bash+1","True Grit+1","Bludgeon+1","Sword Boomerang+1","Shrug It Off+1","Whirlwind+1","Inflame+1","Shockwave+1","Enlightenment+1","Inflame+1"],"special_seed":0,"relics":["Astrolabe","Blue Candle","Bag of Preparation","Darkstone Periapt","Dodecahedron","Busted Crown","Regal Pillow","Frozen Egg 2","Gremlin Horn","War Paint","Coffee Dripper","Mango","PreservedInsect","Peace Pipe","Chemical X","Vajra"],"potions_floor_usage":[55,55,55],"damage_taken":[{"damage":0.0,"enemies":"Cultist","floor":1.0,"turns":2.0},{"damage":0.0,"enemies":"Small Slimes","floor":2.0,"turns":2.0},{"damage":0.0,"enemies":"Gremlin Nob","floor":6.0,"turns":2.0},{"damage":0.0,"enemies":"2 Louse","floor":8.0,"turns":1.0},{"damage":1.0,"enemies":"Looter","floor":10.0,"turns":2.0},{"damage":14.0,"enemies":"3 Sentries","floor":12.0,"turns":6.0},{"damage":0.0,"enemies":"Large Slime","floor":13.0,"turns":4.0},{"damage":10.0,"enemies":"Exordium Thugs","floor":14.0,"turns":4.0},{"damage":40.0,"enemies":"Hexaghost","floor":16.0,"turns":8.0},{"damage":1.0,"enemies":"Chosen","floor":18.0,"turns":3.0},{"damage":0.0,"enemies":"Spheric Guardian","floor":19.0,"turns":3.0},{"damage":11.0,"enemies":"Shelled Parasite and Fungi","floor":21.0,"turns":7.0},{"damage":27.0,"enemies":"Gremlin Leader","floor":23.0,"turns":2.0},{"damage":18.0,"enemies":"Slavers","floor":25.0,"turns":4.0},{"damage":0.0,"enemies":"Snecko","floor":28.0,"turns":2.0},{"damage":0.0,"enemies":"3 Cultists","floor":29.0,"turns":3.0},{"damage":0.0,"enemies":"Gremlin Leader","floor":30.0,"turns":3.0},{"damage":0.0,"enemies":"Chosen and Byrds","floor":31.0,"turns":5.0},{"damage":3.0,"enemies":"Collector","floor":33.0,"turns":4.0},{"damage":0.0,"enemies":"3 Shapes","floor":35.0,"turns":4.0},{"damage":0.0,"enemies":"3 Darklings","floor":37.0,"turns":2.0},{"damage":6.0,"enemies":"Sphere and 2 Shapes","floor":38.0,"turns":5.0},{"damage":0.0,"enemies":"Reptomancer","floor":40.0,"turns":2.0},{"damage":35.0,"enemies":"Nemesis","floor":42.0,"turns":5.0},{"damage":20.0,"enemies":"Giant Head","floor":44.0,"turns":7.0},{"damage":0.0,"enemies":"Maw","floor":46.0,"turns":5.0},{"damage":0.0,"enemies":"Writhing Mass","floor":48.0,"turns":2.0},{"damage":59.0,"enemies":"Awakened One","floor":50.0,"turns":10.0},{"damage":0.0,"enemies":"Shield and Spear","floor":54.0,"turns":1.0},{"damage":72,"enemies":"The Heart","floor":55,"turns":5}],"seed_played":"-8986620426991081683","potions_obtained":[{"floor":1.0,"key":"Dexterity Potion"},{"floor":2.0,"key":"Regen Potion"},{"floor":6.0,"key":"SmokeBomb"},{"floor":13.0,"key":"Poison Potion"},{"floor":21.0,"key":"Ancient Potion"},{"floor":25.0,"key":"Energy Potion"},{"floor":28.0,"key":"Block Potion"},{"floor":35.0,"key":"SteroidPotion"},{"floor":38.0,"key":"Dexterity Potion"},{"floor":47.0,"key":"FairyPotion"},{"floor":47.0,"key":"SteroidPotion"},{"floor":47.0,"key":"Ancient Potion"},{"floor":54.0,"key":"SteroidPotion"}],"is_trial":false,"path_per_floor":["M","M","?","$","?","E","R","M","T","M","?","E","M","M","R","B",null,"M","M","?","M","$","E","R","E","T","?","M","M","E","M","R","B",null,"M","?","M","M","$","E","R","E","T","E","?","M","?","M","R","B",null,"R","$","E","B",null],"character_chosen":"IRONCLAD","items_purchased":["Enlightenment","Inflame+1","SteroidPotion","Swift Potion","Chemical X"],"campfire_rested":0,"item_purchase_floors":[22,53,53,53,53],"current_hp_per_floor":[80,80,80,80,73,73,73,73,73,72,72,58,58,48,48,8,80,82,82,82,74,74,47,47,32,32,32,35,35,35,38,38,35,95,98,98,98,95,95,109,109,74,74,54,54,54,54,60,60,1,118,118,118,118,46],"gold":188,"neow_bonus":"BOSS_RELIC","is_prod":false,"is_daily":false,"chose_seed":false,"campfire_upgraded":4,"win_rate":0,"timestamp":1557934636,"path_taken":["M","M","?","?","?","E","R","M","T","M","?","E","M","M","R","BOSS","M","M","?","M","$","E","R","E","T","?","M","?","E","M","R","BOSS","M","?","?","M","?","E","R","E","T","E","?","M","?","M","R","BOSS","R","$","E","BOSS"],"build_version":"2019-01-23","purchased_purges":2,"victory":true,"max_hp_per_floor":[80,80,80,80,80,80,80,80,80,80,80,80,80,80,80,80,80,83,83,83,86,86,86,86,89,89,89,92,92,92,95,95,95,95,98,98,98,101,101,115,115,115,115,115,115,115,115,121,118,118,118,118,118,118,118],"card_choices":[{"not_picked":["Hemokinesis","Wild Strike"],"picked":"Shrug It Off","floor":1.0},{"not_picked":["Warcry","Clothesline","Perfected Strike"],"picked":"SKIP","floor":2.0},{"not_picked":["Flex","Shrug It Off"],"picked":"Whirlwind","floor":6.0},{"not_picked":["Battle Trance","Reckless Charge"],"picked":"Inflame","floor":8.0},{"not_picked":["Evolve","Fire Breathing","Seeing Red"],"picked":"SKIP","floor":10.0},{"not_picked":["Evolve","Clash","Sword Boomerang"],"picked":"SKIP","floor":12.0},{"not_picked":["Sentinel","Rampage","Twin Strike"],"picked":"SKIP","floor":13.0},{"not_picked":["Disarm","Wild Strike","Reckless Charge"],"picked":"SKIP","floor":14.0},{"not_picked":["Offering","Dark Embrace"],"picked":"Feed","floor":16.0},{"not_picked":["Anger"],"picked":"SKIP","floor":18.0},{"not_picked":[],"picked":"Shockwave","floor":19.0},{"not_picked":["Sword Boomerang"],"picked":"SKIP","floor":21.0},{"not_picked":["Clash"],"picked":"SKIP","floor":23.0},{"not_picked":["Clash+1"],"picked":"SKIP","floor":25.0},{"not_picked":["Warcry"],"picked":"SKIP","floor":28.0},{"not_picked":["Whirlwind"],"picked":"SKIP","floor":29.0},{"not_picked":["Warcry"],"picked":"SKIP","floor":30.0},{"not_picked":["Clothesline"],"picked":"SKIP","floor":31.0},{"not_picked":["Flex"],"picked":"SKIP","floor":35.0},{"not_picked":["Havoc+1"],"picked":"SKIP","floor":37.0},{"not_picked":["Armaments+1"],"picked":"SKIP","floor":38.0},{"not_picked":["Armaments"],"picked":"SKIP","floor":40.0},{"not_picked":["Clash"],"picked":"SKIP","floor":42.0},{"not_picked":["Pummel+1"],"picked":"SKIP","floor":44.0},{"not_picked":["Sentinel"],"picked":"SKIP","floor":46.0},{"not_picked":["Metallicize+1"],"picked":"SKIP","floor":48.0},{"not_picked":["True Grit"],"picked":"SKIP","floor":54.0}],"player_experience":333669,"relics_obtained":[{"floor":6.0,"key":"Bag of Preparation"},{"floor":9.0,"key":"Darkstone Periapt"},{"floor":12.0,"key":"Dodecahedron"},{"floor":23.0,"key":"Regal Pillow"},{"floor":25.0,"key":"Frozen Egg 2"},{"floor":26.0,"key":"Gremlin Horn"},{"floor":30.0,"key":"War Paint"},{"floor":40.0,"key":"Mango"},{"floor":42.0,"key":"PreservedInsect"},{"floor":44.0,"key":"Peace Pipe"},{"floor":54.0,"key":"Vajra"}],"event_choices":[{"damage_healed":0.0,"max_hp_gain":0.0,"max_hp_loss":0.0,"gold_gain":0.0,"event_name":"WeMeetAgain","player_choice":"Gave Potion","floor":3.0,"gold_loss":0.0,"damage_taken":0.0,"relics_obtained":["Blue Candle"]},{"cards_removed":["Strike_R"],"damage_healed":0.0,"max_hp_gain":0.0,"max_hp_loss":0.0,"gold_gain":0.0,"event_name":"Golden Wing","player_choice":"Card Removal","floor":5.0,"gold_loss":0.0,"damage_taken":7.0},{"damage_healed":0.0,"max_hp_gain":0.0,"max_hp_loss":0.0,"gold_gain":0.0,"cards_transformed":["Strike_R"],"event_name":"Living Wall","player_choice":"Change","floor":11.0,"gold_loss":0.0,"damage_taken":0.0,"cards_obtained":["Evolve"]},{"damage_healed":0.0,"max_hp_gain":0.0,"max_hp_loss":0.0,"gold_gain":0.0,"event_name":"Back to Basics","player_choice":"Simplicity","floor":20.0,"gold_loss":0.0,"damage_taken":0.0,"cards_upgraded":["Defend_R","Defend_R","Defend_R"]},{"damage_healed":0.0,"max_hp_gain":0.0,"max_hp_loss":0.0,"gold_gain":0.0,"event_name":"The Woman in Blue","player_choice":"Bought 0 Potions","floor":27.0,"gold_loss":0.0,"damage_taken":0.0},{"cards_removed":["Defend_R"],"damage_healed":0.0,"max_hp_gain":0.0,"max_hp_loss":0.0,"gold_gain":0.0,"event_name":"Bonfire Elementals","player_choice":"Offered Basic","floor":36.0,"gold_loss":0.0,"damage_taken":0.0},{"cards_removed":["Defend_R"],"damage_healed":0.0,"max_hp_gain":0.0,"max_hp_loss":0.0,"gold_gain":0.0,"event_name":"Falling","player_choice":"Removed Skill","floor":45.0,"gold_loss":0.0,"damage_taken":0.0},{"damage_healed":0.0,"max_hp_gain":0.0,"max_hp_loss":0.0,"gold_gain":0.0,"event_name":"Lab","player_choice":"Got Potions","floor":47.0,"gold_loss":0.0,"damage_taken":0.0}],"is_beta":false,"boss_relics":[{"not_picked":["Runic Pyramid","Calling Bell"],"picked":"Busted Crown"},{"not_picked":["Runic Dome","Lizard Tail"],"picked":"Coffee Dripper"}],"items_purged_floors":[4,22],"is_endless":false,"potions_floor_spawned":[1,2,6,13,21,25,28,29,35,38,54],"ascension_level":1}