{"gold_per_floor":[115,130,130,7,82,114,114,142,165,165,175,203,213,225,225,323,323,334,21,21,33,33,65,80,93,93,123,123,133,133,163,163,264,264,274,290,86,105,118,128,155,155],"floor_reached":42,"playtime":3966,"items_purged":["Strike_G"],"score":907,"play_id":"0a23dadb-de19-4d96-926c-8599773f7a20","local_time":"20190530164019","is_ascension_mode":true,"campfire_choices":[{"data":"Catalyst","floor":7.0,"key":"SMITH"},{"data":"Neutralize","floor":10.0,"key":"SMITH"},{"data":"Deadly Poison","floor":15.0,"key":"SMITH"},{"floor":28.0,"key":"REST"},{"floor":30.0,"key":"REST"},{"floor":32.0,"key":"REST"}],"neow_cost":"NONE","seed_source_timestamp":992961267505676,"circlet_count":0,"master_deck":["AscendersBane","Defend_G","Defend_G","Defend_G","Defend_G","Defend_G","Strike_G+1","Strike_G","Strike_G","Strike_G+1","Survivor","Neutralize+1","Deadly Poison+1","Flying Knee","Backstab","Catalyst+1","Malaise","Cloak And Dagger","Storm of Steel","Noxious Fumes","Necronomicurse","Catalyst+1","Die Die Die","Bouncing Flask","Glass Knife","Backflip","Cloak And Dagger+1","Catalyst+1","Footwork+1","After Image"],"special_seed":0,"relics":["Ring of the Snake","NeowsBlessing","Lantern","Bronze Scales","Whetstone","Bag of Marbles","Tough Bandages","Fusion Hammer","Lee\u0027s Waffle","Necronomicon","Nunchaku","Torii","Art of War","Boot","Sozu","ClockworkSouvenir","Dream Catcher"],"potions_floor_usage":[],"damage_taken":[{"damage":0.0,"enemies":"Jaw Worm","floor":1.0,"turns":1.0},{"damage":0.0,"enemies":"Cultist","floor":2.0,"turns":1.0},{"damage":0.0,"enemies":"Gremlin Nob","floor":6.0,"turns":1.0},{"damage":12.0,"enemies":"3 Sentries","floor":8.0,"turns":7.0},{"damage":0.0,"enemies":"Small Slimes","floor":11.0,"turns":1.0},{"damage":6.0,"enemies":"Gremlin Nob","floor":12.0,"turns":3.0},{"damage":0.0,"enemies":"Red Slaver","floor":13.0,"turns":2.0},{"damage":0.0,"enemies":"Looter","floor":14.0,"turns":2.0},{"damage":23.0,"enemies":"The Guardian","floor":16.0,"turns":10.0},{"damage":0.0,"enemies":"Spheric Guardian","floor":18.0,"turns":3.0},{"damage":0.0,"enemies":"3 Byrds","floor":21.0,"turns":2.0},{"damage":35.0,"enemies":"Book of Stabbing","floor":23.0,"turns":4.0},{"damage":13.0,"enemies":"Cultist and Chosen","floor":24.0,"turns":6.0},{"damage":5.0,"enemies":"Centurion and Healer","floor":25.0,"turns":8.0},{"damage":3.0,"enemies":"Slavers","floor":27.0,"turns":4.0},{"damage":2.0,"enemies":"Snake Plant","floor":29.0,"turns":4.0},{"damage":11.0,"enemies":"Book of Stabbing","floor":31.0,"turns":4.0},{"damage":25.0,"enemies":"Automaton","floor":33.0,"turns":5.0},{"damage":19.0,"enemies":"3 Darklings","floor":35.0,"turns":7.0},{"damage":1.0,"enemies":"Orb Walker","floor":36.0,"turns":3.0},{"damage":27.0,"enemies":"3 Darklings","floor":38.0,"turns":5.0},{"damage":9.0,"enemies":"Jaw Worm Horde","floor":39.0,"turns":3.0},{"damage":1.0,"enemies":"4 Shapes","floor":40.0,"turns":7.0},{"damage":0,"enemies":"Giant Head","floor":41,"turns":4},{"damage":11,"enemies":"Maw","floor":42,"turns":2}],"seed_played":"7485618578912526869","potions_obtained":[{"floor":2.0,"key":"FearPotion"},{"floor":6.0,"key":"Explosive Potion"},{"floor":12.0,"key":"SteroidPotion"},{"floor":13.0,"key":"AttackPotion"},{"floor":21.0,"key":"AttackPotion"},{"floor":24.0,"key":"Weak Potion"},{"floor":27.0,"key":"SpeedPotion"},{"floor":31.0,"key":"SkillPotion"}],"is_trial":false,"path_per_floor":["M","M","?","$","?","E","R","E","T","R","M","E","M","M","R","B",null,"M","$","?","M","?","E","M","M","T","E","R","M","R","E","R","B",null,"M","M","$","M","M","M","E","M"],"character_chosen":"THE_SILENT","items_purchased":["Backstab","FearPotion","Noxious Fumes","Lee\u0027s Waffle","ClockworkSouvenir"],"campfire_rested":3,"item_purchase_floors":[4,4,19,19,37],"current_hp_per_floor":[63,63,63,63,56,56,56,44,44,44,44,38,38,38,38,15,56,56,77,61,61,61,26,13,8,8,5,28,26,49,38,61,36,67,48,47,47,20,11,10,10,0],"gold":155,"neow_bonus":"THREE_ENEMY_KILL","is_prod":false,"is_daily":false,"chose_seed":false,"campfire_upgraded":3,"win_rate":0,"timestamp":1559214619,"path_taken":["M","M","?","?","?","E","R","E","T","R","M","E","?","M","R","BOSS","M","$","?","M","?","E","M","M","T","E","R","M","R","E","R","BOSS","M","M","$","?","M","M","E","M"],"build_version":"2019-01-23","purchased_purges":1,"victory":false,"max_hp_per_floor":[70,70,70,70,70,70,70,70,70,70,70,70,70,70,70,70,70,70,77,77,77,77,77,77,77,77,77,77,77,77,77,77,77,77,77,77,77,77,77,77,77,77],"card_choices":[{"not_picked":["Backflip","Expertise"],"picked":"Deadly Poison","floor":1.0},{"not_picked":["PiercingWail","Choke"],"picked":"Flying Knee","floor":2.0},{"not_picked":["Dash","Flechettes"],"picked":"Catalyst","floor":6.0},{"not_picked":["Deflect","Prepared","Heel Hook"],"picked":"SKIP","floor":8.0},{"not_picked":["Flying Knee","Flechettes","Slice"],"picked":"SKIP","floor":11.0},{"not_picked":["Outmaneuver","Blade Dance"],"picked":"Malaise","floor":12.0},{"not_picked":["Heel Hook","Blade Dance","PiercingWail"],"picked":"SKIP","floor":13.0},{"not_picked":["Outmaneuver","Prepared"],"picked":"Cloak And Dagger","floor":14.0},{"not_picked":["Bullet Time","Malaise"],"picked":"Storm of Steel","floor":16.0},{"not_picked":["Slice","Cloak And Dagger","Flying Knee"],"picked":"SKIP","floor":18.0},{"not_picked":["Flying Knee","Slice","Underhanded Strike"],"picked":"SKIP","floor":21.0},{"not_picked":["Eviscerate","Cloak And Dagger","Endless Agony"],"picked":"SKIP","floor":23.0},{"not_picked":["Flechettes","Dagger Spray"],"picked":"Die Die Die","floor":24.0},{"not_picked":["Dagger Spray+1","Noxious Fumes"],"picked":"Bouncing Flask","floor":25.0},{"not_picked":["Endless Agony+1","Sucker Punch","Blur+1"],"picked":"SKIP","floor":27.0},{"not_picked":["PiercingWail","All Out Attack","Dodge and Roll"],"picked":"SKIP","floor":29.0},{"not_picked":["Underhanded Strike","Accuracy","Sucker Punch"],"picked":"SKIP","floor":31.0},{"not_picked":["Bullet Time","Tools of the Trade"],"picked":"Glass Knife","floor":33.0},{"not_picked":["Sucker Punch+1","Escape Plan"],"picked":"Backflip","floor":35.0},{"not_picked":["PiercingWail+1","Backflip+1"],"picked":"Cloak And Dagger+1","floor":36.0},{"not_picked":["Underhanded Strike","Bane+1","PiercingWail"],"picked":"SKIP","floor":38.0},{"not_picked":["Expertise+1","Quick Slash+1"],"picked":"Catalyst+1","floor":39.0},{"not_picked":["Blade Dance+1","Expertise"],"picked":"Footwork+1","floor":40.0},{"not_picked":["Quick Slash","Underhanded Strike"],"picked":"After Image","floor":41}],"player_experience":972339,"relics_obtained":[{"floor":6.0,"key":"Bronze Scales"},{"floor":8.0,"key":"Whetstone"},{"floor":9.0,"key":"Bag of Marbles"},{"floor":12.0,"key":"Tough Bandages"},{"floor":20.0,"key":"Necronomicon"},{"floor":23.0,"key":"Nunchaku"},{"floor":26.0,"key":"Torii"},{"floor":27.0,"key":"Art of War"},{"floor":31.0,"key":"Boot"},{"floor":41,"key":"Dream Catcher"}],"event_choices":[{"damage_healed":0.0,"max_hp_gain":0.0,"max_hp_loss":0.0,"gold_gain":0.0,"event_name":"WeMeetAgain","player_choice":"Gave Potion","floor":3.0,"gold_loss":0.0,"damage_taken":0.0,"relics_obtained":["Lantern"]},{"damage_healed":0.0,"max_hp_gain":0.0,"max_hp_loss":0.0,"gold_gain":75.0,"event_name":"FaceTrader","player_choice":"Touch","floor":5.0,"gold_loss":0.0,"damage_taken":7.0},{"damage_healed":0.0,"max_hp_gain":0.0,"max_hp_loss":0.0,"gold_gain":0.0,"event_name":"Cursed Tome","player_choice":"Obtained Book","floor":20.0,"gold_loss":0.0,"damage_taken":16.0},{"damage_healed":0.0,"max_hp_gain":0.0,"max_hp_loss":0.0,"gold_gain":0.0,"event_name":"Duplicator","player_choice":"Copied","floor":22.0,"gold_loss":0.0,"damage_taken":0.0,"cards_obtained":["Catalyst"]}],"is_beta":false,"boss_relics":[{"not_picked":["Empty Cage","Astrolabe"],"picked":"Fusion Hammer"},{"not_picked":["Busted Crown","Eternal Feather"],"picked":"Sozu"}],"items_purged_floors":[19],"is_endless":false,"potions_floor_spawned":[2,6,12,13,21,24,27,31,35,36,41],"killed_by":"Maw","ascension_level":11}