{"gold_per_floor":[211,7,19,19,39,39,72,84,84,84,112,135,145,176,176,281,281,297,317,317,2,2,2,31,31,57,7,7,7,37,47,47,151,151,168,168,179,79,79,111,52,52,79,79,111,111,143,163,163,163,163,163,6,36,36],"floor_reached":55,"playtime":1705,"items_purged":["Strike_R"],"score":832,"play_id":"73b4a5cc-b1dc-4e65-91a0-803878aba017","local_time":"20190524183956","is_ascension_mode":false,"campfire_choices":[{"data":"Bash","floor":6.0,"key":"SMITH"},{"data":"Bludgeon","floor":10.0,"key":"SMITH"},{"data":"Flame Barrier","floor":15.0,"key":"SMITH"},{"data":"Headbutt","floor":23.0,"key":"SMITH"},{"floor":29.0,"key":"REST"},{"data":"Cleave","floor":32.0,"key":"SMITH"},{"data":"Battle Trance","floor":42.0,"key":"SMITH"},{"floor":44,"key":"RECALL"},{"floor":49,"key":"REST"},{"floor":52,"key":"REST"}],"neow_cost":"NONE","seed_source_timestamp":107621799854563,"circlet_count":0,"master_deck":["Strike_R+1","Strike_R+1","Strike_R+1","Strike_R+1","Defend_R+1","Defend_R+1","Defend_R+1","Bash+1","Cleave+1","Headbutt+1","Battle Trance+1","Flame Barrier+1","Bludgeon+1","Shame","Enlightenment+1","Uppercut+1","Parasite","Double Tap+1","Offering+1"],"special_seed":0,"relics":["Burning Blood","Juzu Bracelet","Paper Frog","Bottled Lightning","Gremlin Horn","Odd Mushroom","Toxic Egg 2","Runic Dome","Kunai","Self Forming Clay","Nilry\u0027s Codex","Bronze Scales","Centennial Puzzle","FossilizedHelix","Cursed Key","Bird Faced Urn","Sundial","Regal Pillow","Bag of Marbles","Turnip"],"potions_floor_usage":[55,55,55,55],"damage_taken":[{"damage":6.0,"enemies":"Cultist","floor":1.0,"turns":3.0},{"damage":0.0,"enemies":"2 Louse","floor":3.0,"turns":3.0},{"damage":10.0,"enemies":"Jaw Worm","floor":5.0,"turns":5.0},{"damage":43.0,"enemies":"Lagavulin","floor":7.0,"turns":7.0},{"damage":3.0,"enemies":"Exordium Wildlife","floor":8.0,"turns":4.0},{"damage":9.0,"enemies":"3 Sentries","floor":11.0,"turns":6.0},{"damage":4.0,"enemies":"The Mushroom Lair","floor":12.0,"turns":3.0},{"damage":4.0,"enemies":"2 Fungi Beasts","floor":13.0,"turns":4.0},{"damage":19.0,"enemies":"Lagavulin","floor":14.0,"turns":5.0},{"damage":25.0,"enemies":"The Guardian","floor":16.0,"turns":9.0},{"damage":0.0,"enemies":"3 Byrds","floor":18.0,"turns":3.0},{"damage":2.0,"enemies":"Shell Parasite","floor":19.0,"turns":4.0},{"damage":21.0,"enemies":"Gremlin Leader","floor":24.0,"turns":6.0},{"damage":18.0,"enemies":"Slavers","floor":30.0,"turns":5.0},{"damage":0.0,"enemies":"Sentry and Sphere","floor":31.0,"turns":4.0},{"damage":58.0,"enemies":"Collector","floor":33.0,"turns":6.0},{"damage":9.0,"enemies":"3 Shapes","floor":35.0,"turns":2.0},{"damage":0.0,"enemies":"Orb Walker","floor":37.0,"turns":2.0},{"damage":0.0,"enemies":"Nemesis","floor":40.0,"turns":3.0},{"damage":0,"enemies":"Giant Head","floor":45,"turns":5},{"damage":18,"enemies":"Reptomancer","floor":47,"turns":4},{"damage":9,"enemies":"4 Shapes","floor":48,"turns":3},{"damage":63,"enemies":"Donu and Deca","floor":50,"turns":9},{"damage":31,"enemies":"Shield and Spear","floor":54,"turns":5},{"damage":58,"enemies":"The Heart","floor":55,"turns":5}],"seed_played":"-1937168092834724984","potions_obtained":[{"floor":5.0,"key":"SteroidPotion"},{"floor":8.0,"key":"SpeedPotion"},{"floor":11.0,"key":"Block Potion"},{"floor":12.0,"key":"FairyPotion"},{"floor":33.0,"key":"AttackPotion"},{"floor":35.0,"key":"SneckoOil"},{"floor":37.0,"key":"GamblersBrew"}],"is_trial":false,"path_per_floor":["M","$","M","$","M","R","E","M","T","R","E","?","M","E","R","B",null,"M","M","?","$","?","R","E","?","T","$","?","R","E","M","R","B",null,"M","?","M","$","?","E","?","R","T","R","E","?","E","M","R","B",null,"R","$","E","B"],"character_chosen":"IRONCLAD","items_purchased":["Juzu Bracelet","Headbutt","Kunai","Energy Potion","EntropicBrew","Offering+1"],"campfire_rested":3,"item_purchase_floors":[2,2,21,27,38,53],"current_hp_per_floor":[80,80,80,80,76,76,39,42,42,42,39,41,43,30,30,11,80,80,80,65,65,65,65,50,34,34,34,34,59,47,53,53,14,85,82,82,85,85,85,85,85,85,85,85,85,81,69,66,81,24,81,81,81,56,0],"gold":36,"neow_bonus":"HUNDRED_GOLD","is_prod":false,"is_daily":false,"chose_seed":false,"campfire_upgraded":6,"win_rate":0,"timestamp":1558715996,"path_taken":["M","?","M","$","M","R","E","M","T","R","E","?","M","E","R","BOSS","M","M","?","$","?","R","E","?","T","$","?","R","E","M","R","BOSS","M","?","M","$","?","E","?","R","T","R","E","?","E","M","R","BOSS","R","$","E","BOSS"],"build_version":"2019-01-23","purchased_purges":1,"victory":false,"max_hp_per_floor":[80,80,80,80,80,80,80,80,80,80,80,80,80,80,80,80,80,80,80,85,85,85,85,85,85,85,85,85,85,85,85,85,85,85,85,85,85,85,85,85,85,85,85,85,85,81,81,81,81,81,81,81,81,81,81],"card_choices":[{"not_picked":["Iron Wave","Fire Breathing"],"picked":"Cleave","floor":1.0},{"not_picked":["Inflame","Pommel Strike"],"picked":"Battle Trance","floor":3.0},{"not_picked":["Dual Wield","Pommel Strike"],"picked":"Flame Barrier","floor":5.0},{"not_picked":["True Grit","Hemokinesis"],"picked":"Bludgeon","floor":7.0},{"not_picked":["Cleave","Twin Strike","Thunderclap"],"picked":"SKIP","floor":8.0},{"not_picked":["Cleave","Rage","Burning Pact"],"picked":"SKIP","floor":11.0},{"not_picked":["Thunderclap","Clash","Armaments"],"picked":"SKIP","floor":13.0},{"not_picked":["Exhume","Impervious","Sentinel"],"picked":"SKIP","floor":14.0},{"not_picked":["Rage+1","Headbutt","Clothesline"],"picked":"SKIP","floor":18.0},{"not_picked":["Clash","Flex+1","Dual Wield+1"],"picked":"SKIP","floor":19.0},{"not_picked":["Clash","Thunderclap","Metallicize"],"picked":"SKIP","floor":24.0},{"not_picked":["Armaments+1","Havoc+1","Clash"],"picked":"SKIP","floor":30.0},{"not_picked":["True Grit+1","Flex+1","Searing Blow+1"],"picked":"SKIP","floor":31.0},{"not_picked":["Clash+1","Pummel+1","Headbutt+1"],"picked":"SKIP","floor":35.0},{"not_picked":["Dropkick","Pommel Strike","Flex+1"],"picked":"SKIP","floor":37.0},{"not_picked":["Thunderclap","Wild Strike+1"],"picked":"Uppercut+1","floor":40.0},{"not_picked":["Headbutt","Combust+1","Fire Breathing"],"picked":"SKIP","floor":45},{"not_picked":["Metallicize","Wild Strike"],"picked":"Double Tap+1","floor":47},{"not_picked":["Flex+1","Armaments+1","Headbutt+1"],"picked":"SKIP","floor":48},{"not_picked":["Intimidate+1","Heavy Blade","Perfected Strike+1"],"picked":"SKIP","floor":54}],"player_experience":89792,"relics_obtained":[{"floor":7.0,"key":"Paper Frog"},{"floor":9.0,"key":"Bottled Lightning"},{"floor":11.0,"key":"Gremlin Horn"},{"floor":12.0,"key":"Odd Mushroom"},{"floor":14.0,"key":"Toxic Egg 2"},{"floor":24.0,"key":"Self Forming Clay"},{"floor":25.0,"key":"Nilry\u0027s Codex"},{"floor":26.0,"key":"Bronze Scales"},{"floor":30.0,"key":"FossilizedHelix"},{"floor":40.0,"key":"Bird Faced Urn"},{"floor":45,"key":"Regal Pillow"},{"floor":47,"key":"Bag of Marbles"},{"floor":54,"key":"Turnip"}],"event_choices":[{"damage_healed":0.0,"max_hp_gain":0.0,"max_hp_loss":0.0,"gold_gain":0.0,"event_name":"Mushrooms","player_choice":"Fought Mushrooms","floor":12.0,"gold_loss":0.0,"damage_taken":0.0},{"damage_healed":0.0,"max_hp_gain":5.0,"max_hp_loss":0.0,"gold_gain":0.0,"event_name":"Forgotten Altar","player_choice":"Shed Blood","floor":20.0,"gold_loss":0.0,"damage_taken":20.0},{"damage_healed":0.0,"max_hp_gain":0.0,"max_hp_loss":0.0,"gold_gain":0.0,"event_name":"Back to Basics","player_choice":"Simplicity","floor":22.0,"gold_loss":0.0,"damage_taken":0.0,"cards_upgraded":["Strike_R","Strike_R","Strike_R","Strike_R","Defend_R","Defend_R","Defend_R","Defend_R"]},{"damage_healed":0.0,"max_hp_gain":0.0,"max_hp_loss":0.0,"gold_gain":0.0,"event_name":"Cursed Tome","player_choice":"Obtained Book","floor":25.0,"gold_loss":0.0,"damage_taken":16.0},{"damage_healed":0.0,"max_hp_gain":0.0,"max_hp_loss":0.0,"gold_gain":0.0,"event_name":"Addict","player_choice":"Stole Relic","floor":28.0,"gold_loss":0.0,"damage_taken":0.0,"relics_obtained":["Centennial Puzzle"],"cards_obtained":["Shame"]},{"damage_healed":0.0,"max_hp_gain":0.0,"max_hp_loss":0.0,"gold_gain":0.0,"event_name":"Match and Keep!","player_choice":"1 cards matched","floor":36.0,"gold_loss":0.0,"damage_taken":0.0,"cards_obtained":["Enlightenment"]},{"cards_removed":["Defend_R"],"damage_healed":0.0,"max_hp_gain":0.0,"max_hp_loss":0.0,"gold_gain":0.0,"event_name":"Falling","player_choice":"Removed Skill","floor":39.0,"gold_loss":0.0,"damage_taken":0.0},{"damage_healed":0.0,"max_hp_gain":0.0,"max_hp_loss":0.0,"gold_gain":0.0,"event_name":"WeMeetAgain","player_choice":"Paid Gold","floor":41.0,"gold_loss":59.0,"damage_taken":0.0,"relics_obtained":["Sundial"]},{"damage_healed":0,"gold_gain":0,"player_choice":"Max HP","damage_taken":0,"max_hp_gain":0,"max_hp_loss":4,"event_name":"Winding Halls","floor":46,"gold_loss":0}],"is_beta":false,"boss_relics":[{"not_picked":["Black Star","Mark of Pain"],"picked":"Runic Dome"},{"not_picked":["Eternal Feather","Runic Pyramid"],"picked":"Cursed Key"}],"items_purged_floors":[21],"is_endless":false,"potions_floor_spawned":[5,8,11,12,14,18,24,33,35,37,45,54],"killed_by":"The Heart","ascension_level":0}