{"gold_per_floor":[111,130,130,100,25,66,80,105],"floor_reached":8,"playtime":438,"items_purged":["Strike_B"],"score":83,"play_id":"c1beaaef-e8ca-4243-9809-1eb66fa1415c","local_time":"20190323010129","is_ascension_mode":false,"campfire_choices":[],"neow_cost":"NONE","seed_source_timestamp":192467199773976,"circlet_count":0,"master_deck":["Strike_B","Strike_B","Strike_B","Defend_B","Defend_B","Defend_B","Defend_B","Zap","Dualcast","Consume","Steam","Steam","Darkness"],"relics":["Cracked Core","NeowsBlessing","Golden Idol","Sundial"],"potions_floor_usage":[],"damage_taken":[{"damage":0,"enemies":"2 Louse","floor":1,"turns":1},{"damage":0,"enemies":"Small Slimes","floor":2,"turns":1},{"damage":0,"enemies":"Lagavulin","floor":6,"turns":1},{"damage":1,"enemies":"Cultist","floor":7,"turns":3},{"damage":2,"enemies":"Lots of Slimes","floor":8,"turns":8}],"seed_played":"210874530235686690","potions_obtained":[{"floor":2,"key":"Strength Potion"},{"floor":4,"key":"Swift Potion"},{"floor":4,"key":"Strength Potion"},{"floor":8,"key":"Weak Potion"}],"is_trial":false,"path_per_floor":["M","M","?","?","$","E","M","M"],"character_chosen":"DEFECT","items_purchased":[],"campfire_rested":0,"item_purchase_floors":[],"current_hp_per_floor":[75,75,57,57,57,57,56,54],"gold":105,"neow_bonus":"THREE_ENEMY_KILL","is_prod":false,"is_daily":false,"chose_seed":false,"campfire_upgraded":0,"win_rate":0,"timestamp":1553320889,"path_taken":["M","M","?","?","$","E","M","M"],"build_version":"2019-01-23","purchased_purges":1,"victory":false,"max_hp_per_floor":[75,75,75,75,75,75,75,75],"card_choices":[{"not_picked":["Compile Driver","Reprogram"],"picked":"Consume","floor":1},{"not_picked":["Skim","Scrape"],"picked":"Steam","floor":2},{"not_picked":["Steam Power","Lockon","Rebound"],"picked":"SKIP","floor":6},{"not_picked":["Rebound","Undo"],"picked":"Steam","floor":7},{"not_picked":["Aggregate","Cold Snap"],"picked":"Darkness","floor":8}],"player_experience":228291,"relics_obtained":[{"floor":6,"key":"Sundial"}],"event_choices":[{"damage_healed":0,"gold_gain":0,"player_choice":"Take Damage","damage_taken":18,"relics_obtained":["Golden Idol"],"max_hp_gain":0,"max_hp_loss":0,"event_name":"Golden Idol","floor":3,"gold_loss":0},{"damage_healed":0,"gold_gain":0,"player_choice":"Bought 2 Potions","damage_taken":0,"max_hp_gain":0,"max_hp_loss":0,"event_name":"The Woman in Blue","floor":4,"gold_loss":0}],"is_beta":false,"boss_relics":[],"items_purged_floors":[5],"is_endless":false,"potions_floor_spawned":[2,8],"killed_by":"Lots of Slimes","ascension_level":0}