{"gold_per_floor":[118,132,148,148,168,168,198,198,198,198,232,262,262,282,282,282],"floor_reached":16,"playtime":498,"items_purged":[],"score":193,"play_id":"d2bf5087-f6dc-46ef-b9d2-fac1f0da38f7","local_time":"20190406225913","is_ascension_mode":true,"campfire_choices":[{"data":"Inflame","floor":6.0,"key":"SMITH"},{"data":"Sword Boomerang","floor":8.0,"key":"SMITH"},{"data":"Heavy Blade","floor":10.0,"key":"SMITH"},{"data":"Dual Wield","floor":15.0,"key":"SMITH"}],"neow_cost":"NONE","seed_source_timestamp":1830975612682,"circlet_count":0,"master_deck":["AscendersBane","Strike_R","Strike_R","Strike_R","Strike_R","Defend_R","Defend_R","Defend_R","Defend_R","Bash","Sword Boomerang+1","Shrug It Off","Flex","Heavy Blade+1","Inflame+1","Reaper","Dual Wield+1","Flame Barrier"],"special_seed":0,"relics":["Burning Blood","The Courier","Shuriken","Question Card","Smiling Mask"],"potions_floor_usage":[],"damage_taken":[{"damage":1.0,"enemies":"Cultist","floor":1.0,"turns":3.0},{"damage":10.0,"enemies":"2 Louse","floor":2.0,"turns":3.0},{"damage":12.0,"enemies":"Jaw Worm","floor":3.0,"turns":2.0},{"damage":6.0,"enemies":"3 Louse","floor":5.0,"turns":2.0},{"damage":27.0,"enemies":"3 Sentries","floor":7.0,"turns":6.0},{"damage":27.0,"enemies":"Lagavulin","floor":11.0,"turns":7.0},{"damage":41.0,"enemies":"Gremlin Gang","floor":14.0,"turns":7.0},{"damage":28,"enemies":"Hexaghost","floor":16,"turns":7}],"seed_played":"5212471835515474749","potions_obtained":[{"floor":2.0,"key":"Explosive Potion"},{"floor":5.0,"key":"SmokeBomb"},{"floor":14.0,"key":"SneckoOil"}],"is_trial":false,"path_per_floor":["M","M","M","T","M","R","E","R","T","R","E","?","?","M","R","B"],"character_chosen":"IRONCLAD","items_purchased":[],"campfire_rested":0,"item_purchase_floors":[],"current_hp_per_floor":[73,69,63,63,63,63,42,42,42,42,30,30,35,18,18,0],"gold":282,"neow_bonus":"TRANSFORM_CARD","is_prod":false,"is_daily":false,"chose_seed":false,"campfire_upgraded":4,"win_rate":0,"timestamp":1554559153,"path_taken":["M","M","M","?","M","R","E","R","T","R","E","?","?","M","R","BOSS"],"build_version":"2019-01-23","purchased_purges":0,"victory":false,"max_hp_per_floor":[75,75,75,75,75,75,75,75,75,75,75,75,80,80,80,80],"card_choices":[{"not_picked":["Iron Wave","Headbutt"],"picked":"Shrug It Off","floor":1.0},{"not_picked":["Perfected Strike","Clothesline"],"picked":"Flex","floor":2.0},{"not_picked":["Headbutt","Blood for Blood"],"picked":"Heavy Blade","floor":3.0},{"not_picked":["Cleave","Armaments"],"picked":"Inflame","floor":5.0},{"not_picked":["Anger","Combust"],"picked":"Reaper","floor":7.0},{"not_picked":["Uppercut","Warcry","Rampage"],"picked":"Dual Wield","floor":11.0},{"not_picked":["Thunderclap","Wild Strike","Headbutt"],"picked":"Flame Barrier","floor":14.0}],"player_experience":429592,"relics_obtained":[{"floor":4.0,"key":"The Courier"},{"floor":7.0,"key":"Shuriken"},{"floor":9.0,"key":"Question Card"},{"floor":11.0,"key":"Smiling Mask"}],"event_choices":[{"damage_healed":0.0,"max_hp_gain":0.0,"max_hp_loss":0.0,"gold_gain":30.0,"event_name":"Dead Adventurer","player_choice":"Searched \u00271\u0027 times","floor":12.0,"gold_loss":0.0,"damage_taken":0.0},{"damage_healed":0.0,"max_hp_gain":5.0,"max_hp_loss":0.0,"gold_gain":0.0,"event_name":"Big Fish","player_choice":"Donut","floor":13.0,"gold_loss":0.0,"damage_taken":0.0}],"is_beta":false,"boss_relics":[],"items_purged_floors":[],"is_endless":false,"potions_floor_spawned":[2,5,14],"killed_by":"Hexaghost","ascension_level":15}