{"gold_per_floor":[111,111,134,309,309,345,345,369,369,256,256],"floor_reached":11,"playtime":386,"items_purged":["Doubt"],"score":71,"play_id":"c88a18fd-214b-486d-86b9-73674c82c48c","local_time":"20190309142602","is_ascension_mode":false,"campfire_choices":[{"data":"Dualcast","floor":7,"key":"SMITH"}],"neow_cost":"NONE","seed_source_timestamp":481688903971538,"circlet_count":0,"master_deck":["Strike_B","Strike_B","Strike_B","Strike_B+1","Defend_B+1","Defend_B","Defend_B","Defend_B","Zap","Dualcast+1","Gash","Heatsinks","Heatsinks","Storm"],"relics":["Cracked Core","Anchor","Golden Idol","Gremlin Horn","Cables"],"potions_floor_usage":[],"damage_taken":[{"damage":1,"enemies":"Cultist","floor":1,"turns":3},{"damage":0,"enemies":"2 Louse","floor":3,"turns":2},{"damage":31,"enemies":"Gremlin Nob","floor":6,"turns":5},{"damage":0,"enemies":"Jaw Worm","floor":8,"turns":3},{"damage":12,"enemies":"Blue Slaver","floor":11,"turns":3}],"seed_played":"-3612203541711729878","potions_obtained":[{"floor":1,"key":"FearPotion"},{"floor":6,"key":"Ancient Potion"},{"floor":8,"key":"GamblersBrew"}],"is_trial":false,"path_per_floor":["M","?","M","?","?","E","R","M","T","$","M"],"character_chosen":"DEFECT","items_purchased":["Storm"],"campfire_rested":0,"item_purchase_floors":[10],"current_hp_per_floor":[74,56,56,56,41,10,10,10,10,10,0],"gold":256,"neow_bonus":"RANDOM_COMMON_RELIC","is_prod":false,"is_daily":false,"chose_seed":false,"campfire_upgraded":1,"win_rate":0,"timestamp":1552163162,"path_taken":["M","?","M","?","?","E","R","M","T","$","M"],"build_version":"2019-01-23","purchased_purges":1,"victory":false,"max_hp_per_floor":[75,75,75,75,75,75,75,75,75,75,75],"card_choices":[{"not_picked":["Consume","Turbo"],"picked":"Gash","floor":1},{"not_picked":["Hello World","Aggregate"],"picked":"Heatsinks","floor":3},{"not_picked":["White Noise","Beam Cell"],"picked":"Heatsinks","floor":6},{"not_picked":["Rebound","BootSequence","Go for the Eyes"],"picked":"SKIP","floor":8}],"player_experience":219472,"relics_obtained":[{"floor":6,"key":"Gremlin Horn"},{"floor":9,"key":"Cables"}],"event_choices":[{"damage_healed":0,"gold_gain":0,"player_choice":"Take Damage","damage_taken":18,"relics_obtained":["Golden Idol"],"max_hp_gain":0,"max_hp_loss":0,"event_name":"Golden Idol","floor":2,"gold_loss":0},{"damage_healed":0,"gold_gain":175,"player_choice":"AGREE","damage_taken":0,"max_hp_gain":0,"max_hp_loss":0,"event_name":"Liars Game","floor":4,"gold_loss":0,"cards_obtained":["Doubt"]},{"damage_healed":0,"gold_gain":0,"player_choice":"Entered Light","damage_taken":15,"max_hp_gain":0,"max_hp_loss":0,"event_name":"Shining Light","floor":5,"gold_loss":0,"cards_upgraded":["Defend_B","Strike_B"]}],"is_beta":false,"boss_relics":[],"items_purged_floors":[10],"is_endless":false,"potions_floor_spawned":[1,6,8],"killed_by":"Blue Slaver","ascension_level":0}