{"gold_per_floor":[118,38,52,72,88,113,124,124,147,164,164,194,369,379,379,482,482,466,480,491,491,491],"floor_reached":22,"playtime":3066,"items_purged":[],"score":240,"play_id":"3e73c7ca-95ea-487b-a3ea-9fe598b2e0d0","local_time":"20190529235721","is_ascension_mode":true,"campfire_choices":[{"data":"Neutralize","floor":8,"key":"SMITH"},{"floor":11,"key":"REST"},{"floor":15,"key":"REST"}],"neow_cost":"NONE","seed_source_timestamp":2030663299070006,"circlet_count":0,"master_deck":["Defend_G","Defend_G","Defend_G","Defend_G","Defend_G","Strike_G","Strike_G","Strike_G","Strike_G","Strike_G","Survivor","Neutralize+1","Cloak And Dagger","Well Laid Plans","Deadly Poison","Crippling Poison","Leg Sweep","Well Laid Plans","PiercingWail","Deflect","Acrobatics","Doubt","Poisoned Stab","Storm of Steel","Dagger Spray+1","PiercingWail+1","Poisoned Stab+1"],"relics":["Ring of the Snake","Strawberry","The Courier","Happy Flower","Potion Belt","Runic Dome","GremlinMask"],"potions_floor_usage":[12,12,14,20,22],"damage_taken":[{"damage":5,"enemies":"Cultist","floor":1,"turns":6},{"damage":0,"enemies":"Jaw Worm","floor":3,"turns":5},{"damage":0,"enemies":"Small Slimes","floor":4,"turns":4},{"damage":0,"enemies":"Red Slaver","floor":5,"turns":4},{"damage":29,"enemies":"3 Sentries","floor":6,"turns":15},{"damage":6,"enemies":"2 Fungi Beasts","floor":7,"turns":4},{"damage":3,"enemies":"3 Louse","floor":10,"turns":5},{"damage":34,"enemies":"Gremlin Nob","floor":12,"turns":7},{"damage":1,"enemies":"Gremlin Gang","floor":14,"turns":5},{"damage":10,"enemies":"Hexaghost","floor":16,"turns":13},{"damage":17,"enemies":"2 Thieves","floor":18,"turns":4},{"damage":9,"enemies":"Shell Parasite","floor":19,"turns":8},{"damage":35,"enemies":"3 Cultists","floor":20,"turns":8},{"damage":18,"enemies":"Snake Plant","floor":22,"turns":5}],"seed_played":"5287387263789280167","potions_obtained":[{"floor":3,"key":"GhostInAJar"},{"floor":5,"key":"AttackPotion"},{"floor":6,"key":"GhostInAJar"},{"floor":12,"key":"Explosive Potion"},{"floor":20,"key":"PowerPotion"}],"is_trial":false,"path_per_floor":["M","$","M","M","M","E","M","R","T","M","R","E","?","M","R","B",null,"M","M","M","?","M"],"character_chosen":"THE_SILENT","items_purchased":["Well Laid Plans"],"campfire_rested":2,"item_purchase_floors":[2],"current_hp_per_floor":[72,72,72,72,72,43,37,37,37,34,57,23,23,22,45,35,77,60,51,16,16,0],"gold":491,"neow_bonus":"RANDOM_COMMON_RELIC","is_prod":false,"is_daily":false,"chose_seed":false,"campfire_upgraded":1,"win_rate":0,"timestamp":1559188641,"path_taken":["M","$","M","M","M","E","M","R","T","?","R","E","?","M","R","BOSS","M","M","M","?","?"],"build_version":"2019-01-23","purchased_purges":0,"victory":false,"max_hp_per_floor":[77,77,77,77,77,77,77,77,77,77,77,77,77,77,77,77,77,77,77,77,77,77],"card_choices":[{"not_picked":["Sucker Punch","Underhanded Strike"],"picked":"Cloak And Dagger","floor":1},{"not_picked":["Reflex","Bouncing Flask"],"picked":"Deadly Poison","floor":3},{"not_picked":["Backflip","Blur"],"picked":"Crippling Poison","floor":4},{"not_picked":["Backflip","Catalyst"],"picked":"Leg Sweep","floor":5},{"not_picked":["Slice","Predator"],"picked":"Well Laid Plans","floor":6},{"not_picked":["Heel Hook","Blur"],"picked":"PiercingWail","floor":7},{"not_picked":["Blade Dance","Unload"],"picked":"Deflect","floor":10},{"not_picked":["Masterful Stab","Slice"],"picked":"Acrobatics","floor":12},{"not_picked":["Backflip","Infinite Blades"],"picked":"Poisoned Stab","floor":14},{"not_picked":["Night Terror","Unload"],"picked":"Storm of Steel","floor":16},{"not_picked":["Underhanded Strike+1","Infinite Blades"],"picked":"Dagger Spray+1","floor":18},{"not_picked":["Acrobatics","Prepared"],"picked":"PiercingWail+1","floor":19},{"not_picked":["Slice","Deadly Poison"],"picked":"Poisoned Stab+1","floor":20}],"player_experience":330200,"relics_obtained":[{"floor":6,"key":"The Courier"},{"floor":9,"key":"Happy Flower"},{"floor":12,"key":"Potion Belt"}],"event_choices":[{"damage_healed":0,"gold_gain":175,"player_choice":"AGREE","damage_taken":0,"max_hp_gain":0,"max_hp_loss":0,"event_name":"Liars Game","floor":13,"gold_loss":0,"cards_obtained":["Doubt"]},{"damage_healed":0,"gold_gain":0,"player_choice":"Trade","damage_taken":0,"relics_obtained":["GremlinMask"],"max_hp_gain":0,"max_hp_loss":0,"event_name":"FaceTrader","floor":21,"gold_loss":0}],"is_beta":false,"boss_relics":[{"not_picked":["Snecko Eye","Velvet Choker"],"picked":"Runic Dome"}],"items_purged_floors":[],"is_endless":false,"potions_floor_spawned":[3,5,6,10,12,20],"killed_by":"Snake Plant","ascension_level":4}