{"gold_per_floor":[115,115,115,134,309,309,15,350,350,350,432,26,45,71,71,169,169,184,184,283,283,293,293,323,268,292,292,292,141,173,48,48,151,151,168,180,180,198,198,198,228,238,238,88,88,140,150,161,161,161,161,161,74,109,109],"floor_reached":56,"playtime":2122,"items_purged":["Doubt","Strike_G","Strike_G","Defend_G"],"score":1665,"play_id":"2e61e2b9-7131-4542-85cc-d0afd50fdff3","local_time":"20190602171556","is_ascension_mode":true,"campfire_choices":[{"data":"Neutralize","floor":6.0,"key":"SMITH"},{"floor":10.0,"key":"REST"},{"data":"Survivor","floor":15.0,"key":"SMITH"},{"data":"Prepared","floor":23,"key":"SMITH"},{"floor":28,"key":"REST"},{"data":"Well Laid Plans","floor":32,"key":"SMITH"},{"data":"Grand Finale","floor":40,"key":"SMITH"},{"data":"Acrobatics","floor":45,"key":"SMITH"},{"floor":49,"key":"RECALL"},{"data":"Adrenaline","floor":52,"key":"SMITH"}],"neow_cost":"NONE","seed_source_timestamp":192160263826055,"circlet_count":0,"master_deck":["Defend_G","Strike_G+1","Strike_G+1","Survivor+1","Neutralize+1","Grand Finale+1","Prepared","Finesse","Acrobatics+1","Grand Finale+1","Concentrate+1","Backflip","Prepared+1","Underhanded Strike","Unload","Predator+1","Eviscerate+1","Adrenaline+1","Purity"],"special_seed":0,"relics":["Ring of the Snake","Bag of Preparation","Old Coin","Singing Bowl","Kunai","Tough Bandages","Centennial Puzzle","Astrolabe","Incense Burner","Tiny Chest","Bronze Scales","Letter Opener","Lantern","Runic Pyramid","Ornamental Fan","Pantograph","Gremlin Horn","Prayer Wheel","Calipers"],"potions_floor_usage":[54,55],"damage_taken":[{"damage":0.0,"enemies":"Small Slimes","floor":1.0,"turns":4.0},{"damage":3.0,"enemies":"2 Louse","floor":4.0,"turns":3.0},{"damage":33.0,"enemies":"Gremlin Nob","floor":8.0,"turns":5.0},{"damage":0.0,"enemies":"Jaw Worm","floor":13.0,"turns":2.0},{"damage":7.0,"enemies":"3 Sentries","floor":14.0,"turns":4.0},{"damage":21.0,"enemies":"Slime Boss","floor":16.0,"turns":8.0},{"damage":0.0,"enemies":"Spheric Guardian","floor":18.0,"turns":2.0},{"damage":0,"enemies":"3 Byrds","floor":22,"turns":3},{"damage":14,"enemies":"Gremlin Leader","floor":24,"turns":5},{"damage":20,"enemies":"Slavers","floor":30,"turns":4},{"damage":0,"enemies":"Automaton","floor":33,"turns":4},{"damage":0,"enemies":"3 Shapes","floor":35,"turns":1},{"damage":0,"enemies":"Orb Walker","floor":36,"turns":3},{"damage":12,"enemies":"Spire Growth","floor":38,"turns":2},{"damage":13,"enemies":"Giant Head","floor":41,"turns":7},{"damage":3,"enemies":"4 Shapes","floor":42,"turns":4},{"damage":3,"enemies":"2 Orb Walkers","floor":46,"turns":2},{"damage":20,"enemies":"Transient","floor":47,"turns":5},{"damage":0,"enemies":"Spire Growth","floor":48,"turns":1},{"damage":0,"enemies":"Donu and Deca","floor":50,"turns":4},{"damage":11,"enemies":"Shield and Spear","floor":54,"turns":5},{"damage":82,"enemies":"The Heart","floor":55,"turns":7}],"seed_played":"2018843728703231807","potions_obtained":[{"floor":14.0,"key":"Energy Potion"},{"floor":16.0,"key":"GamblersBrew"},{"floor":30,"key":"GhostInAJar"}],"is_trial":false,"path_per_floor":["M","?","?","M","?","R","$","E","T","R","T","$","M","E","R","B",null,"M","?","?","?","M","R","E","?","T","T","R","$","E","$","R","B",null,"M","M","?","M","T","R","E","M","T","$","R","?","M","M","R","B",null,"R","$","E","B",null],"character_chosen":"THE_SILENT","items_purchased":["Well Laid Plans","Bag of Preparation","Prepared","Finesse","Tough Bandages","Underhanded Strike","Purity"],"campfire_rested":2,"item_purchase_floors":[7,7,12,12,12,29,53],"current_hp_per_floor":[63,63,49,46,46,46,46,13,13,34,34,34,34,29,29,10,58,58,44,44,44,44,44,32,32,32,32,56,56,38,38,38,38,72,72,74,74,62,62,62,51,50,50,50,50,49,33,35,35,60,88,88,88,79,17],"gold":109,"neow_bonus":"ONE_RANDOM_RARE_CARD","is_prod":false,"is_daily":false,"chose_seed":false,"campfire_upgraded":7,"win_rate":0,"timestamp":1559488556,"path_taken":["M","?","?","M","?","R","$","E","T","R","?","?","M","E","R","BOSS","M","?","?","?","M","R","E","?","T","?","R","$","E","$","R","BOSS","M","?","?","?","?","R","E","M","T","$","R","?","M","?","R","BOSS","R","$","E","BOSS"],"build_version":"2019-01-23","purchased_purges":4,"victory":true,"max_hp_per_floor":[70,70,70,70,70,70,70,70,70,70,70,70,70,72,72,74,74,74,79,79,79,79,79,81,81,81,81,81,81,83,83,83,83,83,83,85,85,85,85,85,87,89,89,89,89,91,95,97,97,97,97,97,97,99,99],"card_choices":[{"not_picked":["Deflect","Predator","Cloak And Dagger"],"picked":"SKIP","floor":1.0},{"not_picked":["Masterful Stab","Dagger Spray","Skewer"],"picked":"SKIP","floor":4.0},{"not_picked":["Dagger Spray","Infinite Blades","Slice"],"picked":"SKIP","floor":8.0},{"not_picked":["Underhanded Strike","Reflex"],"picked":"Acrobatics","floor":13.0},{"not_picked":["Poisoned Stab","Dagger Spray","Deflect"],"picked":"Singing Bowl","floor":14.0},{"not_picked":["Wraith Form v2","Grand Finale","A Thousand Cuts"],"picked":"Singing Bowl","floor":16.0},{"not_picked":["Crippling Poison+1","Outmaneuver"],"picked":"Backflip","floor":18.0},{"not_picked":["Deadly Poison+1","Cloak And Dagger"],"picked":"Prepared","floor":22},{"not_picked":["Poisoned Stab","Crippling Poison","Blade Dance+1"],"picked":"Singing Bowl","floor":24},{"not_picked":["Deadly Poison","Skewer+1","Blade Dance"],"picked":"Singing Bowl","floor":30},{"not_picked":["Doppelganger","Bullet Time"],"picked":"Unload","floor":33},{"not_picked":["Dagger Throw+1","Outmaneuver"],"picked":"Predator+1","floor":35},{"not_picked":["Quick Slash","Sucker Punch+1","Infinite Blades+1"],"picked":"Singing Bowl","floor":36},{"not_picked":["Masterful Stab+1","Bane+1"],"picked":"Eviscerate+1","floor":38},{"not_picked":["Heel Hook+1","Flechettes+1","Bane"],"picked":"Singing Bowl","floor":41},{"not_picked":["Infinite Blades+1","Flying Knee+1","Cloak And Dagger"],"picked":"Singing Bowl","floor":42},{"not_picked":["Backflip+1","Underhanded Strike+1","Blade Dance+1"],"picked":"Singing Bowl","floor":46},{"not_picked":["Burst","Expertise","Quick Slash+1"],"picked":"Singing Bowl","floor":47},{"not_picked":["Deflect","Dagger Throw+1","Outmaneuver+1"],"picked":"Singing Bowl","floor":47},{"not_picked":["Deadly Poison","Predator+1"],"picked":"Adrenaline","floor":48},{"not_picked":["Dagger Spray+1","Outmaneuver+1","Sucker Punch+1"],"picked":"Singing Bowl","floor":48},{"not_picked":["Dagger Spray","Outmaneuver+1","Blade Dance"],"picked":"Singing Bowl","floor":54}],"player_experience":111651,"relics_obtained":[{"floor":8.0,"key":"Old Coin"},{"floor":9.0,"key":"Singing Bowl"},{"floor":11.0,"key":"Kunai"},{"floor":14.0,"key":"Centennial Puzzle"},{"floor":24,"key":"Incense Burner"},{"floor":26,"key":"Bronze Scales"},{"floor":27,"key":"Letter Opener"},{"floor":30,"key":"Lantern"},{"floor":41,"key":"Pantograph"},{"floor":43,"key":"Gremlin Horn"},{"floor":46,"key":"Prayer Wheel"},{"floor":54,"key":"Calipers"}],"event_choices":[{"cards_removed":["Defend_G"],"damage_healed":0.0,"max_hp_gain":0.0,"max_hp_loss":0.0,"gold_gain":0.0,"event_name":"Living Wall","player_choice":"Forget","floor":2.0,"gold_loss":0.0,"damage_taken":0.0},{"damage_healed":0.0,"max_hp_gain":0.0,"max_hp_loss":0.0,"gold_gain":0.0,"event_name":"Shining Light","player_choice":"Entered Light","floor":3.0,"gold_loss":0.0,"damage_taken":14.0,"cards_upgraded":["Strike_G","Strike_G"]},{"damage_healed":0.0,"max_hp_gain":0.0,"max_hp_loss":0.0,"gold_gain":175.0,"event_name":"Liars Game","player_choice":"AGREE","floor":5.0,"gold_loss":0.0,"damage_taken":0.0,"cards_obtained":["Doubt"]},{"damage_healed":0.0,"max_hp_gain":5.0,"max_hp_loss":0.0,"gold_gain":0.0,"event_name":"Forgotten Altar","player_choice":"Shed Blood","floor":19.0,"gold_loss":0.0,"damage_taken":19.0},{"damage_healed":0.0,"max_hp_gain":0.0,"max_hp_loss":0.0,"gold_gain":99.0,"event_name":"Nest","player_choice":"Stole From Cult","floor":20.0,"gold_loss":0.0,"damage_taken":0.0},{"cards_removed":["Bouncing Flask"],"damage_healed":0,"gold_gain":0,"player_choice":"Elegance","damage_taken":0,"max_hp_gain":0,"max_hp_loss":0,"event_name":"Back to Basics","floor":21,"gold_loss":0},{"damage_healed":0,"gold_gain":0,"player_choice":"Obtained Relic","damage_taken":0,"relics_obtained":["Tiny Chest"],"max_hp_gain":0,"max_hp_loss":0,"event_name":"Addict","floor":25,"gold_loss":85},{"cards_removed":["Well Laid Plans"],"damage_healed":0,"gold_gain":0,"player_choice":"Gave Card","damage_taken":0,"relics_obtained":["Ornamental Fan"],"max_hp_gain":0,"max_hp_loss":0,"event_name":"WeMeetAgain","floor":37,"gold_loss":0},{"damage_healed":0,"gold_gain":0,"player_choice":"Fight","damage_taken":0,"max_hp_gain":0,"max_hp_loss":0,"event_name":"Mysterious Sphere","floor":46,"gold_loss":0}],"is_beta":false,"boss_relics":[{"not_picked":["Calling Bell","Busted Crown"],"picked":"Astrolabe"},{"not_picked":["Cursed Key","Empty Cage"],"picked":"Runic Pyramid"}],"items_purged_floors":[7,29,31,44],"is_endless":false,"potions_floor_spawned":[14,16,30,36,42,47],"ascension_level":6}