{"gold_per_floor":[112,131,148,164,180,180,198,198,198,231,243,243,243,66,66,162,162,175,115],"floor_reached":19,"playtime":1430,"items_purged":[],"score":221,"play_id":"a3a10e72-1709-43a0-9fb3-1e98f94bfff3","local_time":"20190430180816","is_ascension_mode":false,"campfire_choices":[{"data":"Venomology","floor":6,"key":"SMITH"},{"data":"Finisher","floor":8,"key":"SMITH"},{"floor":12,"key":"REST"},{"data":"Mayhem","floor":15,"key":"SMITH"}],"neow_cost":"NONE","seed_source_timestamp":1029335976662106,"circlet_count":0,"master_deck":["Survivor","Neutralize+1","Dagger Spray","Finisher+1","Backflip","Venomology+1","Flying Knee","Flying Knee","Envenom","Calculated Gamble","Mayhem+1","Corpse Explosion","Footwork","Caltrops","Backflip","Dagger Throw","Poisoned Stab","All Out Attack","Bane","Concentrate","Concentrate","Heel Hook+1"],"relics":["Ring of the Snake","Calipers","Bronze Scales","Pandora\u0027s Box"],"potions_floor_usage":[5,5,7,16,16,16],"damage_taken":[{"damage":0,"enemies":"2 Louse","floor":1,"turns":3},{"damage":0,"enemies":"Small Slimes","floor":2,"turns":2},{"damage":0,"enemies":"Jaw Worm","floor":3,"turns":3},{"damage":0,"enemies":"Looter","floor":4,"turns":3},{"damage":12,"enemies":"Large Slime","floor":5,"turns":8},{"damage":0,"enemies":"2 Fungi Beasts","floor":7,"turns":2},{"damage":13,"enemies":"Lagavulin","floor":10,"turns":6},{"damage":2,"enemies":"Blue Slaver","floor":11,"turns":3},{"damage":0,"enemies":"Slime Boss","floor":16,"turns":11},{"damage":20,"enemies":"Spheric Guardian","floor":18,"turns":3},{"damage":18,"enemies":"2 Thieves","floor":19,"turns":3}],"seed_played":"6933977560067339329","potions_obtained":[{"floor":3,"key":"FearPotion"},{"floor":4,"key":"SkillPotion"},{"floor":11,"key":"Regen Potion"},{"floor":16,"key":"FairyPotion"}],"is_trial":false,"path_per_floor":["?"],"character_chosen":"THE_SILENT","items_purchased":["Mayhem"],"campfire_rested":1,"item_purchase_floors":[14],"current_hp_per_floor":[70,70,70,70,58,58,58,58,58,45,43,64,64,64,64,64,70,50,32],"gold":115,"neow_bonus":"UPGRADE_CARD","is_prod":false,"is_daily":false,"chose_seed":false,"campfire_upgraded":3,"win_rate":0,"timestamp":1556662096,"path_taken":["M","M","M","M","M","R","M","R","T","E","M","R","?","$","R","BOSS","M","M"],"build_version":"2019-01-23","purchased_purges":0,"victory":false,"max_hp_per_floor":[70,70,70,70,70,70,70,70,70,70,70,70,70,70,70,70,70,70,70],"card_choices":[{"not_picked":["Sucker Punch","Distraction"],"picked":"Dagger Spray","floor":1},{"not_picked":["Bane","Deflect"],"picked":"Finisher","floor":2},{"not_picked":["Dagger Throw","Outmaneuver"],"picked":"Backflip","floor":3},{"not_picked":["Finisher","Backflip"],"picked":"Venomology","floor":4},{"not_picked":["Quick Slash","Skewer"],"picked":"Flying Knee","floor":5},{"not_picked":["Sucker Punch","Bane"],"picked":"Flying Knee","floor":7},{"not_picked":["Predator","Tactician"],"picked":"Envenom","floor":10},{"not_picked":["Deflect","Concentrate","All Out Attack"],"picked":"SKIP","floor":11},{"not_picked":["Unload","Burst"],"picked":"Corpse Explosion","floor":16},{"not_picked":["Quick Slash","Poisoned Stab"],"picked":"Heel Hook+1","floor":18}],"player_experience":438692,"relics_obtained":[{"floor":9,"key":"Calipers"},{"floor":10,"key":"Bronze Scales"}],"event_choices":[{"damage_healed":0,"gold_gain":0,"cards_transformed":["Strike_G"],"player_choice":"Change","damage_taken":0,"max_hp_gain":0,"max_hp_loss":0,"event_name":"Living Wall","floor":13,"gold_loss":0,"cards_obtained":["Calculated Gamble"]}],"is_beta":false,"boss_relics":[{"not_picked":["Runic Dome","Black Star"],"picked":"Pandora\u0027s Box"}],"items_purged_floors":[],"is_endless":false,"potions_floor_spawned":[3,4,11,16],"killed_by":"2 Thieves","ascension_level":0}