{"gold_per_floor":[119,133,144,155,155,155,167,179,206,34,52,52,71,37,37,135,135,149,74,92,107,124,124,124,124,176,192,192],"floor_reached":28,"playtime":1754,"items_purged":[],"score":216,"play_id":"873ef496-e9f6-4080-911f-0b2d1a065d1b","local_time":"20190426174912","is_ascension_mode":false,"campfire_choices":[{"data":"Redo","floor":6.0,"key":"SMITH"},{"data":"Chaos","floor":12.0,"key":"SMITH"},{"data":"Chrysalis","floor":15.0,"key":"SMITH"},{"floor":23.0,"key":"REST"},{"floor":25.0,"key":"REST"}],"neow_cost":"NONE","seed_source_timestamp":0,"circlet_count":0,"master_deck":["Zap","Dualcast","Hologram","Ball Lightning","Melter","Redo+1","Chaos+1","Conserve Battery","Chrysalis+1","Conserve Battery","Steam Power","Defragment","Machine Learning","Echo Form","Fission","Echo Form","Hologram","Hyperbeam","Hello World","Fusion","Leap+1","Cold Snap","Force Field","Coolheaded+1","Auto Shields"],"special_seed":0,"relics":["Cracked Core","Anchor","Pandora\u0027s Box","Dream Catcher"],"potions_floor_usage":[],"damage_taken":[{"damage":5.0,"enemies":"Small Slimes","floor":1.0,"turns":3.0},{"damage":1.0,"enemies":"Cultist","floor":2.0,"turns":3.0},{"damage":0.0,"enemies":"2 Louse","floor":3.0,"turns":3.0},{"damage":4.0,"enemies":"Blue Slaver","floor":4.0,"turns":3.0},{"damage":11.0,"enemies":"Exordium Wildlife","floor":7.0,"turns":3.0},{"damage":7.0,"enemies":"3 Louse","floor":8.0,"turns":3.0},{"damage":5.0,"enemies":"2 Fungi Beasts","floor":11.0,"turns":3.0},{"damage":0.0,"enemies":"Blue Slaver","floor":13.0,"turns":3.0},{"damage":24.0,"enemies":"Hexaghost","floor":16.0,"turns":9.0},{"damage":5.0,"enemies":"3 Byrds","floor":18.0,"turns":4.0},{"damage":27.0,"enemies":"Chosen","floor":20.0,"turns":5.0},{"damage":29.0,"enemies":"Centurion and Healer","floor":21.0,"turns":5.0},{"damage":3.0,"enemies":"Snake Plant","floor":22.0,"turns":5.0},{"damage":29.0,"enemies":"Shelled Parasite and Fungi","floor":27.0,"turns":7.0},{"damage":0,"enemies":"Centurion and Healer","floor":28,"turns":2}],"seed_played":"596880609729367924","potions_obtained":[{"floor":1.0,"key":"Swift Potion"},{"floor":3.0,"key":"Regen Potion"},{"floor":8.0,"key":"FairyPotion"},{"floor":18.0,"key":"PowerPotion"},{"floor":20.0,"key":"Dexterity Potion"},{"floor":22.0,"key":"SpeedPotion"}],"is_trial":false,"path_per_floor":["?","$","?","?"],"character_chosen":"DEFECT","items_purchased":["Chrysalis","Defragment"],"campfire_rested":2,"item_purchase_floors":[10,14],"current_hp_per_floor":[70,69,69,65,75,75,64,57,57,57,52,52,52,52,52,43,75,70,70,43,14,11,33,33,55,55,26,26],"gold":192,"neow_bonus":"RANDOM_COLORLESS","is_prod":false,"is_daily":false,"chose_seed":false,"campfire_upgraded":3,"win_rate":0,"timestamp":1556315352,"path_taken":["M","M","M","M","?","R","M","M","T","$","M","R","M","?","R","BOSS","M","?","M","M","M","R","?","R","T","M","M"],"build_version":"2019-01-23","purchased_purges":0,"victory":false,"max_hp_per_floor":[75,75,75,75,75,75,75,75,75,75,75,75,75,75,75,75,75,75,75,75,75,75,75,75,75,75,75,75],"card_choices":[{"not_picked":["Steam","Barrage"],"picked":"Hologram","floor":1.0},{"not_picked":["Barrage","Streamline"],"picked":"Ball Lightning","floor":2.0},{"not_picked":["Reprogram","Steam"],"picked":"Melter","floor":3.0},{"not_picked":["Force Field","Leap"],"picked":"Redo","floor":4.0},{"not_picked":["Leap","All For One"],"picked":"Chaos","floor":7.0},{"not_picked":["Coolheaded","Recycle"],"picked":"Conserve Battery","floor":8.0},{"not_picked":["Genetic Algorithm","Rebound"],"picked":"Conserve Battery","floor":11.0},{"not_picked":["BootSequence","Sweeping Beam"],"picked":"Steam Power","floor":13.0},{"not_picked":["Biased Cognition","Hyperbeam"],"picked":"Machine Learning","floor":16.0},{"not_picked":["Coolheaded","Streamline"],"picked":"Leap+1","floor":18.0},{"not_picked":["FTL","Stack"],"picked":"Cold Snap","floor":20.0},{"not_picked":["Genetic Algorithm+1","Heatsinks"],"picked":"Force Field","floor":21.0},{"not_picked":["Skim","Steam"],"picked":"Coolheaded+1","floor":22.0},{"not_picked":["Rebound","Fusion"],"picked":"Auto Shields","floor":27.0}],"player_experience":407734,"relics_obtained":[{"floor":9.0,"key":"Anchor"},{"floor":26.0,"key":"Dream Catcher"}],"event_choices":[{"cards_removed":["Deep Breath"],"damage_healed":10.0,"max_hp_gain":0.0,"max_hp_loss":0.0,"gold_gain":0.0,"event_name":"Bonfire Elementals","player_choice":"Offered Uncommon","floor":5.0,"gold_loss":0.0,"damage_taken":0.0},{"cards_removed":["Gash"],"damage_healed":0.0,"max_hp_gain":0.0,"max_hp_loss":0.0,"gold_gain":0.0,"event_name":"Beggar","player_choice":"Gave Gold","floor":19.0,"gold_loss":75.0,"damage_taken":0.0},{"damage_healed":0.0,"max_hp_gain":0.0,"max_hp_loss":0.0,"gold_gain":0.0,"event_name":"Vampires","player_choice":"Ignored","floor":24.0,"gold_loss":0.0,"damage_taken":0.0}],"is_beta":false,"boss_relics":[{"not_picked":["Snecko Eye","Lizard Tail"],"picked":"Pandora\u0027s Box"}],"items_purged_floors":[],"is_endless":false,"potions_floor_spawned":[1,3,8,18,20,22],"killed_by":"Centurion and Healer","ascension_level":0}