{"gold_per_floor":[117,135,135,145,157,157,191,191,267,267,294,311,311,326,326,326],"floor_reached":16,"playtime":335,"items_purged":[],"score":267,"play_id":"d985e299-ecea-4641-ae45-34e7e9c3d7a3","local_time":"20190406001545","is_ascension_mode":true,"campfire_choices":[{"data":"Body Slam","floor":6,"key":"SMITH"},{"data":"Uppercut","floor":8,"key":"SMITH"},{"data":"Inflame","floor":10,"key":"SMITH"},{"data":"Sword Boomerang","floor":15,"key":"SMITH"}],"neow_cost":"NONE","seed_source_timestamp":0,"circlet_count":0,"master_deck":["AscendersBane","Strike_R","Strike_R","Strike_R","Defend_R","Defend_R","Defend_R","Defend_R","Bash","Finesse","Body Slam+1","Uppercut+1","Inflame+1","Anger","Iron Wave","Bludgeon","Sword Boomerang+1","Whirlwind"],"special_seed":0,"relics":["Burning Blood","Incense Burner","Strawberry"],"potions_floor_usage":[16],"damage_taken":[{"damage":6,"enemies":"Jaw Worm","floor":1,"turns":4},{"damage":8,"enemies":"Small Slimes","floor":2,"turns":3},{"damage":8,"enemies":"2 Louse","floor":4,"turns":4},{"damage":19,"enemies":"Looter","floor":5,"turns":3},{"damage":26,"enemies":"Gremlin Nob","floor":7,"turns":4},{"damage":20,"enemies":"Lagavulin","floor":11,"turns":5},{"damage":0,"enemies":"2 Fungi Beasts","floor":12,"turns":2},{"damage":16,"enemies":"3 Louse","floor":14,"turns":3},{"damage":19,"enemies":"The Guardian","floor":16,"turns":5}],"seed_played":"-7231983294395897186","potions_obtained":[{"floor":2,"key":"SneckoOil"},{"floor":7,"key":"Swift Potion"}],"is_trial":false,"path_per_floor":["M","M","?","M","M","R","E","R","T","R","E","M","?","M","R","B"],"character_chosen":"IRONCLAD","items_purchased":[],"campfire_rested":0,"item_purchase_floors":[],"current_hp_per_floor":[72,70,70,68,55,55,35,35,35,35,28,34,27,17,17,0],"gold":326,"neow_bonus":"RANDOM_COLORLESS","is_prod":false,"is_daily":false,"chose_seed":false,"campfire_upgraded":4,"win_rate":0,"timestamp":1554477345,"path_taken":["M","M","?","M","M","R","E","R","T","R","E","M","?","M","R","BOSS"],"build_version":"2019-01-23","purchased_purges":0,"victory":false,"max_hp_per_floor":[80,80,80,80,80,80,80,80,80,80,87,87,87,87,87,87],"card_choices":[{"not_picked":["Headbutt","Perfected Strike"],"picked":"Body Slam","floor":1},{"not_picked":["Flex","Shrug It Off"],"picked":"Uppercut","floor":2},{"not_picked":["Wild Strike","Body Slam","Clash"],"picked":"SKIP","floor":4},{"not_picked":["Corruption","Reckless Charge"],"picked":"Anger","floor":5},{"not_picked":["Sentinel","Clothesline"],"picked":"Iron Wave","floor":7},{"not_picked":["Anger","Dropkick"],"picked":"Bludgeon","floor":11},{"not_picked":["Body Slam","Havoc"],"picked":"Sword Boomerang","floor":12},{"not_picked":["Headbutt","Clash"],"picked":"Whirlwind","floor":14}],"player_experience":420824,"relics_obtained":[{"floor":7,"key":"Incense Burner"},{"floor":11,"key":"Strawberry"}],"event_choices":[{"damage_healed":0,"gold_gain":0,"cards_transformed":["Strike_R"],"player_choice":"Change","damage_taken":0,"max_hp_gain":0,"max_hp_loss":0,"event_name":"Living Wall","floor":3,"gold_loss":0,"cards_obtained":["Inflame"]},{"cards_removed":["Strike_R"],"damage_healed":0,"gold_gain":0,"player_choice":"Card Removal","damage_taken":7,"max_hp_gain":0,"max_hp_loss":0,"event_name":"Golden Wing","floor":13,"gold_loss":0}],"is_beta":false,"boss_relics":[],"items_purged_floors":[],"is_endless":false,"potions_floor_spawned":[2,7,12,14],"killed_by":"The Guardian","ascension_level":13}