{"path_per_floor":["M","?","$","?","?","E","M","M","T","M","R","M","E","M","R","B",null,"M","?","?","$","M","R","M","R","T"],"character_chosen":"THE_SILENT","items_purchased":["Footwork","Deadly Poison"],"gold_per_floor":[110,110,35,35,35,75,98,113,113,131,131,144,184,197,197,320,320,245,245,245,44,60,60,83,83,107],"floor_reached":27,"campfire_rested":2,"playtime":3179,"current_hp_per_floor":[33,21,21,44,44,10,10,10,10,12,31,33,31,31,50,38,65,59,59,59,59,56,56,61,61,61],"items_purged":["Strike_G","Defend_G"],"gold":107,"play_id":"d668fea7-8fae-4e69-b023-0c29a0272a2b","is_prod":false,"is_daily":false,"is_ascension_mode":false,"campfire_upgraded":2,"path_taken":["M","?","$","?","?","E","M","M","T","M","R","M","E","M","R","BOSS","M","?","?","$","M","R","M","R","T","E"],"build_version":"2018-02-01-PROD3","purchased_purges":2,"victory":false,"master_deck":["Defend_G","Defend_G","Defend_G","Strike_G","Strike_G+1","Strike_G","Strike_G","Survivor","Neutralize+1","Envenom+1","Heel Hook","Dodge and Roll","Leg Sweep","Blur","Escape Plan","Dodge and Roll","Backstab","Backflip","Tools of the Trade+1","Noxious Fumes","Footwork","Deadly Poison"],"max_hp_per_floor":[70,70,70,70,65,65,65,65,65,65,65,65,65,65,65,65,65,65,65,65,65,65,65,65,65,65],"relics":["Ring of the Snake","Bag of Preparation","Golden Idol","Whetstone","Bird Faced Urn","Bottled Lightning","Question Card","Lantern"],"card_choices":[{"not_picked":["Burst","Wraith Form"],"picked":"Envenom"},{"not_picked":["Flying Knee","Outmaneuver"],"picked":"Heel Hook"},{"not_picked":["Deadly Poison","Terror"],"picked":"Dodge and Roll"},{"not_picked":["Bane","Poisoned Stab"],"picked":"Leg Sweep"},{"not_picked":["Slice","Acrobatics"],"picked":"Blur"},{"not_picked":["Bane","All Out Attack"],"picked":"Escape Plan"},{"not_picked":["Outmaneuver","Bouncing Flask"],"picked":"Dodge and Roll"},{"not_picked":["Finisher","Phantasmal Killer"],"picked":"Backstab"},{"not_picked":["Dagger Throw","Dodge and Roll"],"picked":"Backflip"},{"not_picked":["Venomology","Phantasmal Killer"],"picked":"Tools of the Trade"},{"not_picked":["Flying Knee","Backflip","All Out Attack"],"picked":"Noxious Fumes"}],"player_experience":27682,"potions_floor_usage":[13,16],"damage_taken":[{"damage":2,"enemies":"2 Louse","floor":1,"turns":3},{"damage":34,"enemies":"3 Sentries","floor":6,"turns":19},{"damage":0,"enemies":"Cultist","floor":7,"turns":4},{"damage":0,"enemies":"Blue Slaver","floor":8,"turns":5},{"damage":0,"enemies":"Exordium Wildlife","floor":10,"turns":7},{"damage":0,"enemies":"Large Slime","floor":12,"turns":15},{"damage":4,"enemies":"Lagavulin","floor":13,"turns":10},{"damage":0,"enemies":"2 Fungi Beasts","floor":14,"turns":4},{"damage":14,"enemies":"The Guardian","floor":16,"turns":23},{"damage":8,"enemies":"2 Thieves","floor":18,"turns":5},{"damage":11,"enemies":"Chosen","floor":22,"turns":8},{"damage":3,"enemies":"Centurion and Healer","floor":24,"turns":11},{"damage":66,"enemies":"Gremlin Leader","floor":27,"turns":9}],"event_choices":[{"event_name":"Scrap Ooze","player_choice":"success","floor":2,"damage_taken":12},{"event_name":"Big Fish","player_choice":"Banana","floor":4,"damage_taken":0},{"event_name":"Golden Idol","player_choice":"Lose Max HP","floor":5,"damage_taken":0},{"event_name":"Back to Basics","player_choice":"Elegance","floor":19,"damage_taken":0},{"event_name":"Match and Keep!","player_choice":"0 cards matched","floor":20,"damage_taken":0}],"boss_relics":[{"not_picked":["Eternal Feather","Velvet Choker"],"picked":"Question Card"}],"potions_floor_spawned":[7,10,13,14],"seed_played":"5425533614787797196","killed_by":"Gremlin Leader","ascension_level":0,"is_trial":false}