{"gold_per_floor":[116,128,128,141,141,181,204,204,204,220,220,220,245,283,283,376,376,401,401,420,545,558,558,601,601,625,641,677,695,695,24,24,122,122,137,137,157,222,238,273,285,297,363,109,148,161,161,205,205,205],"floor_reached":51,"playtime":1767,"items_purged":["Regret","Pain"],"score":1481,"play_id":"4e8efbee-df5a-4bdd-ad07-f05417a45968","local_time":"20190422235258","is_ascension_mode":true,"campfire_choices":[{"data":"Whirlwind","floor":8.0,"key":"SMITH"},{"data":"Bludgeon","floor":11.0,"key":"SMITH"},{"data":"Immolate","floor":15.0,"key":"SMITH"},{"data":"True Grit","floor":23.0,"key":"SMITH"},{"data":"Shockwave","floor":25.0,"key":"SMITH"},{"data":"Offering","floor":30.0,"key":"SMITH"},{"data":"Inflame","floor":32.0,"key":"SMITH"},{"floor":41,"key":"REST"},{"data":"Pommel Strike","floor":49,"key":"SMITH"}],"neow_cost":"NONE","seed_source_timestamp":0,"circlet_count":0,"master_deck":["AscendersBane","Strike_R+1","Strike_R+1","Strike_R+1","Defend_R+1","Defend_R+1","Defend_R+1","Defend_R+1","Bash","Burning Pact","Cleave","Pommel Strike+1","Whirlwind+1","Reaper","Bludgeon+1","Immolate+1","Headbutt","Offering+1","Shockwave+1","True Grit+1","Shrug It Off+1","Ghostly Armor+1","Inflame+1","Impervious","Flame Barrier","Spot Weakness","Offering","Shrug It Off","Madness","Dark Shackles","Seeing Red"],"special_seed":0,"relics":["Burning Blood","Golden Idol","Meat on the Bone","Mercury Hourglass","Pear","Cursed Key","Gambling Chip","Kunai","Bottled Flame","War Paint","Singing Bowl","Ice Cream","Lantern","Sozu","FossilizedHelix","MawBank","Blue Candle","Turnip"],"potions_floor_usage":[],"damage_taken":[{"damage":1.0,"enemies":"Cultist","floor":1.0,"turns":3.0},{"damage":5.0,"enemies":"2 Louse","floor":2.0,"turns":3.0},{"damage":12.0,"enemies":"Jaw Worm","floor":4.0,"turns":3.0},{"damage":40.0,"enemies":"Gremlin Nob","floor":6.0,"turns":5.0},{"damage":32.0,"enemies":"Blue Slaver","floor":7.0,"turns":5.0},{"damage":0.0,"enemies":"3 Louse","floor":10.0,"turns":1.0},{"damage":2.0,"enemies":"Gremlin Gang","floor":13.0,"turns":2.0},{"damage":30.0,"enemies":"Lagavulin","floor":14.0,"turns":6.0},{"damage":24.0,"enemies":"Slime Boss","floor":16.0,"turns":7.0},{"damage":0.0,"enemies":"3 Byrds","floor":18.0,"turns":2.0},{"damage":38.0,"enemies":"2 Thieves","floor":20.0,"turns":3.0},{"damage":6.0,"enemies":"Colosseum Slavers","floor":21.0,"turns":1.0},{"damage":23.0,"enemies":"Colosseum Nobs","floor":21.0,"turns":3.0},{"damage":6.0,"enemies":"Shelled Parasite and Fungi","floor":22.0,"turns":1.0},{"damage":16.0,"enemies":"Gremlin Leader","floor":24.0,"turns":4.0},{"damage":24.0,"enemies":"Chosen and Byrds","floor":27.0,"turns":4.0},{"damage":21.0,"enemies":"Slavers","floor":28.0,"turns":4.0},{"damage":0.0,"enemies":"Snake Plant","floor":29.0,"turns":2.0},{"damage":61.0,"enemies":"Champ","floor":33.0,"turns":13.0},{"damage":6.0,"enemies":"Orb Walker","floor":35.0,"turns":2.0},{"damage":0.0,"enemies":"3 Shapes","floor":37.0,"turns":2.0},{"damage":19.0,"enemies":"2 Orb Walkers","floor":38.0,"turns":3.0},{"damage":0.0,"enemies":"3 Darklings","floor":39.0,"turns":1.0},{"damage":62,"enemies":"Giant Head","floor":40,"turns":9},{"damage":46,"enemies":"Nemesis","floor":45,"turns":9},{"damage":9,"enemies":"Spire Growth","floor":46,"turns":5},{"damage":0,"enemies":"Reptomancer","floor":48,"turns":4},{"damage":43,"enemies":"Awakened One","floor":50,"turns":20}],"seed_played":"-8404599341240609555","potions_obtained":[{"floor":2.0,"key":"BloodPotion"},{"floor":4.0,"key":"Regen Potion"},{"floor":7.0,"key":"Energy Potion"},{"floor":22.0,"key":"Dexterity Potion"}],"is_trial":false,"path_per_floor":["M","M","?","M","?","E","M","R","T","M","R","?","M","E","R","B",null,"M","?","M","?","M","R","E","R","T","M","E","M","R","$","R","B",null,"M","?","M","?","M","E","R","?","T","$","E","M","?","E","R","B",null],"character_chosen":"IRONCLAD","items_purchased":["Ice Cream","Inflame","Lantern","Offering"],"campfire_rested":1,"item_purchase_floors":[31,31,31,44],"current_hp_per_floor":[73,74,74,68,68,34,30,30,30,48,48,48,52,50,50,44,70,76,76,56,51,51,51,55,55,55,53,58,66,66,66,66,30,69,71,71,77,85,88,54,80,80,80,80,62,68,58,64,64,51],"gold":205,"neow_bonus":"TRANSFORM_CARD","is_prod":false,"is_daily":false,"chose_seed":false,"campfire_upgraded":8,"win_rate":0,"timestamp":1555944778,"path_taken":["M","M","?","M","?","E","M","R","T","M","R","?","M","E","R","BOSS","M","?","M","?","M","R","E","R","T","M","E","M","R","$","R","BOSS","M","?","?","?","M","E","R","?","T","$","E","M","?","E","R","BOSS"],"build_version":"2019-01-23","purchased_purges":2,"victory":true,"max_hp_per_floor":[75,75,75,75,68,68,68,68,68,68,68,68,68,78,78,78,78,78,78,78,78,78,78,78,78,78,78,80,82,82,82,82,82,82,84,84,84,86,88,88,88,88,88,88,88,90,90,90,90,90],"card_choices":[{"not_picked":["Warcry","Blood for Blood"],"picked":"Cleave","floor":1.0},{"not_picked":["Infernal Blade","Havoc"],"picked":"Pommel Strike","floor":2.0},{"not_picked":["True Grit","Heavy Blade"],"picked":"Whirlwind","floor":4.0},{"not_picked":["Clash","Disarm"],"picked":"Reaper","floor":6.0},{"not_picked":["Cleave","Twin Strike","Headbutt"],"picked":"SKIP","floor":7.0},{"not_picked":["Feel No Pain","Cleave"],"picked":"Bludgeon","floor":10.0},{"not_picked":["Warcry","Entrench","Havoc"],"picked":"SKIP","floor":13.0},{"not_picked":["Reckless Charge","Carnage"],"picked":"Headbutt","floor":14.0},{"not_picked":["Brutality","Reaper"],"picked":"Offering","floor":16.0},{"not_picked":["Dropkick","Clash"],"picked":"Shockwave","floor":18.0},{"not_picked":["Perfected Strike","Sever Soul"],"picked":"True Grit","floor":20.0},{"not_picked":["Whirlwind","Body Slam"],"picked":"Shrug It Off","floor":21.0},{"not_picked":["Bloodletting","Uppercut"],"picked":"Ghostly Armor","floor":22.0},{"not_picked":["Brutality","Burning Pact","Anger"],"picked":"SKIP","floor":24.0},{"not_picked":["Seeing Red","Bloodletting","Warcry"],"picked":"SKIP","floor":27.0},{"not_picked":["Thunderclap","True Grit","Entrench"],"picked":"Singing Bowl","floor":28.0},{"not_picked":["Iron Wave","Headbutt","Cleave"],"picked":"Singing Bowl","floor":29.0},{"not_picked":["Feed","Reaper"],"picked":"Impervious","floor":33.0},{"not_picked":["Combust","Wild Strike","True Grit"],"picked":"Singing Bowl","floor":35.0},{"not_picked":["Burning Pact","Shrug It Off"],"picked":"Flame Barrier","floor":37.0},{"not_picked":["Flex","Iron Wave","Clothesline+1"],"picked":"Singing Bowl","floor":38.0},{"not_picked":["Twin Strike","Iron Wave+1","Power Through+1"],"picked":"Singing Bowl","floor":39.0},{"not_picked":["Shrug It Off","Clothesline"],"picked":"Spot Weakness","floor":40},{"not_picked":["Iron Wave+1","Metallicize"],"picked":"Shrug It Off","floor":45},{"not_picked":["Feel No Pain","Armaments","Wild Strike"],"picked":"Singing Bowl","floor":46},{"not_picked":["Impatience","PanicButton"],"picked":"Madness","floor":47},{"not_picked":["Chrysalis","Impatience"],"picked":"Dark Shackles","floor":47},{"not_picked":["Cleave","Carnage"],"picked":"Seeing Red","floor":48}],"player_experience":455227,"relics_obtained":[{"floor":6.0,"key":"Meat on the Bone"},{"floor":9.0,"key":"Mercury Hourglass"},{"floor":14.0,"key":"Pear"},{"floor":21.0,"key":"Gambling Chip"},{"floor":21.0,"key":"Kunai"},{"floor":24.0,"key":"Bottled Flame"},{"floor":26.0,"key":"War Paint"},{"floor":28.0,"key":"Singing Bowl"},{"floor":38.0,"key":"FossilizedHelix"},{"floor":40,"key":"MawBank"},{"floor":45,"key":"Blue Candle"},{"floor":48,"key":"Turnip"}],"event_choices":[{"damage_healed":0.0,"max_hp_gain":0.0,"max_hp_loss":0.0,"gold_gain":0.0,"event_name":"Liars Game","player_choice":"Ignored","floor":3.0,"gold_loss":0.0,"damage_taken":0.0},{"damage_healed":0.0,"max_hp_gain":0.0,"max_hp_loss":7.0,"gold_gain":0.0,"event_name":"Golden Idol","player_choice":"Lose Max HP","floor":5.0,"gold_loss":0.0,"damage_taken":0.0,"relics_obtained":["Golden Idol"]},{"damage_healed":0.0,"max_hp_gain":0.0,"max_hp_loss":0.0,"gold_gain":0.0,"cards_transformed":["Strike_R"],"event_name":"Living Wall","player_choice":"Change","floor":12.0,"gold_loss":0.0,"damage_taken":0.0,"cards_obtained":["Immolate"]},{"damage_healed":0.0,"max_hp_gain":0.0,"max_hp_loss":0.0,"gold_gain":0.0,"event_name":"Back to Basics","player_choice":"Simplicity","floor":19.0,"gold_loss":0.0,"damage_taken":0.0,"cards_upgraded":["Strike_R","Strike_R","Strike_R","Defend_R","Defend_R","Defend_R","Defend_R"]},{"damage_healed":0.0,"max_hp_gain":0.0,"max_hp_loss":0.0,"gold_gain":0.0,"event_name":"Colosseum","player_choice":"Fight","floor":21.0,"gold_loss":0.0,"damage_taken":0.0},{"damage_healed":0.0,"max_hp_gain":0.0,"max_hp_loss":0.0,"gold_gain":0.0,"event_name":"Colosseum","player_choice":"Fought Nobs","floor":21.0,"gold_loss":0.0,"damage_taken":0.0},{"damage_healed":0.0,"max_hp_gain":0.0,"max_hp_loss":0.0,"gold_gain":0.0,"event_name":"Lab","player_choice":"Got Potions","floor":36.0,"gold_loss":0.0,"damage_taken":0.0},{"damage_healed":0.0,"max_hp_gain":0.0,"max_hp_loss":0.0,"gold_gain":0.0,"event_name":"Mysterious Sphere","player_choice":"Fight","floor":38.0,"gold_loss":0.0,"damage_taken":0.0},{"damage_healed":0,"gold_gain":0,"player_choice":"Ignored","damage_taken":0,"max_hp_gain":0,"max_hp_loss":0,"event_name":"Tomb of Lord Red Mask","floor":42,"gold_loss":0},{"damage_healed":0,"gold_gain":0,"player_choice":"Memory 3","damage_taken":10,"max_hp_gain":0,"max_hp_loss":0,"event_name":"SensoryStone","floor":47,"gold_loss":0}],"is_beta":false,"boss_relics":[{"not_picked":["Ectoplasm","Coffee Dripper"],"picked":"Cursed Key"},{"not_picked":["White Beast Statue","Orrery"],"picked":"Sozu"}],"items_purged_floors":[31,44],"is_endless":false,"potions_floor_spawned":[2,4,7,14,21,22,24,28,35,38,39,46],"ascension_level":17}