{"gold_per_floor":[116,41,52,65,80,105,121,139,139,139],"floor_reached":10,"playtime":2917,"items_purged":["Strike_B"],"score":72,"play_id":"d0590b77-b15f-440b-8a9d-326623a8ff5d","local_time":"20190512001347","is_ascension_mode":false,"campfire_choices":[],"neow_cost":"NONE","seed_source_timestamp":197867071568397,"circlet_count":0,"master_deck":["Strike_B","Strike_B","Strike_B","Defend_B","Defend_B","Defend_B","Defend_B+1","Zap","Dualcast+1","Thunder Strike","Tempest","Genetic Algorithm"],"special_seed":0,"relics":["Cracked Core","War Paint","Molten Egg 2"],"potions_floor_usage":[8],"damage_taken":[{"damage":1.0,"enemies":"Cultist","floor":1.0,"turns":3.0},{"damage":1.0,"enemies":"Jaw Worm","floor":3.0,"turns":4.0},{"damage":1.0,"enemies":"2 Louse","floor":4.0,"turns":2.0},{"damage":3.0,"enemies":"2 Fungi Beasts","floor":5.0,"turns":4.0},{"damage":34.0,"enemies":"Gremlin Nob","floor":6.0,"turns":5.0},{"damage":20.0,"enemies":"Gremlin Gang","floor":7.0,"turns":4.0},{"damage":8,"enemies":"3 Louse","floor":8,"turns":2},{"damage":25,"enemies":"Lagavulin","floor":10,"turns":3}],"seed_played":"3036315182051776265","potions_obtained":[{"floor":4.0,"key":"Dexterity Potion"},{"floor":6.0,"key":"LiquidBronze"}],"is_trial":false,"path_per_floor":["M","$","M","M","M","E","M","M","T","E"],"character_chosen":"DEFECT","items_purchased":[],"campfire_rested":0,"item_purchase_floors":[],"current_hp_per_floor":[81,81,80,79,76,42,22,14,14,0],"gold":139,"neow_bonus":"TEN_PERCENT_HP_BONUS","is_prod":false,"is_daily":false,"chose_seed":false,"campfire_upgraded":0,"win_rate":0.0,"timestamp":1557600227,"path_taken":["M","$","M","M","?","E","M","M","T","E"],"build_version":"2019-01-23","purchased_purges":1,"victory":false,"max_hp_per_floor":[82,82,82,82,82,82,82,82,82,82],"card_choices":[{"not_picked":["Go for the Eyes","Stack","Leap"],"picked":"SKIP","floor":1.0},{"not_picked":["Cold Snap","Aggregate","Leap"],"picked":"SKIP","floor":3.0},{"not_picked":["Doom and Gloom","Compile Driver","Stack"],"picked":"SKIP","floor":4.0},{"not_picked":["Stack","Beam Cell","Doom and Gloom"],"picked":"SKIP","floor":5.0},{"not_picked":["Compile Driver","Scrape"],"picked":"Thunder Strike","floor":6.0},{"not_picked":["Consume","Conserve Battery"],"picked":"Tempest","floor":7.0},{"not_picked":["Go for the Eyes","Beam Cell"],"picked":"Genetic Algorithm","floor":8}],"player_experience":144278,"relics_obtained":[{"floor":6.0,"key":"War Paint"},{"floor":9,"key":"Molten Egg 2"}],"event_choices":[],"is_beta":false,"boss_relics":[],"items_purged_floors":[2],"is_endless":false,"potions_floor_spawned":[4,6],"killed_by":"Lagavulin","ascension_level":0}