{"gold_per_floor":[116,291,302,317,329,329,329,185,185,185,208,208,224,240,240,360,360,360],"floor_reached":18,"playtime":1540,"items_purged":["Doubt"],"score":154,"play_id":"88234424-4ee1-42fa-adff-ccb45fd0762a","local_time":"20190504092607","is_ascension_mode":false,"campfire_choices":[{"data":"Consume","floor":6,"key":"SMITH"},{"floor":12,"key":"DIG"},{"floor":15,"key":"DIG"}],"neow_cost":"NONE","seed_source_timestamp":139686908723911,"circlet_count":0,"master_deck":["Strike_B","Strike_B","Defend_B","Defend_B","Defend_B","Defend_B","Zap","Dualcast","Multi-Cast","Gash","Cold Snap","Glacier","Injury","Glacier","BootSequence","Cold Snap","Streamline","Fission","Lockon+1","Multi-Cast+1","Heatsinks+1"],"relics":["Cracked Core","Golden Idol","Shovel","The Courier","Mercury Hourglass","Astrolabe"],"potions_floor_usage":[14,16],"damage_taken":[{"damage":1,"enemies":"Cultist","floor":1,"turns":3},{"damage":8,"enemies":"Small Slimes","floor":3,"turns":3},{"damage":6,"enemies":"Jaw Worm","floor":4,"turns":4},{"damage":12,"enemies":"Blue Slaver","floor":5,"turns":4},{"damage":10,"enemies":"Looter","floor":11,"turns":3},{"damage":2,"enemies":"Exordium Thugs","floor":13,"turns":5},{"damage":2,"enemies":"Gremlin Gang","floor":14,"turns":9},{"damage":3,"enemies":"The Guardian","floor":16,"turns":13},{"damage":16,"enemies":"Shell Parasite","floor":18,"turns":2}],"seed_played":"-6349851886123989300","potions_obtained":[{"floor":3,"key":"PowerPotion"},{"floor":11,"key":"Dexterity Potion"},{"floor":13,"key":"Block Potion"},{"floor":14,"key":"Fire Potion"},{"floor":16,"key":"SpeedPotion"}],"is_trial":false,"path_per_floor":["?","?","?","M"],"character_chosen":"DEFECT","items_purchased":["Glacier"],"campfire_rested":0,"item_purchase_floors":[8],"current_hp_per_floor":[74,74,66,60,48,48,48,48,48,75,65,65,63,61,61,58,75,59],"gold":360,"neow_bonus":"ONE_RANDOM_RARE_CARD","is_prod":false,"is_daily":false,"chose_seed":false,"campfire_upgraded":1,"win_rate":0,"timestamp":1556976367,"path_taken":["M","?","M","M","M","R","?","$","T","?","?","R","M","M","R","BOSS","M"],"build_version":"2019-01-23","purchased_purges":1,"victory":false,"max_hp_per_floor":[75,75,75,75,75,75,75,75,75,75,75,75,75,75,75,75,75,75],"card_choices":[{"not_picked":["Leap","Loop"],"picked":"Gash","floor":1},{"not_picked":["Streamline","Steam Power"],"picked":"Consume","floor":3},{"not_picked":["Steam Power","Rebound"],"picked":"Cold Snap","floor":4},{"not_picked":["Redo","Gash"],"picked":"Glacier","floor":5},{"not_picked":["Scrape","Steam"],"picked":"BootSequence","floor":11},{"not_picked":["FTL","Hologram"],"picked":"Cold Snap","floor":13},{"not_picked":["Static Discharge","Sweeping Beam"],"picked":"Streamline","floor":14},{"not_picked":["Creative AI","Electrodynamics"],"picked":"Fission","floor":16}],"player_experience":466337,"relics_obtained":[{"floor":9,"key":"Shovel"},{"floor":12,"key":"The Courier"},{"floor":15,"key":"Mercury Hourglass"}],"event_choices":[{"damage_healed":0,"gold_gain":175,"player_choice":"AGREE","damage_taken":0,"max_hp_gain":0,"max_hp_loss":0,"event_name":"Liars Game","floor":2,"gold_loss":0,"cards_obtained":["Doubt"]},{"damage_healed":0,"gold_gain":0,"player_choice":"Take Wound","damage_taken":0,"relics_obtained":["Golden Idol"],"max_hp_gain":0,"max_hp_loss":0,"event_name":"Golden Idol","floor":7,"gold_loss":0,"cards_obtained":["Injury"]},{"damage_healed":27,"gold_gain":0,"player_choice":"Full Heal","damage_taken":0,"max_hp_gain":0,"max_hp_loss":0,"event_name":"Wheel of Change","floor":10,"gold_loss":0}],"is_beta":false,"boss_relics":[{"not_picked":["Ectoplasm","Empty Cage"],"picked":"Astrolabe"}],"items_purged_floors":[8],"is_endless":false,"potions_floor_spawned":[3,11,13,14,16],"killed_by":"Shell Parasite","ascension_level":0}