{"gold_per_floor":[119,136,154,168,180,212,13,13,13,31,50,50,50,63,63,166,166,181,31,31,42,55,72,103,103,403,437,437,448,465,477,477,477],"floor_reached":33,"playtime":2813,"items_purged":["Strike_G"],"score":295,"play_id":"c7cd7337-dbaf-4022-9d08-26855798ccec","local_time":"20190430185533","is_ascension_mode":false,"campfire_choices":[{"floor":8,"key":"REST"},{"data":"Catalyst","floor":13,"key":"SMITH"},{"data":"Noxious Fumes","floor":15,"key":"SMITH"},{"floor":25,"key":"REST"},{"floor":28,"key":"REST"},{"floor":32,"key":"REST"}],"neow_cost":"NONE","seed_source_timestamp":1030792752863987,"circlet_count":0,"master_deck":["Defend_G","Defend_G","Defend_G","Defend_G","Defend_G","Strike_G","Strike_G","Strike_G","Strike_G","Survivor","Neutralize","Footwork","Noxious Fumes+1","Catalyst+1","Dash","Backflip","Flying Knee","Unload","Bouncing Flask","Crippling Poison","Bouncing Flask","PiercingWail+1","Cloak And Dagger","After Image","Malaise"],"relics":["Ring of the Snake","Omamori","Oddly Smooth Stone","Paper Crane","Philosopher\u0027s Stone","Nloth\u0027s Gift","Potion Belt","Old Coin","Du-Vu Doll"],"potions_floor_usage":[4,6,16,22,22,24,30,31],"damage_taken":[{"damage":0,"enemies":"2 Louse","floor":1,"turns":3},{"damage":0,"enemies":"Cultist","floor":2,"turns":5},{"damage":7,"enemies":"Small Slimes","floor":3,"turns":4},{"damage":12,"enemies":"Looter","floor":4,"turns":4},{"damage":1,"enemies":"Gremlin Gang","floor":5,"turns":5},{"damage":16,"enemies":"Gremlin Nob","floor":6,"turns":5},{"damage":0,"enemies":"Large Slime","floor":10,"turns":5},{"damage":5,"enemies":"Lots of Slimes","floor":11,"turns":5},{"damage":0,"enemies":"Blue Slaver","floor":14,"turns":4},{"damage":10,"enemies":"The Guardian","floor":16,"turns":7},{"damage":0,"enemies":"Chosen","floor":18,"turns":4},{"damage":12,"enemies":"2 Thieves","floor":21,"turns":4},{"damage":8,"enemies":"Centurion and Healer","floor":22,"turns":6},{"damage":10,"enemies":"Chosen and Byrds","floor":23,"turns":6},{"damage":11,"enemies":"Slavers","floor":24,"turns":7},{"damage":9,"enemies":"Book of Stabbing","floor":27,"turns":6},{"damage":2,"enemies":"Snake Plant","floor":29,"turns":4},{"damage":5,"enemies":"Centurion and Healer","floor":30,"turns":6},{"damage":7,"enemies":"Chosen and Byrds","floor":31,"turns":8},{"damage":38,"enemies":"Collector","floor":33,"turns":5}],"seed_played":"753390754266577578","potions_obtained":[{"floor":1,"key":"GhostInAJar"},{"floor":2,"key":"GamblersBrew"},{"floor":6,"key":"FearPotion"},{"floor":14,"key":"AttackPotion"},{"floor":16,"key":"GamblersBrew"},{"floor":21,"key":"Swift Potion"},{"floor":22,"key":"GhostInAJar"},{"floor":29,"key":"Explosive Potion"},{"floor":30,"key":"GamblersBrew"},{"floor":31,"key":"FearPotion"}],"is_trial":false,"path_per_floor":["?","?","M"],"character_chosen":"THE_SILENT","items_purchased":["Oddly Smooth Stone","Flying Knee","Bouncing Flask"],"campfire_rested":4,"item_purchase_floors":[7,7,19],"current_hp_per_floor":[70,70,63,51,50,34,34,55,55,55,50,67,67,67,67,57,70,70,70,70,58,50,40,29,50,50,41,62,60,55,48,69,31],"gold":477,"neow_bonus":"RANDOM_COMMON_RELIC","is_prod":false,"is_daily":false,"chose_seed":false,"campfire_upgraded":2,"win_rate":0,"timestamp":1556664933,"path_taken":["M","M","M","M","M","E","$","R","T","M","M","?","R","M","R","BOSS","M","$","?","M","M","M","E","R","T","E","R","?","M","M","R","BOSS"],"build_version":"2019-01-23","purchased_purges":1,"victory":false,"max_hp_per_floor":[70,70,70,70,70,70,70,70,70,70,70,70,70,70,70,70,70,70,70,70,70,70,70,70,70,70,70,70,70,70,70,70,70],"card_choices":[{"not_picked":["Acrobatics","Bane"],"picked":"Footwork","floor":1},{"not_picked":["PiercingWail","Leg Sweep"],"picked":"Noxious Fumes","floor":2},{"not_picked":["Acrobatics","Outmaneuver"],"picked":"Catalyst","floor":3},{"not_picked":["Terror","Reflex","Calculated Gamble"],"picked":"SKIP","floor":4},{"not_picked":["Finisher","Bane"],"picked":"Dash","floor":5},{"not_picked":["Dagger Spray","Deadly Poison"],"picked":"Backflip","floor":6},{"not_picked":["Quick Slash","Slice"],"picked":"Unload","floor":10},{"not_picked":["Blade Dance","Heel Hook"],"picked":"Bouncing Flask","floor":11},{"not_picked":["Setup","Outmaneuver"],"picked":"Crippling Poison","floor":14},{"not_picked":["Dagger Throw","Dodge and Roll","Riddle With Holes"],"picked":"SKIP","floor":18},{"not_picked":["Blade Dance","Blur"],"picked":"PiercingWail+1","floor":21},{"not_picked":["Terror+1","Quick Slash+1"],"picked":"Cloak And Dagger","floor":22},{"not_picked":["Poisoned Stab+1","Distraction+1","Bane"],"picked":"SKIP","floor":23},{"not_picked":["Dagger Spray","Riddle With Holes+1"],"picked":"After Image","floor":24},{"not_picked":["Dagger Spray","Blur"],"picked":"Malaise","floor":27},{"not_picked":["Terror","All Out Attack","Backstab"],"picked":"SKIP","floor":29},{"not_picked":["Bane","Accuracy+1","Riddle With Holes"],"picked":"SKIP","floor":30},{"not_picked":["Quick Slash","Outmaneuver","Deflect"],"picked":"SKIP","floor":31}],"player_experience":440122,"relics_obtained":[{"floor":6,"key":"Omamori"},{"floor":9,"key":"Paper Crane"},{"floor":24,"key":"Potion Belt"},{"floor":26,"key":"Old Coin"},{"floor":27,"key":"Du-Vu Doll"}],"event_choices":[{"damage_healed":17,"gold_gain":0,"player_choice":"Healed and dodged fight","damage_taken":0,"max_hp_gain":0,"max_hp_loss":0,"event_name":"Mushrooms","floor":12,"gold_loss":0,"cards_obtained":["Parasite"]},{"damage_healed":0,"gold_gain":0,"player_choice":"Traded Relic","damage_taken":0,"relics_obtained":["Nloth\u0027s Gift"],"max_hp_gain":0,"max_hp_loss":0,"event_name":"N\u0027loth","floor":20,"relics_lost":["Boot"],"gold_loss":0}],"is_beta":false,"boss_relics":[{"not_picked":["Coffee Dripper","WristBlade"],"picked":"Philosopher\u0027s Stone"}],"items_purged_floors":[19],"is_endless":false,"potions_floor_spawned":[1,2,6,14,16,21,22,29,30,31],"killed_by":"Collector","ascension_level":0}