{"gold_per_floor":[111,130,130,100,118,118,151,166,192,204,220,220,240,269,269,340,340,353,353,278,278,278,278,13,13,37,50,63,79,79,95,95,172,172,191,207,207,220,236,236,4,19,19,31,31,31,48,48,48,48],"floor_reached":50,"playtime":2812,"items_purged":["Strike_G+1"],"score":916,"play_id":"09816d1f-5f5c-44b8-be2b-3e61fedbfc87","local_time":"20190505145108","is_ascension_mode":true,"campfire_choices":[{"data":"Neutralize","floor":6.0,"key":"SMITH"},{"floor":12.0,"key":"REST"},{"data":"Noxious Fumes","floor":15.0,"key":"SMITH"},{"floor":23.0,"key":"REST"},{"data":"Noxious Fumes","floor":25.0,"key":"SMITH"},{"data":"Glass Knife","floor":30.0,"key":"SMITH"},{"floor":32.0,"key":"REST"},{"data":"After Image","floor":40.0,"key":"SMITH"},{"data":"Burst","floor":45.0,"key":"SMITH"},{"floor":49.0,"key":"REST"}],"neow_cost":"NONE","seed_source_timestamp":854608036043600,"circlet_count":0,"master_deck":["AscendersBane","Defend_G+1","Defend_G+1","Defend_G+1","Defend_G+1","Defend_G+1","Strike_G+1","Strike_G+1","Survivor","Neutralize+1","Dagger Spray","Flying Knee","Noxious Fumes+1","Glass Knife+1","Deflect","Bane","Dagger Throw","Burst+1","Noxious Fumes+1","Bane","Backflip","Backflip","After Image+1","Blur+1","Outmaneuver","Deflect","Parasite","Blur","Deflect"],"special_seed":0,"relics":["Ring of the Snake","Orichalcum","Regal Pillow","Oddly Smooth Stone","Blood Vial","Thread and Needle","Lizard Tail","Enchiridion","Meat on the Bone","Bag of Preparation","Eternal Feather","Pen Nib","Gremlin Horn"],"potions_floor_usage":[50],"damage_taken":[{"damage":9.0,"enemies":"Jaw Worm","floor":1.0,"turns":6.0},{"damage":0.0,"enemies":"2 Louse","floor":2.0,"turns":4.0},{"damage":1.0,"enemies":"Cultist","floor":5.0,"turns":3.0},{"damage":20.0,"enemies":"3 Sentries","floor":7.0,"turns":8.0},{"damage":3.0,"enemies":"Gremlin Gang","floor":8.0,"turns":4.0},{"damage":18.0,"enemies":"Exordium Thugs","floor":10.0,"turns":5.0},{"damage":0.0,"enemies":"2 Fungi Beasts","floor":11.0,"turns":2.0},{"damage":12.0,"enemies":"Looter","floor":13.0,"turns":3.0},{"damage":18.0,"enemies":"Lagavulin","floor":14.0,"turns":7.0},{"damage":18.0,"enemies":"Hexaghost","floor":16.0,"turns":10.0},{"damage":14.0,"enemies":"2 Thieves","floor":18.0,"turns":5.0},{"damage":5.0,"enemies":"Shell Parasite","floor":27.0,"turns":5.0},{"damage":0.0,"enemies":"Centurion and Healer","floor":28.0,"turns":5.0},{"damage":1.0,"enemies":"Snecko","floor":29.0,"turns":5.0},{"damage":17.0,"enemies":"Sentry and Sphere","floor":31.0,"turns":7.0},{"damage":55.0,"enemies":"Champ","floor":33.0,"turns":16.0},{"damage":14.0,"enemies":"3 Darklings","floor":35.0,"turns":4.0},{"damage":2.0,"enemies":"Orb Walker","floor":36.0,"turns":3.0},{"damage":0.0,"enemies":"4 Shapes","floor":38.0,"turns":6.0},{"damage":22.0,"enemies":"Sphere and 2 Shapes","floor":39.0,"turns":8.0},{"damage":8.0,"enemies":"Writhing Mass","floor":42.0,"turns":9.0},{"damage":22.0,"enemies":"Spire Growth","floor":44.0,"turns":8.0},{"damage":35.0,"enemies":"3 Darklings","floor":47.0,"turns":7.0},{"damage":104,"enemies":"Time Eater","floor":50,"turns":11}],"seed_played":"6049094990097990161","potions_obtained":[{"floor":4.0,"key":"GamblersBrew"},{"floor":4.0,"key":"AttackPotion"},{"floor":7.0,"key":"SpeedPotion"},{"floor":10.0,"key":"Energy Potion"},{"floor":13.0,"key":"Dexterity Potion"},{"floor":16.0,"key":"AttackPotion"},{"floor":27.0,"key":"EssenceOfSteel"},{"floor":36.0,"key":"EssenceOfSteel"},{"floor":38.0,"key":"SteroidPotion"}],"is_trial":false,"path_per_floor":["M","M","?","?","M","R","E","M","T","M","M","R","M","E","R","B",null,"M","?","?","?","?","R","$","R","T","M","M","M","R","M","R","B",null,"M","M","?","M","M","R","$","M","T","M","R","$","M","$","R","B"],"character_chosen":"THE_SILENT","items_purchased":["Meat on the Bone","Pen Nib"],"campfire_rested":4,"item_purchase_floors":[24,41],"current_hp_per_floor":[50,50,50,50,49,49,29,26,26,10,12,46,36,20,20,4,51,39,39,39,18,18,52,52,52,52,49,51,52,52,37,66,23,55,43,43,43,45,37,52,52,46,46,38,53,53,32,32,66,0],"gold":48,"neow_bonus":"RANDOM_COMMON_RELIC","is_prod":false,"is_daily":false,"chose_seed":false,"campfire_upgraded":6,"win_rate":0,"timestamp":1557082268,"path_taken":["M","M","?","?","?","R","E","M","T","?","M","R","M","E","R","BOSS","M","?","?","?","?","R","$","R","T","?","M","M","R","M","R","BOSS","M","M","?","?","M","R","?","M","T","M","R","$","M","$","R","BOSS"],"build_version":"2019-01-23","purchased_purges":1,"victory":false,"max_hp_per_floor":[66,66,66,66,66,66,66,66,66,66,66,66,66,66,66,66,66,66,66,66,66,66,66,66,66,66,66,66,66,66,66,66,66,66,66,66,66,66,66,66,66,66,66,66,66,66,66,66,66,66],"card_choices":[{"not_picked":["Cloak And Dagger","Dodge and Roll"],"picked":"Dagger Spray","floor":1.0},{"not_picked":["Dagger Spray","Outmaneuver"],"picked":"Quick Slash","floor":2.0},{"not_picked":["Caltrops","Acrobatics"],"picked":"Flying Knee","floor":5.0},{"not_picked":["Slice","Distraction"],"picked":"Noxious Fumes","floor":7.0},{"not_picked":["Calculated Gamble","Underhanded Strike"],"picked":"Glass Knife","floor":8.0},{"not_picked":["Prepared","Blade Dance"],"picked":"Deflect","floor":10.0},{"not_picked":["Masterful Stab","Backstab","Expertise"],"picked":"SKIP","floor":11.0},{"not_picked":["Caltrops","Dagger Spray"],"picked":"Bane","floor":13.0},{"not_picked":["Masterful Stab","Riddle With Holes"],"picked":"Dagger Throw","floor":14.0},{"not_picked":["Storm of Steel","Doppelganger"],"picked":"Burst","floor":16.0},{"not_picked":["Underhanded Strike","Predator","Sucker Punch"],"picked":"SKIP","floor":18.0},{"not_picked":["Dodge and Roll","Underhanded Strike"],"picked":"Backflip","floor":27.0},{"not_picked":["Dodge and Roll","Finisher","A Thousand Cuts"],"picked":"SKIP","floor":28.0},{"not_picked":["Dodge and Roll","Finisher","A Thousand Cuts"],"picked":"SKIP","floor":28.0},{"not_picked":["Masterful Stab","Dagger Throw","Concentrate"],"picked":"SKIP","floor":29.0},{"not_picked":["Finisher","Acrobatics"],"picked":"Backflip","floor":31.0},{"not_picked":["Grand Finale","Burst"],"picked":"After Image","floor":33.0},{"not_picked":["Backstab","Acrobatics","Eviscerate"],"picked":"SKIP","floor":35.0},{"not_picked":["Backstab+1","Dagger Throw"],"picked":"Blur+1","floor":36.0},{"not_picked":["Sucker Punch","Reflex"],"picked":"Deflect","floor":38.0},{"not_picked":["Outmaneuver+1","Backflip","Slice+1"],"picked":"SKIP","floor":39.0},{"not_picked":["Infinite Blades","Slice"],"picked":"Blur","floor":42.0},{"not_picked":["Caltrops","Backflip","Flying Knee"],"picked":"SKIP","floor":44.0},{"not_picked":["Quick Slash","Outmaneuver+1"],"picked":"Deflect","floor":47.0}],"player_experience":741957,"relics_obtained":[{"floor":7.0,"key":"Oddly Smooth Stone"},{"floor":9.0,"key":"Blood Vial"},{"floor":14.0,"key":"Thread and Needle"},{"floor":21.0,"key":"Enchiridion"},{"floor":26.0,"key":"Bag of Preparation"},{"floor":43.0,"key":"Gremlin Horn"}],"event_choices":[{"damage_healed":0.0,"max_hp_gain":0.0,"max_hp_loss":0.0,"gold_gain":0.0,"event_name":"Big Fish","player_choice":"Box","floor":3.0,"gold_loss":0.0,"damage_taken":0.0,"relics_obtained":["Regal Pillow"],"cards_obtained":["Regret"]},{"damage_healed":0.0,"max_hp_gain":0.0,"max_hp_loss":0.0,"gold_gain":0.0,"event_name":"The Woman in Blue","player_choice":"Bought 2 Potions","floor":4.0,"gold_loss":0.0,"damage_taken":0.0},{"damage_healed":0.0,"max_hp_gain":0.0,"max_hp_loss":0.0,"gold_gain":0.0,"event_name":"Back to Basics","player_choice":"Simplicity","floor":19.0,"gold_loss":0.0,"damage_taken":0.0,"cards_upgraded":["Defend_G","Defend_G","Defend_G","Defend_G","Defend_G","Strike_G","Strike_G","Strike_G","Strike_G","Strike_G"]},{"cards_removed":["Regret"],"damage_healed":0.0,"max_hp_gain":0.0,"max_hp_loss":0.0,"gold_gain":0.0,"event_name":"Beggar","player_choice":"Gave Gold","floor":20.0,"gold_loss":75.0,"damage_taken":0.0},{"damage_healed":0.0,"max_hp_gain":0.0,"max_hp_loss":0.0,"gold_gain":0.0,"event_name":"Cursed Tome","player_choice":"Obtained Book","floor":21.0,"gold_loss":0.0,"damage_taken":21.0},{"damage_healed":0.0,"max_hp_gain":0.0,"max_hp_loss":0.0,"gold_gain":0.0,"cards_transformed":["Strike_G","Strike_G"],"event_name":"Drug Dealer","player_choice":"Became Test Subject","floor":22.0,"gold_loss":0.0,"damage_taken":0.0,"cards_obtained":["Noxious Fumes","Bane"]},{"damage_healed":0.0,"max_hp_gain":0.0,"max_hp_loss":0.0,"gold_gain":0.0,"cards_transformed":["Quick Slash"],"event_name":"Transmorgrifier","player_choice":"Transformed","floor":37.0,"gold_loss":0.0,"damage_taken":0.0,"cards_obtained":["Outmaneuver"]}],"is_beta":false,"boss_relics":[{"not_picked":["HoveringKite","Runic Pyramid"],"picked":"Lizard Tail"},{"not_picked":["Tiny House","Calling Bell"],"picked":"Eternal Feather"}],"items_purged_floors":[41],"is_endless":false,"potions_floor_spawned":[7,8,10,13,16,27,29,36,38],"killed_by":"Time Eater","ascension_level":20}