{"gold_per_floor":[119,40,57,70,21,55,55,81,131,158,158,222,172,191,191,295,295,311,321,321,332,281,310,336,380,474,486,517,529,541,635,647,758,770,796,908,77,97,42,76,86,111,136,136,161,173,173,173,173,173],"floor_reached":50,"playtime":5930,"items_purged":["Strike_B"],"score":995,"play_id":"2fe539c0-8d65-4c30-8dbc-fb74e88ac2fa","local_time":"20190523161658","is_ascension_mode":true,"campfire_choices":[{"data":"Zap","floor":7.0,"key":"SMITH"},{"data":"Defragment","floor":11.0,"key":"SMITH"},{"data":"Sweeping Beam","floor":15.0,"key":"SMITH"},{"floor":30.0,"key":"REST"},{"data":"White Noise","floor":32.0,"key":"SMITH"},{"floor":44.0,"key":"DIG"},{"floor":47,"key":"DIG"},{"floor":49,"key":"RECALL"}],"neow_cost":"NONE","seed_source_timestamp":384762147597161,"circlet_count":0,"master_deck":["Strike_B","Strike_B","Defend_B","Defend_B","Defend_B","Defend_B","Zap+1","Dualcast","Leap","Defragment+1","Glacier","Sweeping Beam+1","Ball Lightning","Conserve Battery","Buffer","Creative AI","BootSequence","Coolheaded","White Noise+1","Conserve Battery+1","Conserve Battery+1","Electrodynamics","Mayhem","Mind Blast","Self Repair","Undo","Multi-Cast","Reinforced Body+1","Glacier","Creative AI"],"special_seed":0,"relics":["Cracked Core","Regal Pillow","Bottled Tornado","Vajra","Bronze Scales","The Courier","Tiny Chest","Sozu","Smiling Mask","MawBank","Mercury Hourglass","Pantograph","Sundial","Snecko Eye","Shovel","Pear","Lee\u0027s Waffle","Orichalcum","Blood Vial","Ice Cream","Bag of Preparation","Happy Flower"],"potions_floor_usage":[],"damage_taken":[{"damage":1.0,"enemies":"Cultist","floor":1.0,"turns":4.0},{"damage":0.0,"enemies":"2 Louse","floor":3.0,"turns":3.0},{"damage":0.0,"enemies":"Jaw Worm","floor":4.0,"turns":5.0},{"damage":19.0,"enemies":"3 Sentries","floor":6.0,"turns":8.0},{"damage":0.0,"enemies":"Gremlin Nob","floor":8.0,"turns":3.0},{"damage":2.0,"enemies":"3 Sentries","floor":10.0,"turns":8.0},{"damage":0.0,"enemies":"Lagavulin","floor":12.0,"turns":7.0},{"damage":0.0,"enemies":"3 Louse","floor":14.0,"turns":3.0},{"damage":0.0,"enemies":"Slime Boss","floor":16.0,"turns":9.0},{"damage":7.0,"enemies":"2 Thieves","floor":18.0,"turns":4.0},{"damage":4.0,"enemies":"Spheric Guardian","floor":19.0,"turns":4.0},{"damage":9.0,"enemies":"Snake Plant","floor":21.0,"turns":4.0},{"damage":10.0,"enemies":"Book of Stabbing","floor":23.0,"turns":6.0},{"damage":0.0,"enemies":"Cultist and Chosen","floor":24.0,"turns":7.0},{"damage":20.0,"enemies":"Gremlin Leader","floor":25.0,"turns":6.0},{"damage":13.0,"enemies":"Centurion and Healer","floor":28.0,"turns":9.0},{"damage":17.0,"enemies":"Automaton","floor":33.0,"turns":13.0},{"damage":13.0,"enemies":"3 Shapes","floor":35.0,"turns":3.0},{"damage":24.0,"enemies":"Mind Bloom Boss Battle","floor":36.0,"turns":8.0},{"damage":10.0,"enemies":"Orb Walker","floor":38.0,"turns":5.0},{"damage":0.0,"enemies":"Nemesis","floor":40.0,"turns":9.0},{"damage":4.0,"enemies":"3 Darklings","floor":41.0,"turns":4.0},{"damage":30.0,"enemies":"Reptomancer","floor":42.0,"turns":6.0},{"damage":0.0,"enemies":"Nemesis","floor":45.0,"turns":17.0},{"damage":0,"enemies":"Transient","floor":46,"turns":5},{"damage":95,"enemies":"Awakened One","floor":50,"turns":15}],"seed_played":"-3423109533732179700","potions_obtained":[{"floor":3.0,"key":"Weak Potion"},{"floor":6.0,"key":"Swift Potion"},{"floor":10.0,"key":"PowerPotion"},{"floor":12.0,"key":"Poison Potion"},{"floor":14.0,"key":"Fire Potion"}],"is_trial":false,"path_per_floor":["M","$","M","M","$","E","R","E","T","E","R","E","?","M","R","B",null,"M","M","?","M","?","E","M","E","T","?","M","$","R","T","R","B",null,"M","?","$","M","$","E","M","E","T","R","E","M","R","?","R","B"],"character_chosen":"DEFECT","items_purchased":["Defragment","FearPotion","Mayhem","Mind Blast","Self Repair","Undo","Pear","Lee\u0027s Waffle","Multi-Cast","Glacier"],"campfire_rested":1,"item_purchase_floors":[2,5,37,37,37,37,37,37,37,39],"current_hp_per_floor":[67,67,67,67,67,48,48,48,48,46,46,46,46,46,46,46,68,61,57,57,48,48,38,38,18,18,18,5,5,42,42,42,50,69,56,51,92,82,82,89,92,69,69,69,78,87,87,87,87,0],"gold":173,"neow_bonus":"RANDOM_COMMON_RELIC","is_prod":false,"is_daily":false,"chose_seed":false,"campfire_upgraded":4,"win_rate":0,"timestamp":1558608418,"path_taken":["M","?","?","M","$","E","R","E","T","E","R","E","?","M","R","BOSS","M","M","?","M","?","E","?","E","T","?","M","$","R","?","R","BOSS","M","?","$","M","$","E","M","E","T","R","E","M","R","?","R","BOSS"],"build_version":"2019-01-23","purchased_purges":1,"victory":false,"max_hp_per_floor":[75,75,75,75,75,75,75,75,75,75,75,75,75,75,75,75,75,75,75,75,75,75,75,75,75,75,75,75,75,75,75,75,75,75,75,75,92,92,92,92,92,92,92,92,92,92,92,87,87,87],"card_choices":[{"not_picked":["Turbo","Hello World"],"picked":"Leap","floor":1.0},{"not_picked":["Turbo","Sweeping Beam"],"picked":"Glacier","floor":3.0},{"not_picked":["Skim","Consume"],"picked":"Sweeping Beam","floor":4.0},{"not_picked":["Compile Driver","Beam Cell"],"picked":"Ball Lightning","floor":6.0},{"not_picked":["Sweeping Beam","Rebound","Turbo"],"picked":"SKIP","floor":8.0},{"not_picked":["Beam Cell","Undo"],"picked":"Conserve Battery","floor":10.0},{"not_picked":["Redo","Go for the Eyes","Storm"],"picked":"SKIP","floor":12.0},{"not_picked":["Scrape","Cold Snap"],"picked":"Buffer","floor":14.0},{"not_picked":["Reboot","Buffer"],"picked":"Creative AI","floor":16.0},{"not_picked":["Storm+1","Streamline"],"picked":"BootSequence","floor":18.0},{"not_picked":["Turbo","Chaos+1"],"picked":"Coolheaded","floor":19.0},{"not_picked":["Stack+1","Skim","Melter"],"picked":"SKIP","floor":21.0},{"not_picked":["Recycle","Steam Power"],"picked":"White Noise","floor":23.0},{"not_picked":["Beam Cell+1","Redo+1","Go for the Eyes"],"picked":"SKIP","floor":24.0},{"not_picked":["BootSequence","Undo+1"],"picked":"Conserve Battery+1","floor":25.0},{"not_picked":["Turbo","Fission"],"picked":"Conserve Battery+1","floor":28.0},{"not_picked":["Core Surge","Creative AI"],"picked":"Electrodynamics","floor":33.0},{"not_picked":["Cold Snap","Conserve Battery+1","Sweeping Beam+1"],"picked":"SKIP","floor":35.0},{"not_picked":["Cold Snap+1","Gash"],"picked":"Reinforced Body+1","floor":38.0},{"not_picked":["Fission","Leap+1","Barrage"],"picked":"SKIP","floor":40.0},{"not_picked":["Hologram","Coolheaded","Conserve Battery+1"],"picked":"SKIP","floor":41.0},{"not_picked":["FTL+1","Recycle","Lockon"],"picked":"SKIP","floor":42.0},{"not_picked":["White Noise+1","BootSequence"],"picked":"Creative AI","floor":45.0},{"not_picked":["Storm","Barrage","Compile Driver+1"],"picked":"SKIP","floor":46}],"player_experience":671570,"relics_obtained":[{"floor":6.0,"key":"Bottled Tornado"},{"floor":8.0,"key":"Vajra"},{"floor":9.0,"key":"Bronze Scales"},{"floor":10.0,"key":"The Courier"},{"floor":12.0,"key":"Tiny Chest"},{"floor":23.0,"key":"MawBank"},{"floor":25.0,"key":"Mercury Hourglass"},{"floor":26.0,"key":"Pantograph"},{"floor":31.0,"key":"Sundial"},{"floor":36.0,"key":"Shovel"},{"floor":40.0,"key":"Orichalcum"},{"floor":42.0,"key":"Blood Vial"},{"floor":44.0,"key":"Ice Cream"},{"floor":45.0,"key":"Bag of Preparation"},{"floor":47,"key":"Happy Flower"}],"event_choices":[{"cards_removed":["Strike_B"],"damage_healed":0.0,"max_hp_gain":0.0,"max_hp_loss":0.0,"gold_gain":0.0,"event_name":"The Cleric","player_choice":"Card Removal","floor":13.0,"gold_loss":50.0,"damage_taken":0.0},{"damage_healed":0.0,"max_hp_gain":0.0,"max_hp_loss":0.0,"gold_gain":0.0,"event_name":"Ghosts","player_choice":"Ignored","floor":20.0,"gold_loss":0.0,"damage_taken":0.0},{"damage_healed":0.0,"max_hp_gain":0.0,"max_hp_loss":0.0,"gold_gain":0.0,"event_name":"WeMeetAgain","player_choice":"Paid Gold","floor":22.0,"gold_loss":51.0,"damage_taken":0.0,"relics_obtained":["Smiling Mask"]},{"damage_healed":0.0,"max_hp_gain":0.0,"max_hp_loss":0.0,"gold_gain":0.0,"event_name":"Cursed Tome","player_choice":"Ignored","floor":27.0,"gold_loss":0.0,"damage_taken":0.0},{"damage_healed":0.0,"max_hp_gain":0.0,"max_hp_loss":0.0,"gold_gain":0.0,"event_name":"MindBloom","player_choice":"Fight","floor":36.0,"gold_loss":0.0,"damage_taken":0.0},{"damage_healed":0,"gold_gain":0,"player_choice":"Max HP","damage_taken":0,"max_hp_gain":0,"max_hp_loss":5,"event_name":"Winding Halls","floor":48,"gold_loss":0}],"is_beta":false,"boss_relics":[{"not_picked":["Philosopher\u0027s Stone","FrozenCore"],"picked":"Sozu"},{"not_picked":["White Beast Statue","Nuclear Battery"],"picked":"Snecko Eye"}],"items_purged_floors":[37],"is_endless":false,"potions_floor_spawned":[3,6,10,12,14,18,19,25,33,36,41,42,46],"killed_by":"Awakened One","ascension_level":6}