{"gold_per_floor":[112,112,122,9,23,58,68,97,179,206,221,221,68,100,100,197,197,210,101,101,120,130,130,146,172,172,182,182,207,224,259,259,362,362,380,78,78,93,113,113,146,146,214,248,248,310,342,392,392,392,392,392,66,97,97],"floor_reached":55,"playtime":9141,"items_purged":["Strike_G","Injury"],"score":1144,"play_id":"9a559df0-f70d-4f3a-8faa-8680df30097b","local_time":"20190519073133","is_ascension_mode":true,"campfire_choices":[{"data":"Terror","floor":12.0,"key":"SMITH"},{"data":"Storm of Steel","floor":15.0,"key":"SMITH"},{"data":"After Image","floor":23.0,"key":"SMITH"},{"data":"Infinite Blades","floor":28.0,"key":"SMITH"},{"data":"Blade Dance","floor":32.0,"key":"SMITH"},{"data":"Accuracy","floor":40.0,"key":"SMITH"},{"data":"Phantasmal Killer","floor":42.0,"key":"SMITH"},{"floor":49.0,"key":"RECALL"},{"data":"Wraith Form v2","floor":52.0,"key":"SMITH"}],"neow_cost":"NONE","seed_source_timestamp":3821225872681,"circlet_count":0,"master_deck":["Defend_G","Defend_G","Defend_G","Defend_G","Defend_G","Strike_G","Strike_G","Survivor","Neutralize","Riddle With Holes","PiercingWail","Storm of Steel+1","Terror+1","Dagger Throw","Corpse Explosion","After Image+1","Infinite Blades+1","Blade Dance+1","Leg Sweep","Cloak And Dagger+1","Bouncing Flask","Crippling Poison+1","Blur+1","Phantasmal Killer+1","Acrobatics+1","Backflip","Infinite Blades","Accuracy+1","Well Laid Plans+1","Backflip","Wraith Form v2+1","Madness","Madness","Footwork","Blade Dance+1"],"special_seed":0,"relics":["Ring of the Snake","Tingsha","Turnip","Boot","Mercury Hourglass","Singing Bowl","PreservedInsect","Mummified Hand","Runic Dome","Bottled Lightning","Paper Crane","Omamori","Calling Bell","Bag of Marbles","Question Card","Nunchaku","ClockworkSouvenir","Ancient Tea Set","Pear","Dream Catcher","SsserpentHead","Blood Vial","Bird Faced Urn"],"potions_floor_usage":[55,55,55],"damage_taken":[{"damage":0.0,"enemies":"Small Slimes","floor":1.0,"turns":3.0},{"damage":3.0,"enemies":"Jaw Worm","floor":3.0,"turns":4.0},{"damage":0.0,"enemies":"Cultist","floor":5.0,"turns":3.0},{"damage":28.0,"enemies":"Lagavulin","floor":6.0,"turns":6.0},{"damage":6.0,"enemies":"Large Slime","floor":7.0,"turns":7.0},{"damage":6.0,"enemies":"Gremlin Nob","floor":8.0,"turns":3.0},{"damage":1.0,"enemies":"Lagavulin","floor":10.0,"turns":7.0},{"damage":0.0,"enemies":"Red Slaver","floor":11.0,"turns":4.0},{"damage":5.0,"enemies":"3 Sentries","floor":14.0,"turns":2.0},{"damage":13.0,"enemies":"The Guardian","floor":16.0,"turns":10.0},{"damage":0.0,"enemies":"Spheric Guardian","floor":18.0,"turns":1.0},{"damage":4.0,"enemies":"Shell Parasite","floor":21.0,"turns":4.0},{"damage":3.0,"enemies":"Snecko","floor":22.0,"turns":4.0},{"damage":8.0,"enemies":"Shelled Parasite and Fungi","floor":24.0,"turns":4.0},{"damage":0.0,"enemies":"Gremlin Leader","floor":25.0,"turns":5.0},{"damage":0.0,"enemies":"Snake Plant","floor":27.0,"turns":4.0},{"damage":4.0,"enemies":"Book of Stabbing","floor":29.0,"turns":4.0},{"damage":0.0,"enemies":"3 Cultists","floor":30.0,"turns":2.0},{"damage":7.0,"enemies":"Gremlin Leader","floor":31.0,"turns":4.0},{"damage":21.0,"enemies":"Collector","floor":33.0,"turns":6.0},{"damage":0.0,"enemies":"3 Shapes","floor":35.0,"turns":6.0},{"damage":0.0,"enemies":"Orb Walker","floor":38.0,"turns":4.0},{"damage":3.0,"enemies":"3 Darklings","floor":39.0,"turns":3.0},{"damage":23.0,"enemies":"Nemesis","floor":41.0,"turns":3.0},{"damage":0.0,"enemies":"Reptomancer","floor":44.0,"turns":3.0},{"damage":32.0,"enemies":"Spire Growth","floor":46.0,"turns":4.0},{"damage":11.0,"enemies":"Giant Head","floor":47.0,"turns":7.0},{"damage":17.0,"enemies":"Donu and Deca","floor":50.0,"turns":6.0},{"damage":5,"enemies":"Shield and Spear","floor":54,"turns":4},{"damage":108,"enemies":"The Heart","floor":55,"turns":8}],"seed_played":"-578074639255801014","potions_obtained":[{"floor":5.0,"key":"FearPotion"},{"floor":7.0,"key":"GamblersBrew"},{"floor":8.0,"key":"PowerPotion"},{"floor":11.0,"key":"Regen Potion"},{"floor":22.0,"key":"LiquidBronze"},{"floor":25.0,"key":"SteroidPotion"},{"floor":30.0,"key":"Energy Potion"},{"floor":33.0,"key":"Dexterity Potion"},{"floor":41.0,"key":"AttackPotion"},{"floor":44.0,"key":"SpeedPotion"},{"floor":46.0,"key":"Explosive Potion"},{"floor":54,"key":"Poison Potion"}],"is_trial":false,"path_per_floor":["M","?","M","?","M","E","M","E","T","E","M","R","$","E","R","B",null,"M","$","?","M","M","R","M","E","T","M","R","E","M","E","R","B",null,"M","$","?","M","M","R","E","R","T","E","?","M","E","?","R","B",null,"R","$","E","B"],"character_chosen":"THE_SILENT","items_purchased":["PreservedInsect","Infinite Blades","Backflip","ClockworkSouvenir","Infinite Blades","Weak Potion","Block Potion","Footwork","FearPotion"],"campfire_rested":0,"item_purchase_floors":[13,19,36,36,36,53,53,53,53],"current_hp_per_floor":[77,70,67,67,67,39,33,27,27,28,28,28,28,30,30,17,81,83,83,83,79,76,76,68,70,70,70,70,68,68,61,61,40,87,87,87,87,89,86,86,63,63,73,73,73,43,32,19,19,4,101,101,101,96,0],"gold":97,"neow_bonus":"TEN_PERCENT_HP_BONUS","is_prod":false,"is_daily":false,"chose_seed":false,"campfire_upgraded":8,"win_rate":0,"timestamp":1558231293,"path_taken":["M","?","M","?","M","E","?","E","T","E","M","R","$","E","R","BOSS","M","$","?","?","M","R","M","E","T","M","R","E","M","E","R","BOSS","M","$","?","M","M","R","E","R","T","E","?","?","E","?","R","BOSS","R","$","E","BOSS"],"build_version":"2019-01-23","purchased_purges":2,"victory":false,"max_hp_per_floor":[77,77,77,77,77,77,77,77,77,79,79,79,79,81,81,81,81,83,83,83,83,83,83,83,85,85,85,85,87,87,87,87,87,87,87,87,87,89,89,89,89,89,99,99,99,101,101,101,101,101,101,101,101,101,101],"card_choices":[{"not_picked":["Deflect","Slice"],"picked":"Riddle With Holes","floor":1.0},{"not_picked":["Slice","Deadly Poison"],"picked":"Dash","floor":3.0},{"not_picked":["Acrobatics","Setup"],"picked":"PiercingWail","floor":5.0},{"not_picked":["Quick Slash","Blur"],"picked":"Storm of Steel","floor":6.0},{"not_picked":["Escape Plan","Outmaneuver"],"picked":"Terror","floor":7.0},{"not_picked":["Deadly Poison","Outmaneuver"],"picked":"Dagger Throw","floor":8.0},{"not_picked":["PiercingWail","Masterful Stab","Quick Slash"],"picked":"Singing Bowl","floor":10.0},{"not_picked":["Quick Slash","Masterful Stab"],"picked":"Corpse Explosion","floor":11.0},{"not_picked":["Dagger Throw","Concentrate","Deflect"],"picked":"Singing Bowl","floor":14.0},{"not_picked":["Night Terror","Adrenaline"],"picked":"After Image","floor":16.0},{"not_picked":["Flying Knee+1","Dagger Spray","Masterful Stab"],"picked":"Singing Bowl","floor":18.0},{"not_picked":["Deadly Poison","Poisoned Stab"],"picked":"Blade Dance","floor":21.0},{"not_picked":["Blur","Dagger Throw"],"picked":"Leg Sweep","floor":22.0},{"not_picked":["Flying Knee+1","Underhanded Strike"],"picked":"Cloak And Dagger+1","floor":24.0},{"not_picked":["Eviscerate","Dagger Throw","Terror"],"picked":"Singing Bowl","floor":25.0},{"not_picked":["Venomology","Distraction"],"picked":"Bouncing Flask","floor":27.0},{"not_picked":["Storm of Steel","All Out Attack+1","Eviscerate"],"picked":"Singing Bowl","floor":29.0},{"not_picked":["Underhanded Strike+1","Dagger Throw+1"],"picked":"Crippling Poison+1","floor":30.0},{"not_picked":["Distraction+1","Dagger Throw"],"picked":"Blur+1","floor":31.0},{"not_picked":["Bullet Time","Doppelganger"],"picked":"Phantasmal Killer","floor":33.0},{"not_picked":["Dodge and Roll","Heel Hook","Deflect"],"picked":"Acrobatics+1","floor":35.0},{"not_picked":["Acrobatics+1","Riddle With Holes","Deflect+1","Slice"],"picked":"Singing Bowl","floor":38.0},{"not_picked":["Reflex","Sucker Punch+1","Blade Dance+1"],"picked":"Accuracy","floor":39.0},{"not_picked":["Concentrate","Slice","Dash"],"picked":"Well Laid Plans+1","floor":41.0},{"not_picked":["Catalyst","Distraction+1","Escape Plan+1"],"picked":"Backflip","floor":44.0},{"not_picked":["Flechettes+1","Prepared","Dodge and Roll","Deflect"],"picked":"Singing Bowl","floor":46.0},{"not_picked":["Endless Agony+1","Poisoned Stab+1","Blur"],"picked":"Wraith Form v2","floor":47.0},{"not_picked":["Dodge and Roll+1","Sucker Punch","Concentrate"],"picked":"Blade Dance+1","floor":54}],"player_experience":479368,"relics_obtained":[{"floor":6.0,"key":"Turnip"},{"floor":8.0,"key":"Boot"},{"floor":9.0,"key":"Mercury Hourglass"},{"floor":10.0,"key":"Singing Bowl"},{"floor":14.0,"key":"Mummified Hand"},{"floor":25.0,"key":"Bottled Lightning"},{"floor":29.0,"key":"Paper Crane"},{"floor":31.0,"key":"Omamori"},{"floor":34.0,"key":"Bag of Marbles"},{"floor":34.0,"key":"Question Card"},{"floor":34.0,"key":"Nunchaku"},{"floor":41.0,"key":"Ancient Tea Set"},{"floor":43.0,"key":"Pear"},{"floor":44.0,"key":"Dream Catcher"},{"floor":47.0,"key":"Blood Vial"},{"floor":54,"key":"Bird Faced Urn"}],"event_choices":[{"cards_removed":["Strike_G"],"damage_healed":0.0,"max_hp_gain":0.0,"max_hp_loss":0.0,"gold_gain":0.0,"event_name":"Golden Wing","player_choice":"Card Removal","floor":2.0,"gold_loss":0.0,"damage_taken":7.0},{"damage_healed":0.0,"max_hp_gain":0.0,"max_hp_loss":0.0,"gold_gain":0.0,"event_name":"WeMeetAgain","player_choice":"Paid Gold","floor":4.0,"gold_loss":113.0,"damage_taken":0.0,"relics_obtained":["Tingsha"]},{"cards_removed":["Strike_G"],"damage_healed":0.0,"max_hp_gain":0.0,"max_hp_loss":0.0,"gold_gain":0.0,"event_name":"Purifier","player_choice":"Purged","floor":20.0,"gold_loss":0.0,"damage_taken":0.0},{"cards_removed":["Dash"],"damage_healed":0.0,"max_hp_gain":0.0,"max_hp_loss":0.0,"gold_gain":0.0,"event_name":"Falling","player_choice":"Removed Attack","floor":37.0,"gold_loss":0.0,"damage_taken":0.0},{"damage_healed":0.0,"max_hp_gain":0.0,"max_hp_loss":0.0,"gold_gain":0.0,"event_name":"FaceTrader","player_choice":"Trade","floor":45.0,"gold_loss":0.0,"damage_taken":0.0,"relics_obtained":["SsserpentHead"]},{"damage_healed":0.0,"max_hp_gain":0.0,"max_hp_loss":0.0,"gold_gain":0.0,"event_name":"Winding Halls","player_choice":"Embrace Madness","floor":48.0,"gold_loss":0.0,"damage_taken":13.0,"cards_obtained":["Madness","Madness"]}],"is_beta":false,"boss_relics":[{"not_picked":["White Beast Statue","Tiny House"],"picked":"Runic Dome"},{"not_picked":["Busted Crown","Ring of the Serpent"],"picked":"Calling Bell"}],"items_purged_floors":[19,53],"is_endless":false,"potions_floor_spawned":[5,7,8,11,22,25,30,33,41,44,46,54],"killed_by":"The Heart","ascension_level":4}