{"gold_per_floor":[10,21,39,59,134,134,134,134,134,145,43,77,77,105,105,204,204,220,220,319,337,355,355,355,387,435,435,450,209,228,7,7,7],"floor_reached":33,"playtime":727,"items_purged":["Perfected Strike","Strike_R","Strike_R"],"score":480,"play_id":"0ba44c2c-253b-40c1-823a-f0d2bace0585","local_time":"20190404035141","is_ascension_mode":true,"campfire_choices":[{"data":"Bludgeon","floor":6.0,"key":"SMITH"},{"data":"Bash","floor":8.0,"key":"SMITH"},{"data":"Seeing Red","floor":13.0,"key":"SMITH"},{"data":"Cleave","floor":15.0,"key":"SMITH"},{"data":"Spot Weakness","floor":23.0,"key":"SMITH"},{"floor":27,"key":"REST"},{"data":"Limit Break","floor":32,"key":"SMITH"}],"neow_cost":"NO_GOLD","seed_source_timestamp":1398760906085291,"circlet_count":0,"master_deck":["AscendersBane","Strike_R","Strike_R","Strike_R","Defend_R","Defend_R","Defend_R","Defend_R","Bash+1","Seeing Red+1","Cleave+1","Bludgeon+1","Thunderclap","Headbutt","Impervious","Pommel Strike","Necronomicurse","Spot Weakness+1","Sword Boomerang","Limit Break+1","Panacea"],"special_seed":0,"relics":["Burning Blood","FossilizedHelix","Happy Flower","Pear","Red Skull","Philosopher\u0027s Stone","Necronomicon","Thread and Needle","Ancient Tea Set"],"potions_floor_usage":[33],"damage_taken":[{"damage":0.0,"enemies":"Cultist","floor":1.0,"turns":3.0},{"damage":0.0,"enemies":"Small Slimes","floor":2.0,"turns":4.0},{"damage":0.0,"enemies":"Jaw Worm","floor":3.0,"turns":3.0},{"damage":11.0,"enemies":"Looter","floor":4.0,"turns":3.0},{"damage":0.0,"enemies":"Exordium Wildlife","floor":10.0,"turns":3.0},{"damage":0.0,"enemies":"Gremlin Nob","floor":12.0,"turns":3.0},{"damage":20.0,"enemies":"3 Sentries","floor":14.0,"turns":7.0},{"damage":44.0,"enemies":"Slime Boss","floor":16.0,"turns":7.0},{"damage":0.0,"enemies":"Shell Parasite","floor":18.0,"turns":4.0},{"damage":21.0,"enemies":"Spheric Guardian","floor":21.0,"turns":4.0},{"damage":7.0,"enemies":"Chosen and Byrds","floor":22.0,"turns":2.0},{"damage":39,"enemies":"Slavers","floor":25,"turns":4},{"damage":0,"enemies":"Centurion and Healer","floor":28,"turns":4},{"damage":30,"enemies":"Sentry and Sphere","floor":30,"turns":5},{"damage":65,"enemies":"Automaton","floor":33,"turns":6}],"seed_played":"-766708546474621092","potions_obtained":[{"floor":3.0,"key":"Explosive Potion"},{"floor":4.0,"key":"Regen Potion"},{"floor":14.0,"key":"PowerPotion"}],"is_trial":false,"path_per_floor":["M","M","M","M","?","R","?","R","T","M","$","E","R","E","R","B",null,"M","?","?","M","M","R","?","E","T","R","M","$","M","$","R","B"],"character_chosen":"IRONCLAD","items_purchased":["Thunderclap","Limit Break","Panacea"],"campfire_rested":1,"item_purchase_floors":[11,29,31],"current_hp_per_floor":[78,80,80,75,64,64,64,64,64,70,70,86,86,72,72,34,76,82,66,66,51,50,50,50,17,17,44,50,50,26,26,26,0],"gold":7,"neow_bonus":"ONE_RARE_RELIC","is_prod":false,"is_daily":false,"chose_seed":false,"campfire_upgraded":6,"win_rate":0,"timestamp":1554317501,"path_taken":["M","M","M","M","?","R","?","R","T","M","?","E","R","E","R","BOSS","M","?","?","M","M","R","?","E","T","R","?","$","M","?","R","BOSS"],"build_version":"2019-01-23","purchased_purges":3,"victory":false,"max_hp_per_floor":[80,80,80,80,80,80,80,80,80,80,80,90,90,90,90,90,90,90,90,90,90,90,90,90,90,90,90,90,90,90,90,90,90],"card_choices":[{"not_picked":["Iron Wave","Dropkick"],"picked":"Seeing Red","floor":1.0},{"not_picked":["Rampage","Wild Strike"],"picked":"Perfected Strike","floor":2.0},{"not_picked":["Second Wind","Blood for Blood"],"picked":"Cleave","floor":3.0},{"not_picked":["Pommel Strike","Clash"],"picked":"Bludgeon","floor":4.0},{"not_picked":["Perfected Strike","Rampage","Twin Strike"],"picked":"SKIP","floor":10.0},{"not_picked":["Spot Weakness","Flex","Wild Strike"],"picked":"SKIP","floor":12.0},{"not_picked":["Reckless Charge","Rage"],"picked":"Headbutt","floor":14.0},{"not_picked":["Berserk","Barricade"],"picked":"Impervious","floor":16.0},{"not_picked":["Entrench+1","Twin Strike"],"picked":"Pommel Strike","floor":18.0},{"not_picked":["Headbutt","Fire Breathing+1","Havoc"],"picked":"SKIP","floor":21.0},{"not_picked":["Fire Breathing+1","Pommel Strike"],"picked":"Spot Weakness","floor":22.0},{"not_picked":["Wild Strike","Entrench","Reckless Charge"],"picked":"SKIP","floor":25},{"not_picked":["Cleave","Twin Strike"],"picked":"Sword Boomerang","floor":28},{"not_picked":["Dark Embrace","Iron Wave","Wild Strike"],"picked":"SKIP","floor":30}],"player_experience":417473,"relics_obtained":[{"floor":9.0,"key":"Happy Flower"},{"floor":12.0,"key":"Pear"},{"floor":14.0,"key":"Red Skull"},{"floor":19.0,"key":"Necronomicon"},{"floor":25,"key":"Thread and Needle"},{"floor":26,"key":"Ancient Tea Set"}],"event_choices":[{"damage_healed":0.0,"max_hp_gain":0.0,"max_hp_loss":0.0,"gold_gain":75.0,"event_name":"World of Goop","player_choice":"Gather Gold","floor":5.0,"gold_loss":0.0,"damage_taken":11.0},{"damage_healed":0.0,"max_hp_gain":0.0,"max_hp_loss":0.0,"gold_gain":0.0,"event_name":"Liars Game","player_choice":"Ignored","floor":7.0,"gold_loss":0.0,"damage_taken":0.0},{"damage_healed":0.0,"max_hp_gain":0.0,"max_hp_loss":0.0,"gold_gain":0.0,"event_name":"Cursed Tome","player_choice":"Obtained Book","floor":19.0,"gold_loss":0.0,"damage_taken":16.0},{"damage_healed":0.0,"max_hp_gain":0.0,"max_hp_loss":0.0,"gold_gain":99.0,"event_name":"Nest","player_choice":"Stole From Cult","floor":20.0,"gold_loss":0.0,"damage_taken":0.0},{"damage_healed":0,"gold_gain":0,"player_choice":"Ignored","damage_taken":0,"max_hp_gain":0,"max_hp_loss":0,"event_name":"N\u0027loth","floor":24,"gold_loss":0}],"is_beta":false,"boss_relics":[{"not_picked":["Calling Bell","Astrolabe"],"picked":"Philosopher\u0027s Stone"}],"items_purged_floors":[11,29,31],"is_endless":false,"potions_floor_spawned":[3,4,12,14,22,25],"killed_by":"Automaton","ascension_level":12}