{"gold_per_floor":[11,11,21,21,39,66,66,79,79,79,19,31,31,31,31,31],"floor_reached":16,"playtime":658,"items_purged":["Defend_R"],"score":100,"play_id":"befb7e50-7aa4-4119-b76b-e713783bd316","local_time":"20190601211402","is_ascension_mode":false,"campfire_choices":[{"floor":7,"key":"REST"},{"data":"Bash","floor":10,"key":"SMITH"},{"floor":15,"key":"REST"}],"neow_cost":"NO_GOLD","seed_source_timestamp":2282473031867531,"circlet_count":0,"master_deck":["Strike_R","Strike_R","Defend_R","Defend_R","Defend_R","Bash+1","PanicButton","Evolve"],"relics":["Burning Blood","The Courier","Shuriken"],"potions_floor_usage":[],"damage_taken":[{"damage":2,"enemies":"Small Slimes","floor":1,"turns":4},{"damage":10,"enemies":"Jaw Worm","floor":3,"turns":5},{"damage":6,"enemies":"Cultist","floor":5,"turns":4},{"damage":72,"enemies":"Lagavulin","floor":6,"turns":11},{"damage":7,"enemies":"Large Slime","floor":8,"turns":8},{"damage":23,"enemies":"Exordium Thugs","floor":12,"turns":7},{"damage":43,"enemies":"Hexaghost","floor":16,"turns":10}],"seed_played":"2818464110734249549","potions_obtained":[{"floor":8,"key":"Energy Potion"},{"floor":12,"key":"Swift Potion"}],"is_trial":false,"path_per_floor":["M","?","M","?","M","E","R","M","T","R","$","M","?","$","R","B"],"character_chosen":"IRONCLAD","items_purchased":[],"campfire_rested":2,"item_purchase_floors":[],"current_hp_per_floor":[80,80,76,76,76,10,34,33,33,33,33,16,16,16,40,0],"gold":31,"neow_bonus":"REMOVE_TWO","is_prod":false,"is_daily":false,"chose_seed":false,"campfire_upgraded":1,"win_rate":0,"timestamp":1559438042,"path_taken":["M","?","M","?","M","E","R","?","T","R","$","M","?","?","R","BOSS"],"build_version":"2019-01-23","purchased_purges":1,"victory":false,"max_hp_per_floor":[80,80,80,80,80,80,80,80,80,80,80,80,80,80,80,80],"card_choices":[{"not_picked":["Clash","Clothesline","Wild Strike"],"picked":"SKIP","floor":1},{"not_picked":["Bloodletting","Sword Boomerang","Feel No Pain"],"picked":"SKIP","floor":3},{"not_picked":["Flex","Evolve","Headbutt"],"picked":"SKIP","floor":5},{"not_picked":["Heavy Blade","Brutality","Clothesline"],"picked":"SKIP","floor":6},{"not_picked":["True Grit","Headbutt","Perfected Strike"],"picked":"SKIP","floor":8},{"not_picked":["Bloodletting","Armaments"],"picked":"Evolve","floor":12}],"player_experience":369692,"relics_obtained":[{"floor":6,"key":"The Courier"},{"floor":9,"key":"Shuriken"}],"event_choices":[{"damage_healed":0,"gold_gain":0,"player_choice":"Leave","damage_taken":0,"max_hp_gain":0,"max_hp_loss":0,"event_name":"The Cleric","floor":2,"gold_loss":0},{"damage_healed":0,"gold_gain":0,"player_choice":"1 cards matched","damage_taken":0,"max_hp_gain":0,"max_hp_loss":0,"event_name":"Match and Keep!","floor":4,"gold_loss":0,"cards_obtained":["PanicButton"]},{"cards_removed":["Strike_R"],"damage_healed":0,"gold_gain":0,"player_choice":"Forget","damage_taken":0,"max_hp_gain":0,"max_hp_loss":0,"event_name":"Living Wall","floor":13,"gold_loss":0}],"is_beta":false,"boss_relics":[],"items_purged_floors":[11],"is_endless":false,"potions_floor_spawned":[8,12],"killed_by":"Hexaghost","ascension_level":0}