{"gold_per_floor":[16,33,49,24,199,199,225,235,259,272,272,272,272,292,292,413,413,437,431,454,260,276,276,310,290,359,359,378,378],"floor_reached":29,"playtime":3322,"items_purged":["Defend_B"],"score":309,"play_id":"c00413a4-aee5-4010-81bc-ee4e7ff35355","local_time":"20190531232228","is_ascension_mode":true,"campfire_choices":[{"data":"Streamline","floor":6,"key":"SMITH"},{"floor":13,"key":"REST"},{"data":"Beam Cell","floor":15,"key":"SMITH"},{"floor":23,"key":"REST"},{"data":"Defragment","floor":27,"key":"SMITH"}],"neow_cost":"NO_GOLD","seed_source_timestamp":2201115700013215,"circlet_count":0,"master_deck":["Strike_B","Strike_B","Strike_B","Strike_B","Defend_B","Defend_B","Defend_B","Zap","Dualcast","Coolheaded","Defragment+1","Streamline+1","Cold Snap","Self Repair","Capacitor","Injury","Beam Cell+1","Echo Form","Rebound","Rebound","Capacitor","Conserve Battery","Loop","Go for the Eyes"],"relics":["FrozenCore","Turnip","Lantern","Bag of Marbles","Golden Idol","Bronze Scales","Shuriken"],"potions_floor_usage":[8,16,24,25],"damage_taken":[{"damage":1,"enemies":"Cultist","floor":1,"turns":3},{"damage":10,"enemies":"2 Louse","floor":2,"turns":3},{"damage":8,"enemies":"Small Slimes","floor":3,"turns":4},{"damage":24,"enemies":"Lagavulin","floor":7,"turns":7},{"damage":12,"enemies":"Exordium Thugs","floor":8,"turns":6},{"damage":14,"enemies":"Lots of Slimes","floor":10,"turns":5},{"damage":8,"enemies":"3 Louse","floor":14,"turns":3},{"damage":4,"enemies":"The Guardian","floor":16,"turns":15},{"damage":10,"enemies":"Shell Parasite","floor":18,"turns":9},{"damage":15,"enemies":"2 Thieves","floor":19,"turns":4},{"damage":17,"enemies":"Cultist and Chosen","floor":20,"turns":9},{"damage":21,"enemies":"Centurion and Healer","floor":22,"turns":10},{"damage":42,"enemies":"Book of Stabbing","floor":24,"turns":7},{"damage":21,"enemies":"3 Cultists","floor":28,"turns":8},{"damage":19,"enemies":"Snecko","floor":29,"turns":3}],"seed_played":"-3509823041832970727","potions_obtained":[{"floor":3,"key":"Energy Potion"},{"floor":8,"key":"Block Potion"},{"floor":20,"key":"LiquidBronze"},{"floor":22,"key":"SteroidPotion"},{"floor":25,"key":"Fruit Juice"},{"floor":28,"key":"Weak Potion"}],"is_trial":false,"path_per_floor":["M","M","M","$","?","R","E","M","T","M","?","?","R","M","R","B",null,"M","M","M","$","M","R","E","?","T","R","M","M"],"character_chosen":"DEFECT","items_purchased":["Cold Snap","Capacitor","Conserve Battery"],"campfire_rested":2,"item_purchase_floors":[4,21,21],"current_hp_per_floor":[74,64,56,56,56,56,32,27,27,20,20,20,42,41,41,44,67,71,63,53,53,46,68,26,31,31,31,17,0],"gold":378,"neow_bonus":"ONE_RARE_RELIC","is_prod":false,"is_daily":false,"chose_seed":false,"campfire_upgraded":3,"win_rate":0,"timestamp":1559359348,"path_taken":["M","M","M","$","?","R","E","M","T","M","?","?","R","M","R","BOSS","M","M","M","$","M","R","E","?","T","R","?","M"],"build_version":"2019-01-23","purchased_purges":1,"victory":false,"max_hp_per_floor":[75,75,75,75,75,75,75,75,75,75,75,75,75,75,75,75,75,75,75,75,75,75,75,75,80,80,80,80,80],"card_choices":[{"not_picked":["Fusion","Recycle"],"picked":"Coolheaded","floor":1},{"not_picked":["Steam","Glacier"],"picked":"Defragment","floor":2},{"not_picked":["Sweeping Beam","Hologram"],"picked":"Streamline","floor":3},{"not_picked":["Leap","Reprogram"],"picked":"Self Repair","floor":7},{"not_picked":["Scrape","Recycle","Steam"],"picked":"SKIP","floor":8},{"not_picked":["Chaos","Undo"],"picked":"Capacitor","floor":10},{"not_picked":["Auto Shields","Barrage"],"picked":"Beam Cell","floor":14},{"not_picked":["Creative AI","Thunder Strike"],"picked":"Echo Form","floor":16},{"not_picked":["Rip and Tear","Ball Lightning"],"picked":"Rebound","floor":18},{"not_picked":["Gash+1","Recycle+1"],"picked":"Rebound","floor":19},{"not_picked":["Compile Driver","Reprogram","Doom and Gloom+1"],"picked":"SKIP","floor":20},{"not_picked":["Hologram","Conserve Battery"],"picked":"Loop","floor":22},{"not_picked":["Stack","Compile Driver"],"picked":"Go for the Eyes","floor":24},{"not_picked":["Gash","Steam","Steam Power"],"picked":"SKIP","floor":28}],"player_experience":363070,"relics_obtained":[{"floor":7,"key":"Lantern"},{"floor":9,"key":"Bag of Marbles"},{"floor":24,"key":"Bronze Scales"},{"floor":26,"key":"Shuriken"}],"event_choices":[{"damage_healed":0,"gold_gain":175,"player_choice":"AGREE","damage_taken":0,"max_hp_gain":0,"max_hp_loss":0,"event_name":"Liars Game","floor":5,"gold_loss":0,"cards_obtained":["Doubt"]},{"damage_healed":0,"gold_gain":0,"player_choice":"Take Wound","damage_taken":0,"relics_obtained":["Golden Idol"],"max_hp_gain":0,"max_hp_loss":0,"event_name":"Golden Idol","floor":11,"gold_loss":0,"cards_obtained":["Injury"]},{"cards_removed":["Doubt"],"damage_healed":0,"gold_gain":0,"player_choice":"Purged","damage_taken":0,"max_hp_gain":0,"max_hp_loss":0,"event_name":"Purifier","floor":12,"gold_loss":0},{"damage_healed":0,"gold_gain":0,"player_choice":"Bought 1 Potion","damage_taken":0,"max_hp_gain":0,"max_hp_loss":0,"event_name":"The Woman in Blue","floor":25,"gold_loss":0}],"is_beta":false,"boss_relics":[{"not_picked":["Calling Bell","Black Star"],"picked":"FrozenCore"}],"items_purged_floors":[21],"is_endless":false,"potions_floor_spawned":[3,8,20,22,28],"killed_by":"Snecko","ascension_level":5}