{"gold_per_floor":[119,119,146,96,113,145,145,159,159,190,190,205,205,76,76,76],"floor_reached":16,"playtime":269,"items_purged":["Strike_R"],"score":226,"play_id":"0499160d-3d72-48ca-819b-d258ad2a92ec","local_time":"20190406154047","is_ascension_mode":true,"campfire_choices":[{"data":"Armaments","floor":7,"key":"SMITH"},{"data":"Bash","floor":11,"key":"SMITH"},{"data":"Sword Boomerang","floor":13,"key":"SMITH"},{"data":"Whirlwind","floor":15,"key":"SMITH"}],"neow_cost":"NONE","seed_source_timestamp":1034937409519,"circlet_count":0,"master_deck":["AscendersBane","Strike_R+1","Strike_R+1","Strike_R","Defend_R","Defend_R","Defend_R","Defend_R","Bash+1","Armaments+1","Twin Strike","Whirlwind+1","Sword Boomerang+1","Shrug It Off"],"relics":["Burning Blood","NeowsBlessing","Whetstone","Art of War","Bottled Lightning","Lantern"],"potions_floor_usage":[16],"damage_taken":[{"damage":0,"enemies":"Jaw Worm","floor":1,"turns":1},{"damage":0,"enemies":"2 Louse","floor":5,"turns":2},{"damage":0,"enemies":"3 Sentries","floor":6,"turns":2},{"damage":15,"enemies":"Small Slimes","floor":8,"turns":3},{"damage":27,"enemies":"Lagavulin","floor":10,"turns":6},{"damage":12,"enemies":"Exordium Thugs","floor":12,"turns":3},{"damage":42,"enemies":"Slime Boss","floor":16,"turns":7}],"seed_played":"4543553574611132348","potions_obtained":[{"floor":5,"key":"SteroidPotion"},{"floor":6,"key":"SpeedPotion"},{"floor":12,"key":"Fire Potion"}],"is_trial":false,"path_per_floor":["M","?","T","?","M","E","R","M","T","E","R","M","R","$","R","B"],"character_chosen":"IRONCLAD","items_purchased":["Shrug It Off"],"campfire_rested":0,"item_purchase_floors":[14],"current_hp_per_floor":[74,74,74,74,75,75,75,66,66,45,45,39,39,39,39,0],"gold":76,"neow_bonus":"THREE_ENEMY_KILL","is_prod":false,"is_daily":false,"chose_seed":false,"campfire_upgraded":4,"win_rate":0,"timestamp":1554532847,"path_taken":["M","?","?","?","M","E","R","M","T","E","R","M","R","$","R","BOSS"],"build_version":"2019-01-23","purchased_purges":1,"victory":false,"max_hp_per_floor":[75,75,75,75,75,75,75,75,75,75,75,75,75,75,75,75],"card_choices":[{"not_picked":["Clothesline","Feel No Pain"],"picked":"Armaments","floor":1},{"not_picked":["Clothesline","Pommel Strike"],"picked":"Twin Strike","floor":5},{"not_picked":["Twin Strike","Thunderclap"],"picked":"Whirlwind","floor":6},{"not_picked":["Sentinel","Intimidate","Dual Wield"],"picked":"SKIP","floor":8},{"not_picked":["Twin Strike","Fiend Fire","Warcry"],"picked":"SKIP","floor":10},{"not_picked":["Twin Strike","Fiend Fire","Warcry"],"picked":"SKIP","floor":10},{"not_picked":["Intimidate","Heavy Blade"],"picked":"Sword Boomerang","floor":12}],"player_experience":426568,"relics_obtained":[{"floor":3,"key":"Whetstone"},{"floor":6,"key":"Art of War"},{"floor":9,"key":"Bottled Lightning"},{"floor":10,"key":"Lantern"}],"event_choices":[{"damage_healed":0,"gold_gain":0,"player_choice":"Ignored","damage_taken":0,"max_hp_gain":0,"max_hp_loss":0,"event_name":"Liars Game","floor":2,"gold_loss":0},{"cards_removed":["Strike_R"],"damage_healed":0,"gold_gain":0,"player_choice":"Card Removal","damage_taken":0,"max_hp_gain":0,"max_hp_loss":0,"event_name":"The Cleric","floor":4,"gold_loss":50}],"is_beta":false,"boss_relics":[],"items_purged_floors":[14],"is_endless":false,"potions_floor_spawned":[5,6,12],"killed_by":"Slime Boss","ascension_level":14}