{"gold_per_floor":[113,113,132,148,168,168,189,189,189,189,227,248,248],"floor_reached":13,"playtime":346,"items_purged":[],"score":117,"play_id":"d66726d6-54cc-4783-bce5-2d125b3152ec","local_time":"20190323205625","is_ascension_mode":true,"campfire_choices":[{"data":"Searing Blow","floor":6,"key":"SMITH"},{"data":"Searing Blow+1","floor":8,"key":"SMITH"},{"floor":10,"key":"REST"}],"neow_cost":"NONE","seed_source_timestamp":423793383351548,"circlet_count":0,"master_deck":["Strike_R","Strike_R","Strike_R","Strike_R","Strike_R","Defend_R","Defend_R","Defend_R","Defend_R","Bash","True Grit","Armaments","Searing Blow+2","Warcry","Shrug It Off"],"relics":["Burning Blood","Happy Flower","Golden Idol","Bottled Flame","Bottled Lightning"],"potions_floor_usage":[13,13,13],"damage_taken":[{"damage":14,"enemies":"2 Louse","floor":1,"turns":4},{"damage":18,"enemies":"Jaw Worm","floor":3,"turns":4},{"damage":5,"enemies":"Cultist","floor":4,"turns":5},{"damage":10,"enemies":"Red Slaver","floor":5,"turns":6},{"damage":17,"enemies":"Exordium Thugs","floor":7,"turns":5},{"damage":29,"enemies":"Lagavulin","floor":11,"turns":6},{"damage":1,"enemies":"Blue Slaver","floor":12,"turns":4},{"damage":40,"enemies":"Gremlin Nob","floor":13,"turns":4}],"seed_played":"8491780670913090123","potions_obtained":[{"floor":3,"key":"SpeedPotion"},{"floor":7,"key":"SpeedPotion"},{"floor":11,"key":"Explosive Potion"}],"is_trial":false,"path_per_floor":["M","?","M","M","M","R","M","R","T","R","E","M","E"],"character_chosen":"IRONCLAD","items_purchased":[],"campfire_rested":1,"item_purchase_floors":[],"current_hp_per_floor":[64,44,32,33,29,29,18,18,18,42,19,24,0],"gold":248,"neow_bonus":"RANDOM_COMMON_RELIC","is_prod":false,"is_daily":false,"chose_seed":false,"campfire_upgraded":2,"win_rate":0,"timestamp":1553342185,"path_taken":["M","?","M","M","M","R","M","R","T","R","E","M","E"],"build_version":"2019-01-23","purchased_purges":0,"victory":false,"max_hp_per_floor":[80,80,80,80,80,80,80,80,80,80,80,80,80],"card_choices":[{"not_picked":["Wild Strike","Reckless Charge"],"picked":"True Grit","floor":1},{"not_picked":["Pommel Strike","True Grit"],"picked":"Armaments","floor":3},{"not_picked":["Pommel Strike","Headbutt","Sentinel"],"picked":"SKIP","floor":4},{"not_picked":["Clash","Rage"],"picked":"Searing Blow","floor":5},{"not_picked":["Spot Weakness","Clothesline"],"picked":"Warcry","floor":7},{"not_picked":["Pommel Strike","Clash"],"picked":"Shrug It Off","floor":11},{"not_picked":["Twin Strike","Sentinel","Sword Boomerang"],"picked":"SKIP","floor":12}],"player_experience":384699,"relics_obtained":[{"floor":9,"key":"Bottled Flame"},{"floor":11,"key":"Bottled Lightning"}],"event_choices":[{"damage_healed":0,"gold_gain":0,"player_choice":"Take Damage","damage_taken":20,"relics_obtained":["Golden Idol"],"max_hp_gain":0,"max_hp_loss":0,"event_name":"Golden Idol","floor":2,"gold_loss":0}],"is_beta":false,"boss_relics":[],"items_purged_floors":[],"is_endless":false,"potions_floor_spawned":[3,7,11],"killed_by":"Gremlin Nob","ascension_level":7}