{"gold_per_floor":[118,88,108,127,146,181,181,197,265,285,285,320,320,45,45,142,142,154,154,253,267,21,21,31,41,41,41,41,67,67,97,97,194,194,213,213,213,231,231,231,246,256,281,31,41,41,52,0,0,0],"floor_reached":50,"playtime":3765,"items_purged":["Strike_B"],"score":567,"play_id":"73f8f8b4-bbf4-4889-ac8c-708def72bc22","local_time":"20190425202326","is_ascension_mode":false,"campfire_choices":[{"data":"Self Repair","floor":7,"key":"SMITH"},{"data":"Fission","floor":11,"key":"SMITH"},{"floor":15,"key":"REST"},{"floor":23,"key":"REST"},{"data":"Rainbow","floor":32,"key":"SMITH"},{"floor":40,"key":"RECALL"},{"floor":49,"key":"REST"}],"neow_cost":"TEN_PERCENT_HP_LOSS","seed_source_timestamp":603176270869125,"circlet_count":0,"master_deck":["Defend_B","Zap","Dualcast","Steam Power+1","Double Energy+1","Streamline","Turbo","Doom and Gloom","Force Field","Self Repair+1","Conserve Battery","Fission+1","Streamline","Capacitor","Rainbow+1","Machine Learning","Darkness+1","Biased Cognition+1","Go for the Eyes+1","Redo","Coolheaded","Hello World","Leap","Coolheaded","Force Field","Chaos+1","Storm","Conserve Battery+1","Defragment","Meteor Strike","Glacier","Defragment","Stack","Electrodynamics","Tempest"],"relics":["Cracked Core","Art of War","Question Card","Prayer Wheel","Astrolabe","Enchiridion","PreservedInsect","StoneCalendar","Vajra","Ancient Tea Set","Fusion Hammer","Gremlin Horn","Red Mask"],"potions_floor_usage":[6,6,8,18,29,31,38,50],"damage_taken":[{"damage":1,"enemies":"Jaw Worm","floor":1,"turns":2},{"damage":0,"enemies":"Cultist","floor":3,"turns":2},{"damage":0,"enemies":"Small Slimes","floor":4,"turns":4},{"damage":9,"enemies":"Blue Slaver","floor":5,"turns":3},{"damage":11,"enemies":"Gremlin Nob","floor":6,"turns":3},{"damage":0,"enemies":"Looter","floor":8,"turns":3},{"damage":0,"enemies":"3 Louse","floor":10,"turns":2},{"damage":24,"enemies":"3 Sentries","floor":12,"turns":8},{"damage":17,"enemies":"The Guardian","floor":16,"turns":9},{"damage":26,"enemies":"3 Byrds","floor":18,"turns":4},{"damage":6,"enemies":"Shell Parasite","floor":21,"turns":3},{"damage":1,"enemies":"Centurion and Healer","floor":24,"turns":5},{"damage":20,"enemies":"3 Cultists","floor":25,"turns":4},{"damage":20,"enemies":"Slavers","floor":29,"turns":5},{"damage":10,"enemies":"Gremlin Leader","floor":31,"turns":5},{"damage":0,"enemies":"Champ","floor":33,"turns":8},{"damage":0,"enemies":"Orb Walker","floor":35,"turns":4},{"damage":2,"enemies":"3 Shapes","floor":38,"turns":4},{"damage":20,"enemies":"Spire Growth","floor":41,"turns":6},{"damage":21,"enemies":"Jaw Worm Horde","floor":42,"turns":4},{"damage":0,"enemies":"Sphere and 2 Shapes","floor":45,"turns":3},{"damage":3,"enemies":"Transient","floor":47,"turns":5},{"damage":83,"enemies":"Awakened One","floor":50,"turns":9}],"seed_played":"3695726188699911235","potions_obtained":[{"floor":2,"key":"Swift Potion"},{"floor":2,"key":"AttackPotion"},{"floor":3,"key":"Explosive Potion"},{"floor":16,"key":"EssenceOfSteel"},{"floor":24,"key":"EssenceOfSteel"},{"floor":29,"key":"Block Potion"},{"floor":31,"key":"Block Potion"},{"floor":45,"key":"Regen Potion"},{"floor":47,"key":"SteroidPotion"}],"is_trial":false,"path_per_floor":["?","M","?","?","?","?","?","?","M","?","M","$","M","?"],"character_chosen":"DEFECT","items_purchased":["Capacitor","Rainbow","PreservedInsect","Leap","Coolheaded","Gremlin Horn"],"campfire_rested":3,"item_purchase_floors":[14,14,22,22,22,44],"current_hp_per_floor":[67,67,67,67,58,47,47,57,57,67,67,53,39,39,59,52,68,52,36,36,40,40,60,68,58,58,58,58,48,68,68,68,68,68,68,68,68,66,66,66,56,55,55,55,65,65,68,68,68,0],"gold":0,"neow_bonus":"TRANSFORM_TWO_CARDS","is_prod":false,"is_daily":false,"chose_seed":false,"campfire_upgraded":3,"win_rate":0,"timestamp":1556238206,"path_taken":["M","?","M","M","?","E","R","M","T","M","R","E","?","$","R","BOSS","M","?","?","M","$","R","M","M","T","$","?","E","?","E","R","BOSS","M","$","?","?","?","R","M","?","T","$","M","?","?","?","R","BOSS"],"build_version":"2019-01-23","purchased_purges":1,"victory":false,"max_hp_per_floor":[68,68,68,68,68,68,68,68,68,68,68,68,68,68,68,68,68,68,68,68,68,68,68,68,68,68,68,68,68,68,68,68,68,68,68,68,68,68,68,68,68,68,68,68,68,68,68,68,68,68],"card_choices":[{"not_picked":["Steam","Stack"],"picked":"Streamline","floor":1},{"not_picked":["Rebound","Streamline"],"picked":"Turbo","floor":3},{"not_picked":["Coolheaded","Go for the Eyes"],"picked":"Doom and Gloom","floor":4},{"not_picked":["Gash","Stack"],"picked":"Force Field","floor":5},{"not_picked":["Capacitor","Ball Lightning"],"picked":"Self Repair","floor":6},{"not_picked":["Static Discharge","Auto Shields"],"picked":"Conserve Battery","floor":8},{"not_picked":["Skim","Stack","Streamline"],"picked":"Fission","floor":10},{"not_picked":["FTL","Compile Driver","Sweeping Beam"],"picked":"Streamline","floor":12},{"not_picked":["Thunder Strike","Reboot","Amplify"],"picked":"Machine Learning","floor":16},{"not_picked":["Sweeping Beam+1","Scrape+1","Hologram"],"picked":"Redo","floor":18},{"not_picked":["Aggregate+1","Gash","Steam"],"picked":"Coolheaded","floor":18},{"not_picked":["Barrage+1","Thunder Strike","Go for the Eyes"],"picked":"Hello World","floor":21},{"not_picked":["Coolheaded","Turbo","Conserve Battery","Steam"],"picked":"SKIP","floor":21},{"not_picked":["All For One","Ball Lightning","Doom and Gloom"],"picked":"Force Field","floor":24},{"not_picked":["Redo+1","Cold Snap","Sweeping Beam"],"picked":"Chaos+1","floor":24},{"not_picked":["Sunder+1","Go for the Eyes","Gash"],"picked":"Storm","floor":25},{"not_picked":["Ball Lightning","Capacitor","Turbo+1"],"picked":"Conserve Battery+1","floor":25},{"not_picked":["Streamline","Blizzard","Sunder"],"picked":"Defragment","floor":29},{"not_picked":["All For One","Biased Cognition","Rebound","Streamline"],"picked":"SKIP","floor":31},{"not_picked":["Hyperbeam","Thunder Strike","Machine Learning"],"picked":"Meteor Strike","floor":33},{"not_picked":["Melter+1","Heatsinks+1","Scrape"],"picked":"Glacier","floor":35},{"not_picked":["Ball Lightning","Reprogram+1","Cold Snap","Turbo+1"],"picked":"SKIP","floor":35},{"not_picked":["Streamline+1","Steam Power+1","Sweeping Beam"],"picked":"Defragment","floor":38},{"not_picked":["Darkness","Gash+1","Steam","Coolheaded"],"picked":"SKIP","floor":38},{"not_picked":["Aggregate+1","Darkness","Double Energy","Melter"],"picked":"SKIP","floor":41},{"not_picked":["Coolheaded+1","Barrage","Go for the Eyes","Sweeping Beam"],"picked":"SKIP","floor":41},{"not_picked":["Static Discharge","Reprogram+1","Leap+1"],"picked":"Electrodynamics","floor":42},{"not_picked":["Turbo+1","Coolheaded","Sweeping Beam","Beam Cell+1"],"picked":"SKIP","floor":42},{"not_picked":["Gash+1","Heatsinks","Genetic Algorithm","Recycle"],"picked":"SKIP","floor":45},{"not_picked":["Turbo+1","Steam+1","Conserve Battery","Compile Driver+1"],"picked":"SKIP","floor":45},{"not_picked":["Hello World","Skim+1","Steam+1"],"picked":"Tempest","floor":47},{"not_picked":["Stack+1","Ball Lightning+1","Rebound","Cold Snap+1"],"picked":"SKIP","floor":47}],"player_experience":403969,"relics_obtained":[{"floor":6,"key":"Art of War"},{"floor":9,"key":"Question Card"},{"floor":12,"key":"Prayer Wheel"},{"floor":19,"key":"Enchiridion"},{"floor":26,"key":"StoneCalendar"},{"floor":29,"key":"Vajra"},{"floor":31,"key":"Ancient Tea Set"}],"event_choices":[{"damage_healed":0,"gold_gain":0,"player_choice":"Bought 2 Potions","damage_taken":0,"max_hp_gain":0,"max_hp_loss":0,"event_name":"The Woman in Blue","floor":2,"gold_loss":0},{"damage_healed":0,"gold_gain":0,"player_choice":"Entered Light","damage_taken":14,"max_hp_gain":0,"max_hp_loss":0,"event_name":"Shining Light","floor":13,"gold_loss":0,"cards_upgraded":["Steam Power","Double Energy"]},{"damage_healed":0,"gold_gain":0,"player_choice":"Obtained Book","damage_taken":16,"max_hp_gain":0,"max_hp_loss":0,"event_name":"Cursed Tome","floor":19,"gold_loss":0},{"damage_healed":0,"gold_gain":99,"player_choice":"Stole From Cult","damage_taken":0,"max_hp_gain":0,"max_hp_loss":0,"event_name":"Nest","floor":20,"gold_loss":0},{"damage_healed":0,"gold_gain":0,"player_choice":"Ignored","damage_taken":0,"max_hp_gain":0,"max_hp_loss":0,"event_name":"Ghosts","floor":28,"gold_loss":0},{"damage_healed":22,"gold_gain":0,"player_choice":"Heal","damage_taken":0,"max_hp_gain":0,"max_hp_loss":0,"event_name":"The Library","floor":30,"gold_loss":0},{"damage_healed":0,"gold_gain":0,"player_choice":"Ignored","damage_taken":0,"max_hp_gain":0,"max_hp_loss":0,"event_name":"SecretPortal","floor":37,"gold_loss":0},{"damage_healed":0,"gold_gain":0,"cards_transformed":["Defend_B"],"player_choice":"Transformed","damage_taken":0,"max_hp_gain":0,"max_hp_loss":0,"event_name":"Transmorgrifier","floor":39,"gold_loss":0,"cards_obtained":["Stack"]},{"damage_healed":0,"gold_gain":0,"player_choice":"Paid","damage_taken":0,"relics_obtained":["Red Mask"],"max_hp_gain":0,"max_hp_loss":0,"event_name":"Tomb of Lord Red Mask","floor":48,"gold_loss":52}],"is_beta":false,"boss_relics":[{"not_picked":["Coffee Dripper","Pandora\u0027s Box"],"picked":"Astrolabe"},{"not_picked":["Snecko Eye","Runic Dome"],"picked":"Fusion Hammer"}],"items_purged_floors":[14],"is_endless":false,"potions_floor_spawned":[3,5,16,24,29,31,45,47],"killed_by":"Awakened One","ascension_level":0}