{"gold_per_floor":[115,126,126,140,43,43,143,175,202,215,250,262,277,294,294,390,390,409,429,178,197,207,207,233,333,333,366,366,392,406,438,450,565,577,606,634,662,688,716,728,771,802,814,856,531,558,558,570,570,570,570,570,45,71,71],"floor_reached":56,"playtime":9071,"items_purged":["Strike_R","Strike_R","Feed"],"score":1733,"play_id":"c35fb4e5-9c0b-4503-a742-ee2633070c52","local_time":"20190522140951","is_ascension_mode":true,"campfire_choices":[{"data":"Heavy Blade","floor":6.0,"key":"SMITH"},{"data":"Demon Form","floor":15.0,"key":"SMITH"},{"data":"Armaments","floor":23.0,"key":"SMITH"},{"data":"Rage","floor":32.0,"key":"PURGE"},{"data":"Defend_R","floor":40.0,"key":"PURGE"},{"floor":49.0,"key":"RECALL"},{"data":"Strike_R+1","floor":52.0,"key":"PURGE"}],"neow_cost":"TEN_PERCENT_HP_LOSS","seed_source_timestamp":0,"circlet_count":0,"master_deck":["Defend_R","Defend_R","Defend_R","Bash+1","Demon Form+1","Clothesline","Heavy Blade+1","Shrug It Off","Armaments+1","Battle Trance","Shockwave","Headbutt+1","Clothesline+1","Whirlwind+1","Barricade","Immolate","Limit Break+1","Bloodletting+1"],"special_seed":0,"relics":["Burning Blood","CultistMask","Whetstone","Bronze Scales","Bag of Preparation","Snecko Eye","Blood Vial","Mango","StoneCalendar","Bottled Lightning","Gremlin Horn","Peace Pipe","Nilry\u0027s Codex","Pocketwatch","MawBank","Busted Crown","Toxic Egg 2","Question Card","Strawberry","Lee\u0027s Waffle","Pantograph","PrismaticShard","Du-Vu Doll"],"potions_floor_usage":[54,54],"damage_taken":[{"damage":18.0,"enemies":"Small Slimes","floor":1.0,"turns":5.0},{"damage":4.0,"enemies":"Cultist","floor":2.0,"turns":4.0},{"damage":0.0,"enemies":"2 Louse","floor":4.0,"turns":2.0},{"damage":15.0,"enemies":"Gremlin Nob","floor":8.0,"turns":5.0},{"damage":3.0,"enemies":"Looter","floor":10.0,"turns":3.0},{"damage":14.0,"enemies":"Lagavulin","floor":11.0,"turns":6.0},{"damage":0.0,"enemies":"Blue Slaver","floor":12.0,"turns":5.0},{"damage":0.0,"enemies":"2 Fungi Beasts","floor":13.0,"turns":5.0},{"damage":2.0,"enemies":"3 Louse","floor":14.0,"turns":4.0},{"damage":9.0,"enemies":"The Guardian","floor":16.0,"turns":11.0},{"damage":5.0,"enemies":"Shell Parasite","floor":18.0,"turns":4.0},{"damage":0.0,"enemies":"Chosen","floor":19.0,"turns":4.0},{"damage":15.0,"enemies":"Snake Plant","floor":21.0,"turns":4.0},{"damage":14.0,"enemies":"Centurion and Healer","floor":22.0,"turns":6.0},{"damage":11.0,"enemies":"Slavers","floor":24.0,"turns":8.0},{"damage":3.0,"enemies":"Colosseum Slavers","floor":25.0,"turns":2.0},{"damage":7.0,"enemies":"Colosseum Nobs","floor":25.0,"turns":3.0},{"damage":23.0,"enemies":"Book of Stabbing","floor":27.0,"turns":5.0},{"damage":0.0,"enemies":"Gremlin Leader","floor":29.0,"turns":4.0},{"damage":0.0,"enemies":"Cultist and Chosen","floor":30.0,"turns":4.0},{"damage":28.0,"enemies":"Book of Stabbing","floor":31.0,"turns":7.0},{"damage":14.0,"enemies":"Champ","floor":33.0,"turns":7.0},{"damage":0.0,"enemies":"3 Darklings","floor":35.0,"turns":2.0},{"damage":13.0,"enemies":"Orb Walker","floor":36.0,"turns":6.0},{"damage":0.0,"enemies":"Jaw Worm Horde","floor":37.0,"turns":1.0},{"damage":5.0,"enemies":"3 Darklings","floor":38.0,"turns":3.0},{"damage":18.0,"enemies":"Sphere and 2 Shapes","floor":39.0,"turns":4.0},{"damage":0.0,"enemies":"Reptomancer","floor":41.0,"turns":5.0},{"damage":0.0,"enemies":"Transient","floor":42.0,"turns":5.0},{"damage":9.0,"enemies":"Nemesis","floor":44.0,"turns":7.0},{"damage":18.0,"enemies":"Reptomancer","floor":46.0,"turns":5.0},{"damage":6.0,"enemies":"Jaw Worm Horde","floor":48.0,"turns":3.0},{"damage":45.0,"enemies":"Awakened One","floor":50.0,"turns":9.0},{"damage":47,"enemies":"Shield and Spear","floor":54,"turns":3},{"damage":126,"enemies":"The Heart","floor":55,"turns":8}],"seed_played":"3691746979651523859","potions_obtained":[{"floor":2.0,"key":"Swift Potion"},{"floor":10.0,"key":"Energy Potion"},{"floor":12.0,"key":"PowerPotion"},{"floor":14.0,"key":"FearPotion"},{"floor":16.0,"key":"Ancient Potion"},{"floor":18.0,"key":"GamblersBrew"},{"floor":21.0,"key":"SpeedPotion"},{"floor":24.0,"key":"Energy Potion"},{"floor":27.0,"key":"Block Potion"},{"floor":36.0,"key":"Explosive Potion"},{"floor":39.0,"key":"SneckoOil"},{"floor":41.0,"key":"AttackPotion"},{"floor":44.0,"key":"GamblersBrew"},{"floor":48.0,"key":"Regen Potion"}],"is_trial":false,"path_per_floor":["M","M","?","M","$","R","?","E","T","M","E","M","M","M","R","B",null,"M","M","$","M","M","R","E","?","T","E","?","E","M","E","R","B",null,"M","M","M","M","M","R","E","M","T","E","$","E","?","M","R","B",null,"R","$","E","B",null],"character_chosen":"IRONCLAD","items_purchased":["Shrug It Off","Blood Vial","Strawberry","Lee\u0027s Waffle","Dexterity Potion","Regen Potion","Bloodletting+1","PrismaticShard"],"campfire_rested":0,"item_purchase_floors":[5,20,45,45,53,53,53,53],"current_hp_per_floor":[60,62,62,68,68,68,68,59,59,62,54,60,66,70,70,67,71,75,79,79,73,70,70,85,98,98,83,67,75,86,70,70,64,104,115,114,125,127,118,118,130,134,134,131,148,136,136,138,138,120,138,138,138,104,11],"gold":71,"neow_bonus":"TRANSFORM_TWO_CARDS","is_prod":false,"is_daily":false,"chose_seed":false,"campfire_upgraded":3,"win_rate":0,"timestamp":1558514391,"path_taken":["M","M","?","M","?","R","?","E","T","M","E","M","?","M","R","BOSS","M","M","$","M","M","R","E","?","T","E","?","E","M","E","R","BOSS","M","M","M","M","M","R","E","M","T","E","$","E","?","M","R","BOSS","R","$","E","BOSS"],"build_version":"2019-01-23","purchased_purges":3,"victory":true,"max_hp_per_floor":[72,72,72,72,72,72,72,72,72,72,72,72,72,72,72,72,72,75,79,79,82,85,85,103,110,110,110,110,110,113,117,117,117,117,120,124,127,127,130,130,134,134,134,134,148,148,141,141,141,144,144,144,144,144,144],"card_choices":[{"not_picked":["Armaments","Ghostly Armor"],"picked":"Clothesline","floor":1.0},{"not_picked":["Clash","Pommel Strike","Twin Strike"],"picked":"SKIP","floor":2.0},{"not_picked":["Clash","Pommel Strike","Twin Strike"],"picked":"SKIP","floor":2.0},{"not_picked":["Headbutt","True Grit"],"picked":"Heavy Blade","floor":4.0},{"not_picked":["Juggernaut","Warcry"],"picked":"Armaments","floor":8.0},{"not_picked":["Heavy Blade","Anger","Twin Strike"],"picked":"SKIP","floor":10.0},{"not_picked":["Thunderclap","Rage"],"picked":"Battle Trance","floor":11.0},{"not_picked":["Combust","Rage","Anger"],"picked":"SKIP","floor":12.0},{"not_picked":["Sword Boomerang","Dual Wield"],"picked":"Shockwave","floor":13.0},{"not_picked":["Perfected Strike","Dropkick","Rage"],"picked":"SKIP","floor":14.0},{"not_picked":["Brutality","Exhume"],"picked":"Feed","floor":16.0},{"not_picked":["Power Through","Sword Boomerang","Armaments"],"picked":"SKIP","floor":18.0},{"not_picked":["Clothesline","Headbutt+1","Wild Strike"],"picked":"SKIP","floor":19.0},{"not_picked":["Clothesline","Wild Strike"],"picked":"Headbutt+1","floor":19.0},{"not_picked":["Thunderclap","Headbutt","Fiend Fire"],"picked":"SKIP","floor":21.0},{"not_picked":["Headbutt+1","Thunderclap"],"picked":"Clothesline+1","floor":22.0},{"not_picked":["Body Slam+1","Clash"],"picked":"Whirlwind+1","floor":24.0},{"not_picked":["Pommel Strike","Cleave","Flex"],"picked":"SKIP","floor":27.0},{"not_picked":["Thunderclap+1","Wild Strike+1","Body Slam"],"picked":"SKIP","floor":29.0},{"not_picked":["Double Tap","Body Slam","Clash+1"],"picked":"SKIP","floor":30.0},{"not_picked":["Dual Wield+1","Thunderclap"],"picked":"Barricade","floor":31.0},{"not_picked":["Double Tap","Berserk"],"picked":"Immolate","floor":33.0},{"not_picked":["True Grit+1"],"picked":"SKIP","floor":35.0},{"not_picked":["Cleave"],"picked":"SKIP","floor":36.0},{"not_picked":["Headbutt"],"picked":"SKIP","floor":37.0},{"not_picked":["Iron Wave+1"],"picked":"SKIP","floor":38.0},{"not_picked":["Clash"],"picked":"SKIP","floor":39.0},{"not_picked":[],"picked":"Limit Break","floor":41.0},{"not_picked":["Clash"],"picked":"SKIP","floor":42.0},{"not_picked":["True Grit+1"],"picked":"SKIP","floor":44.0},{"not_picked":["Burning Pact+1","Sentinel+1"],"picked":"SKIP","floor":46.0},{"not_picked":["Twin Strike+1","True Grit+1"],"picked":"SKIP","floor":48.0},{"not_picked":["Quick Slash+1","Consume+1"],"picked":"SKIP","floor":54}],"player_experience":623400,"relics_obtained":[{"floor":8.0,"key":"Whetstone"},{"floor":9.0,"key":"Bronze Scales"},{"floor":11.0,"key":"Bag of Preparation"},{"floor":24.0,"key":"Mango"},{"floor":25.0,"key":"StoneCalendar"},{"floor":25.0,"key":"Bottled Lightning"},{"floor":26.0,"key":"Gremlin Horn"},{"floor":27.0,"key":"Peace Pipe"},{"floor":28.0,"key":"Nilry\u0027s Codex"},{"floor":29.0,"key":"Pocketwatch"},{"floor":31.0,"key":"MawBank"},{"floor":41.0,"key":"Toxic Egg 2"},{"floor":44.0,"key":"Question Card"},{"floor":46.0,"key":"Pantograph"},{"floor":54,"key":"Du-Vu Doll"}],"event_choices":[{"damage_healed":0.0,"max_hp_gain":0.0,"max_hp_loss":0.0,"gold_gain":0.0,"event_name":"FaceTrader","player_choice":"Trade","floor":3.0,"gold_loss":0.0,"damage_taken":0.0,"relics_obtained":["CultistMask"]},{"damage_healed":0.0,"max_hp_gain":0.0,"max_hp_loss":0.0,"gold_gain":100.0,"event_name":"Golden Shrine","player_choice":"Pray","floor":7.0,"gold_loss":0.0,"damage_taken":0.0},{"damage_healed":0.0,"max_hp_gain":0.0,"max_hp_loss":0.0,"gold_gain":0.0,"event_name":"Colosseum","player_choice":"Fight","floor":25.0,"gold_loss":0.0,"damage_taken":0.0},{"damage_healed":0.0,"max_hp_gain":0.0,"max_hp_loss":0.0,"gold_gain":0.0,"event_name":"Colosseum","player_choice":"Fought Nobs","floor":25.0,"gold_loss":0.0,"damage_taken":0.0},{"damage_healed":0.0,"max_hp_gain":0.0,"max_hp_loss":0.0,"gold_gain":0.0,"event_name":"Cursed Tome","player_choice":"Obtained Book","floor":28.0,"gold_loss":0.0,"damage_taken":16.0},{"damage_healed":0.0,"max_hp_gain":0.0,"max_hp_loss":7.0,"gold_gain":0.0,"event_name":"Winding Halls","player_choice":"Max HP","floor":47.0,"gold_loss":0.0,"damage_taken":0.0}],"is_beta":false,"boss_relics":[{"not_picked":["Tiny House","Empty Cage"],"picked":"Snecko Eye"},{"not_picked":["Black Blood","Runic Pyramid"],"picked":"Busted Crown"}],"items_purged_floors":[5,20,53],"is_endless":false,"potions_floor_spawned":[2,10,12,14,16,18,21,24,25,27,36,39,41,44,48],"ascension_level":6}