{"gold_per_floor":[110,185,185,38,52,65,99,119,143,143,143],"floor_reached":11,"playtime":650,"items_purged":["Injury"],"score":117,"play_id":"3674f205-150f-4de7-908f-88aae3dda280","local_time":"20190601200113","is_ascension_mode":true,"campfire_choices":[],"neow_cost":"CURSE","seed_source_timestamp":1181318529293758,"circlet_count":0,"master_deck":["AscendersBane","Defend_G","Defend_G","Defend_G+1","Defend_G","Defend_G+1","Strike_G","Strike_G","Strike_G","Strike_G","Strike_G","Survivor","Neutralize","Well Laid Plans","Dagger Spray","Noxious Fumes","Terror","Catalyst"],"special_seed":0,"relics":["Ring of the Snake","Peace Pipe","Golden Idol","Bag of Preparation","War Paint","Bronze Scales"],"potions_floor_usage":[],"damage_taken":[{"damage":1.0,"enemies":"Jaw Worm","floor":1.0,"turns":6.0},{"damage":0.0,"enemies":"2 Louse","floor":5.0,"turns":4.0},{"damage":0.0,"enemies":"Cultist","floor":6.0,"turns":4.0},{"damage":17.0,"enemies":"3 Sentries","floor":7.0,"turns":8.0},{"damage":16,"enemies":"Exordium Wildlife","floor":8,"turns":7},{"damage":27,"enemies":"Lagavulin","floor":11,"turns":4}],"seed_played":"5920723693231776455","potions_obtained":[{"floor":5.0,"key":"GhostInAJar"},{"floor":8,"key":"Swift Potion"}],"is_trial":false,"path_per_floor":["M","?","?","$","M","M","E","M","T","?","E"],"character_chosen":"THE_SILENT","items_purchased":["Well Laid Plans"],"campfire_rested":0,"item_purchase_floors":[4],"current_hp_per_floor":[62,51,51,51,51,51,34,18,18,15,0],"gold":143,"neow_bonus":"ONE_RARE_RELIC","is_prod":false,"is_daily":false,"chose_seed":false,"campfire_upgraded":0,"win_rate":0,"timestamp":1559399473,"path_taken":["M","?","?","$","?","?","E","M","T","?","E"],"build_version":"2019-01-23","purchased_purges":1,"victory":false,"max_hp_per_floor":[70,70,65,65,65,65,65,65,65,65,65],"card_choices":[{"not_picked":["Dagger Throw","Blade Dance","Bane"],"picked":"SKIP","floor":1.0},{"not_picked":["Well Laid Plans","Flying Knee"],"picked":"Dagger Spray","floor":5.0},{"not_picked":["Dodge and Roll","Cloak And Dagger"],"picked":"Noxious Fumes","floor":6.0},{"not_picked":["Heel Hook","Calculated Gamble"],"picked":"Terror","floor":7.0},{"not_picked":["Poisoned Stab","Bane"],"picked":"Catalyst","floor":8}],"player_experience":1068172,"relics_obtained":[{"floor":7.0,"key":"Bag of Preparation"},{"floor":9,"key":"War Paint"}],"event_choices":[{"damage_healed":0.0,"max_hp_gain":0.0,"max_hp_loss":0.0,"gold_gain":75.0,"event_name":"World of Goop","player_choice":"Gather Gold","floor":2.0,"gold_loss":0.0,"damage_taken":11.0},{"damage_healed":0.0,"max_hp_gain":0.0,"max_hp_loss":5.0,"gold_gain":0.0,"event_name":"Golden Idol","player_choice":"Lose Max HP","floor":3.0,"gold_loss":0.0,"damage_taken":0.0,"relics_obtained":["Golden Idol"]},{"damage_healed":0,"gold_gain":0,"player_choice":"Success","damage_taken":3,"relics_obtained":["Bronze Scales"],"max_hp_gain":0,"max_hp_loss":0,"event_name":"Scrap Ooze","floor":10,"gold_loss":0}],"is_beta":false,"boss_relics":[],"items_purged_floors":[4],"is_endless":false,"potions_floor_spawned":[5,8],"killed_by":"Lagavulin","ascension_level":12}