{"gold_per_floor":[113,1,1,1,1,28,40,80,119,31,31,42,42,57,57,153,153,166,166,81,100,31,31,49,49,49,49,49,49,148,180,180,275,275,287,334,334,349,367,367,11,11,11,11,26,45,55,155,155,155],"floor_reached":50,"playtime":4922,"items_purged":["Strike_B","Hyperbeam"],"score":494,"play_id":"07a33a54-6527-4e05-9f98-c781d2e0ace3","local_time":"20190121235507","is_ascension_mode":false,"campfire_choices":[{"floor":13,"key":"REST"},{"data":"Hello World","floor":15,"key":"SMITH"},{"floor":23,"key":"REST"},{"floor":25,"key":"REST"},{"data":"Zap","floor":28,"key":"SMITH"},{"data":"Machine Learning","floor":29,"key":"SMITH"},{"floor":32,"key":"REST"},{"floor":40,"key":"RECALL"},{"data":"Discovery","floor":42,"key":"SMITH"},{"data":"Thunder Strike","floor":49,"key":"SMITH"}],"neow_cost":"NONE","seed_source_timestamp":1041256415470296,"circlet_count":0,"master_deck":["Strike_B+1","Defend_B","Defend_B+1","Defend_B","Defend_B","Zap+1","Dualcast","Madness","Heatsinks","Hello World+1","Steam Power","Self Repair","Compile Driver","Capacitor","Machine Learning+1","Barrage","FTL","Self Repair","Ball Lightning+1","Fusion+1","Thunder Strike+1","Hologram+1","Go for the Eyes+1","Hyperbeam","Sweeping Beam","Go for the Eyes+1","All For One","FTL","Force Field","Discovery+1","Doubt","Turbo+1","Conserve Battery","Melter+1"],"relics":["Cracked Core","Omamori","MawBank","Bag of Preparation","WarpedTongs","Nuclear Battery","Nunchaku","WingedGreaves","Red Mask","Coffee Dripper","FossilizedHelix","Mummified Hand"],"potions_floor_usage":[16,21,33,36,36,50],"damage_taken":[{"damage":3,"enemies":"Jaw Worm","floor":1,"turns":3},{"damage":22,"enemies":"3 Sentries","floor":6,"turns":4},{"damage":12,"enemies":"Gremlin Nob","floor":8,"turns":4},{"damage":2,"enemies":"Small Slimes","floor":12,"turns":4},{"damage":0,"enemies":"2 Louse","floor":14,"turns":2},{"damage":15,"enemies":"Slime Boss","floor":16,"turns":8},{"damage":20,"enemies":"Shell Parasite","floor":18,"turns":5},{"damage":47,"enemies":"2 Thieves","floor":21,"turns":4},{"damage":20,"enemies":"Centurion and Healer","floor":24,"turns":4},{"damage":19,"enemies":"Colosseum Slavers","floor":27,"turns":5},{"damage":34,"enemies":"Masked Bandits","floor":31,"turns":4},{"damage":57,"enemies":"Collector","floor":33,"turns":8},{"damage":25,"enemies":"3 Darklings","floor":35,"turns":4},{"damage":32,"enemies":"2 Orb Walkers","floor":36,"turns":4},{"damage":0,"enemies":"3 Shapes","floor":38,"turns":1},{"damage":27,"enemies":"Sphere and 2 Shapes","floor":39,"turns":4},{"damage":6,"enemies":"3 Darklings","floor":45,"turns":3},{"damage":0,"enemies":"Spire Growth","floor":46,"turns":2},{"damage":5,"enemies":"Writhing Mass","floor":47,"turns":4},{"damage":89,"enemies":"Time Eater","floor":50,"turns":9}],"seed_played":"8898180510325146493","potions_obtained":[{"floor":8,"key":"Energy Potion"},{"floor":14,"key":"Swift Potion"},{"floor":16,"key":"Fire Potion"},{"floor":24,"key":"Explosive Potion"},{"floor":35,"key":"EssenceOfSteel"},{"floor":38,"key":"Explosive Potion"},{"floor":39,"key":"EssenceOfSteel"}],"is_trial":false,"path_per_floor":["M","$","?","?","?","E","?","E","T","$","?","M","R","M","R","B",null,"M","?","?","M","$","R","M","R","T","?","R","R","?","?","R","B",null,"M","?","?","M","M","R","$","R","T","?","M","M","M","?","R","B"],"character_chosen":"DEFECT","items_purchased":["Hello World","Self Repair","All For One","FTL","Force Field","Discovery"],"campfire_rested":4,"item_purchase_floors":[2,22,41,41,41,41],"current_hp_per_floor":[72,72,57,50,50,28,46,34,34,34,34,32,54,61,61,53,75,65,65,65,25,25,47,44,66,66,61,61,61,61,44,66,23,75,64,39,39,39,26,26,26,26,26,75,75,75,75,75,75,0],"gold":155,"neow_bonus":"RANDOM_COLORLESS","is_prod":false,"is_daily":false,"chose_seed":false,"campfire_upgraded":5,"win_rate":0,"timestamp":1548136507,"path_taken":["M","$","?","?","?","E","?","E","T","?","?","?","R","M","R","BOSS","M","?","?","M","?","R","?","R","T","?","R","R","?","?","R","BOSS","M","?","?","?","M","R","$","R","T","?","M","M","M","?","R","BOSS"],"build_version":"2019-01-17v2","purchased_purges":2,"victory":false,"max_hp_per_floor":[75,75,75,75,75,75,75,75,75,75,75,75,75,75,75,75,75,75,75,75,75,75,75,75,75,75,75,75,75,75,75,75,75,75,75,75,75,75,75,75,75,75,75,75,75,75,75,75,75,75],"card_choices":[{"not_picked":["Doom and Gloom","Recycle"],"picked":"Heatsinks","floor":1},{"not_picked":["Genetic Algorithm","Coolheaded"],"picked":"Steam Power","floor":6},{"not_picked":["White Noise","Multi-Cast"],"picked":"Self Repair","floor":8},{"not_picked":["Cold Snap","Beam Cell"],"picked":"Compile Driver","floor":12},{"not_picked":["Force Field","Stack"],"picked":"Capacitor","floor":14},{"not_picked":["Echo Form","Seek"],"picked":"Machine Learning","floor":16},{"not_picked":["Stack","Go for the Eyes"],"picked":"Barrage","floor":18},{"not_picked":["Lockon","Barrage"],"picked":"FTL","floor":21},{"not_picked":["Double Energy","Chill"],"picked":"Ball Lightning+1","floor":24},{"not_picked":["Doom and Gloom","Rip and Tear+1"],"picked":"Fusion+1","floor":31},{"not_picked":["Amplify","Biased Cognition"],"picked":"Thunder Strike","floor":33},{"not_picked":["Cold Snap+1","Glacier+1"],"picked":"Hologram+1","floor":35},{"not_picked":["Chaos","Glacier+1"],"picked":"Go for the Eyes+1","floor":36},{"not_picked":["Steam","Rebound+1"],"picked":"Sweeping Beam","floor":38},{"not_picked":["Coolheaded+1","Beam Cell"],"picked":"Go for the Eyes+1","floor":39},{"not_picked":["Buffer","Redo"],"picked":"Turbo+1","floor":45},{"not_picked":["Aggregate","Coolheaded"],"picked":"Conserve Battery","floor":46},{"not_picked":["Stack+1","Self Repair"],"picked":"Melter+1","floor":47}],"player_experience":112331,"relics_obtained":[{"floor":6,"key":"MawBank"},{"floor":8,"key":"Bag of Preparation"},{"floor":26,"key":"WingedGreaves"},{"floor":31,"key":"Red Mask"},{"floor":36,"key":"FossilizedHelix"},{"floor":43,"key":"Mummified Hand"}],"event_choices":[{"damage_healed":0,"gold_gain":0,"player_choice":"Entered Light","damage_taken":15,"max_hp_gain":0,"max_hp_loss":0,"event_name":"Shining Light","floor":3,"gold_loss":0,"cards_upgraded":["Defend_B","Strike_B"]},{"damage_healed":0,"gold_gain":0,"player_choice":"Success","damage_taken":7,"relics_obtained":["Omamori"],"max_hp_gain":0,"max_hp_loss":0,"event_name":"Scrap Ooze","floor":4,"gold_loss":0},{"damage_healed":0,"gold_gain":0,"cards_transformed":["Strike_B"],"player_choice":"Change","damage_taken":0,"max_hp_gain":0,"max_hp_loss":0,"event_name":"Living Wall","floor":5,"gold_loss":0,"cards_obtained":["Hyperbeam"]},{"damage_healed":18,"gold_gain":0,"player_choice":"Healed and dodged fight","damage_taken":0,"max_hp_gain":0,"max_hp_loss":0,"event_name":"Mushrooms","floor":7,"gold_loss":0,"cards_obtained":["Parasite"]},{"damage_healed":0,"gold_gain":0,"player_choice":"Rummage","damage_taken":0,"relics_obtained":["WarpedTongs"],"max_hp_gain":0,"max_hp_loss":0,"event_name":"Accursed Blacksmith","floor":11,"gold_loss":0,"cards_obtained":["Pain"]},{"damage_healed":0,"gold_gain":0,"player_choice":"Ignored","damage_taken":0,"max_hp_gain":0,"max_hp_loss":0,"event_name":"Ghosts","floor":19,"gold_loss":0},{"damage_healed":0,"gold_gain":0,"player_choice":"Obtained Relic","damage_taken":0,"relics_obtained":["Nunchaku"],"max_hp_gain":0,"max_hp_loss":0,"event_name":"Addict","floor":20,"gold_loss":85},{"damage_healed":0,"gold_gain":0,"player_choice":"Fight","damage_taken":0,"max_hp_gain":0,"max_hp_loss":0,"event_name":"Colosseum","floor":27,"gold_loss":0},{"damage_healed":0,"gold_gain":0,"player_choice":"Fled From Nobs","damage_taken":0,"max_hp_gain":0,"max_hp_loss":0,"event_name":"Colosseum","floor":27,"gold_loss":0},{"damage_healed":0,"gold_gain":99,"player_choice":"Stole From Cult","damage_taken":0,"max_hp_gain":0,"max_hp_loss":0,"event_name":"Nest","floor":30,"gold_loss":0},{"damage_healed":0,"gold_gain":0,"player_choice":"Fought Bandits","damage_taken":0,"max_hp_gain":0,"max_hp_loss":0,"event_name":"Masked Bandits","floor":31,"gold_loss":0},{"damage_healed":0,"gold_gain":0,"player_choice":"Fight","damage_taken":0,"max_hp_gain":0,"max_hp_loss":0,"event_name":"Mysterious Sphere","floor":36,"gold_loss":0},{"damage_healed":0,"gold_gain":0,"cards_transformed":["Strike_B"],"player_choice":"Transformed","damage_taken":0,"max_hp_gain":0,"max_hp_loss":0,"event_name":"Transmorgrifier","floor":37,"gold_loss":0,"cards_obtained":["Hyperbeam"]},{"damage_healed":49,"gold_gain":0,"player_choice":"Heal","damage_taken":0,"max_hp_gain":0,"max_hp_loss":0,"event_name":"MindBloom","floor":44,"gold_loss":0,"cards_obtained":["Doubt"]},{"damage_healed":0,"gold_gain":100,"player_choice":"Pray","damage_taken":0,"max_hp_gain":0,"max_hp_loss":0,"event_name":"Golden Shrine","floor":48,"gold_loss":0}],"is_beta":false,"boss_relics":[{"not_picked":["Tiny House","Snecko Eye"],"picked":"Nuclear Battery"},{"not_picked":["Empty Cage","Black Star"],"picked":"Coffee Dripper"}],"items_purged_floors":[2,10],"is_endless":false,"potions_floor_spawned":[8,14,16,24,27,35,38,39],"killed_by":"Time Eater","ascension_level":0}