{"gold_per_floor":[111,130,147,222,241,241,12,36,36,36,36,36,62,79,79,79],"floor_reached":16,"playtime":1452,"items_purged":[],"score":100,"play_id":"bc6c102b-b332-4952-b517-3f01f2924736","local_time":"20190105165133","is_ascension_mode":false,"campfire_choices":[{"floor":6,"key":"REST"},{"floor":10,"key":"REST"},{"floor":12,"key":"REST"},{"floor":15,"key":"REST"}],"neow_cost":"NONE","seed_source_timestamp":600257983048950,"circlet_count":0,"master_deck":["Strike_B","Strike_B","Strike_B","Strike_B","Defend_B","Defend_B","Defend_B","Defend_B","Zap","Dualcast","Static Discharge","Redo","Genetic Algorithm","Barrage","All For One","Defragment","Scrape","Enlightenment","Fusion+1","Coolheaded+1"],"relics":["Cracked Core","NeowsBlessing","Odd Mushroom","Ancient Tea Set","Toxic Egg 2"],"potions_floor_usage":[],"damage_taken":[{"damage":0,"enemies":"Small Slimes","floor":1,"turns":1},{"damage":0,"enemies":"Jaw Worm","floor":2,"turns":1},{"damage":0,"enemies":"2 Louse","floor":3,"turns":1},{"damage":31,"enemies":"Exordium Thugs","floor":5,"turns":5},{"damage":31,"enemies":"The Mushroom Lair","floor":8,"turns":5},{"damage":44,"enemies":"Lagavulin","floor":13,"turns":5},{"damage":16,"enemies":"Red Slaver","floor":14,"turns":3},{"damage":30,"enemies":"Hexaghost","floor":16,"turns":9}],"seed_played":"4090224182271415035","potions_obtained":[{"floor":2,"key":"SkillPotion"},{"floor":3,"key":"Explosive Potion"},{"floor":5,"key":"SpeedPotion"},{"floor":8,"key":"PowerPotion"}],"is_trial":false,"path_per_floor":["M","M","M","?","M","R","$","?","T","R","?","R","E","M","R","B"],"character_chosen":"DEFECT","items_purchased":["All For One","Defragment"],"campfire_rested":4,"item_purchase_floors":[7,7],"current_hp_per_floor":[75,75,75,64,33,55,55,24,24,46,46,68,24,8,30,0],"gold":79,"neow_bonus":"THREE_ENEMY_KILL","is_prod":false,"is_daily":false,"chose_seed":false,"campfire_upgraded":0,"win_rate":0.0,"timestamp":1546728693,"path_taken":["M","M","M","?","M","R","$","?","T","R","?","R","E","?","R","BOSS"],"build_version":"2019-01-03v4","purchased_purges":0,"victory":false,"max_hp_per_floor":[75,75,75,75,75,75,75,75,75,75,75,75,75,75,75,75],"card_choices":[{"not_picked":["Ball Lightning","White Noise"],"picked":"Static Discharge","floor":1},{"not_picked":["Beam Cell","Streamline"],"picked":"Redo","floor":2},{"not_picked":["Gash","Conserve Battery"],"picked":"Genetic Algorithm","floor":3},{"not_picked":["Sweeping Beam","Reinforced Body"],"picked":"Barrage","floor":5},{"not_picked":["Rebound","Reinforced Body"],"picked":"Scrape","floor":8},{"not_picked":["Consume","Streamline"],"picked":"Fusion","floor":13},{"not_picked":["Hello World","Gash"],"picked":"Coolheaded+1","floor":14}],"player_experience":12734,"relics_obtained":[{"floor":8,"key":"Odd Mushroom"},{"floor":9,"key":"Ancient Tea Set"},{"floor":13,"key":"Toxic Egg 2"}],"event_choices":[{"damage_healed":0,"gold_gain":75,"player_choice":"Gather Gold","damage_taken":11,"max_hp_gain":0,"max_hp_loss":0,"event_name":"World of Goop","floor":4,"gold_loss":0},{"damage_healed":0,"gold_gain":0,"player_choice":"Fought Mushrooms","damage_taken":0,"max_hp_gain":0,"max_hp_loss":0,"event_name":"Mushrooms","floor":8,"gold_loss":0},{"damage_healed":0,"gold_gain":0,"player_choice":"1 cards matched","damage_taken":0,"max_hp_gain":0,"max_hp_loss":0,"event_name":"Match and Keep!","floor":11,"gold_loss":0,"cards_obtained":["Enlightenment"]}],"is_beta":false,"boss_relics":[],"items_purged_floors":[],"is_endless":false,"potions_floor_spawned":[2,3,5,8],"killed_by":"Hexaghost","ascension_level":0}