{"gold_per_floor":[114,114,114,114,127,161,161,178,178,193,193,227,240,257,257,354,354,368,368,380,396,415,415,444,63,63,82,82,82,96,96],"floor_reached":31,"playtime":975,"items_purged":["Strike_R"],"score":441,"play_id":"43f40755-3670-4206-8c10-54ed3daa1d39","local_time":"20190403150440","is_ascension_mode":true,"campfire_choices":[{"data":"Bash","floor":7.0,"key":"SMITH"},{"data":"Inflame","floor":11.0,"key":"SMITH"},{"data":"Disarm","floor":15.0,"key":"SMITH"},{"floor":23.0,"key":"REST"},{"data":"Apotheosis","floor":28,"key":"SMITH"}],"neow_cost":"NONE","seed_source_timestamp":1352470077717948,"circlet_count":0,"master_deck":["AscendersBane","Strike_R","Strike_R","Defend_R","Defend_R+1","Defend_R+1","Defend_R","Bash+1","Shrug It Off","Brutality","Seeing Red","Cleave","Infernal Blade","Inflame+1","Inflame","Disarm+1","Impervious","Thunderclap","Disarm+1","Pommel Strike+1","Pummel","Apotheosis+1","Flash of Steel","Limit Break","Ghostly Armor"],"special_seed":0,"relics":["Burning Blood","NeowsBlessing","Bottled Flame","Regal Pillow","Lantern","Cursed Key","Nunchaku","Membership Card"],"potions_floor_usage":[31],"damage_taken":[{"damage":0.0,"enemies":"Cultist","floor":1.0,"turns":1.0},{"damage":0.0,"enemies":"Small Slimes","floor":5.0,"turns":2.0},{"damage":0.0,"enemies":"Gremlin Nob","floor":6.0,"turns":1.0},{"damage":7.0,"enemies":"2 Louse","floor":8.0,"turns":3.0},{"damage":6.0,"enemies":"Exordium Wildlife","floor":10.0,"turns":4.0},{"damage":26.0,"enemies":"3 Sentries","floor":12.0,"turns":6.0},{"damage":10.0,"enemies":"Red Slaver","floor":13.0,"turns":4.0},{"damage":27.0,"enemies":"Exordium Thugs","floor":14.0,"turns":4.0},{"damage":33.0,"enemies":"Hexaghost","floor":16.0,"turns":13.0},{"damage":19.0,"enemies":"Shell Parasite","floor":18.0,"turns":6.0},{"damage":22.0,"enemies":"3 Byrds","floor":20.0,"turns":6.0},{"damage":23.0,"enemies":"Snake Plant","floor":21.0,"turns":3.0},{"damage":14.0,"enemies":"Snecko","floor":22.0,"turns":5.0},{"damage":22.0,"enemies":"Book of Stabbing","floor":24.0,"turns":6.0},{"damage":13,"enemies":"Cultist and Chosen","floor":27,"turns":7},{"damage":17,"enemies":"Shelled Parasite and Fungi","floor":30,"turns":4},{"damage":22,"enemies":"3 Cultists","floor":31,"turns":4}],"seed_played":"-4865396434884765916","potions_obtained":[{"floor":1.0,"key":"EssenceOfSteel"},{"floor":12.0,"key":"Regen Potion"},{"floor":13.0,"key":"Fire Potion"},{"floor":21.0,"key":"Strength Potion"},{"floor":22.0,"key":"SpeedPotion"}],"is_trial":false,"path_per_floor":["M","?","?","?","M","E","R","M","T","M","R","E","M","M","R","B",null,"M","?","M","M","M","R","E","$","T","M","R","?","M","M"],"character_chosen":"IRONCLAD","items_purchased":["Membership Card","Apotheosis","Flash of Steel"],"campfire_rested":1,"item_purchase_floors":[25,25,25],"current_hp_per_floor":[78,62,55,55,61,67,67,66,66,66,66,46,42,21,21,9,62,49,49,33,16,8,47,31,31,31,24,24,24,13,0],"gold":96,"neow_bonus":"THREE_ENEMY_KILL","is_prod":false,"is_daily":false,"chose_seed":false,"campfire_upgraded":4,"win_rate":0,"timestamp":1554271480,"path_taken":["M","?","?","?","M","E","R","M","T","M","R","E","M","M","R","BOSS","M","?","M","?","M","R","E","$","T","M","R","?","M","M"],"build_version":"2019-01-23","purchased_purges":1,"victory":false,"max_hp_per_floor":[80,80,80,80,80,80,80,80,80,80,80,80,80,80,80,80,80,80,80,80,80,80,80,80,80,80,80,80,80,80,80],"card_choices":[{"not_picked":["Hemokinesis","Fire Breathing"],"picked":"Shrug It Off","floor":1.0},{"not_picked":["Shrug It Off","Thunderclap"],"picked":"Seeing Red","floor":5.0},{"not_picked":["Wild Strike","Armaments"],"picked":"Cleave","floor":6.0},{"not_picked":["Body Slam","Dual Wield"],"picked":"Infernal Blade","floor":8.0},{"not_picked":["Clash","True Grit"],"picked":"Inflame","floor":10.0},{"not_picked":["Fiend Fire","Rampage"],"picked":"Inflame","floor":12.0},{"not_picked":["Wild Strike","Body Slam"],"picked":"Disarm","floor":13.0},{"not_picked":["Wild Strike","Intimidate","Body Slam"],"picked":"SKIP","floor":14.0},{"not_picked":["Demon Form","Brutality"],"picked":"Impervious","floor":16.0},{"not_picked":["Headbutt","Pommel Strike+1"],"picked":"Thunderclap","floor":18.0},{"not_picked":["Headbutt","Perfected Strike","Wild Strike"],"picked":"SKIP","floor":20.0},{"not_picked":["Perfected Strike","Clothesline+1"],"picked":"Pommel Strike+1","floor":21.0},{"not_picked":["Wild Strike","Cleave","Perfected Strike+1"],"picked":"SKIP","floor":22.0},{"not_picked":["Sentinel+1","Headbutt"],"picked":"Pummel","floor":24.0},{"not_picked":["Thunderclap","Iron Wave"],"picked":"Limit Break","floor":27},{"not_picked":["Iron Wave+1","Wild Strike+1"],"picked":"Ghostly Armor","floor":30}],"player_experience":407370,"relics_obtained":[{"floor":6.0,"key":"Bottled Flame"},{"floor":9.0,"key":"Regal Pillow"},{"floor":12.0,"key":"Lantern"},{"floor":24.0,"key":"Nunchaku"}],"event_choices":[{"damage_healed":0.0,"max_hp_gain":0.0,"max_hp_loss":0.0,"gold_gain":0.0,"event_name":"Shining Light","player_choice":"Entered Light","floor":2.0,"gold_loss":0.0,"damage_taken":16.0,"cards_upgraded":["Defend_R","Defend_R"]},{"cards_removed":["Strike_R"],"damage_healed":0.0,"max_hp_gain":0.0,"max_hp_loss":0.0,"gold_gain":0.0,"event_name":"Golden Wing","player_choice":"Card Removal","floor":3.0,"gold_loss":0.0,"damage_taken":7.0},{"damage_healed":0.0,"max_hp_gain":0.0,"max_hp_loss":0.0,"gold_gain":0.0,"cards_transformed":["Strike_R"],"event_name":"Living Wall","player_choice":"Change","floor":4.0,"gold_loss":0.0,"damage_taken":0.0,"cards_obtained":["Brutality"]},{"damage_healed":0.0,"max_hp_gain":0.0,"max_hp_loss":0.0,"gold_gain":0.0,"event_name":"Duplicator","player_choice":"Copied","floor":19.0,"gold_loss":0.0,"damage_taken":0.0,"cards_obtained":["Disarm"]},{"damage_healed":0,"gold_gain":0,"player_choice":"Ignored","damage_taken":0,"max_hp_gain":0,"max_hp_loss":0,"event_name":"Ghosts","floor":29,"gold_loss":0}],"is_beta":false,"boss_relics":[{"not_picked":["Pandora\u0027s Box","White Beast Statue"],"picked":"Cursed Key"}],"items_purged_floors":[25],"is_endless":false,"potions_floor_spawned":[1,12,13,14,21,22,27],"killed_by":"3 Cultists","ascension_level":10}