{"gold_per_floor":[114,114,129,144,144,174,174,189,189,66,66,126,126,141,141,241,241,256,271,171,186,186,186,216,231,256,256,286,11,11,26,26,126,126,141,156,171,171,21,21,36,51,51,51,66,66],"floor_reached":46,"playtime":5983,"items_purged":["Strike_G","Defend_G","Strike_G","Strike_G"],"score":497,"play_id":"ad9c4a2b-6df4-4135-858e-fc6bb8f3f2db","local_time":"20190531220918","daily_mods":["Specialized","Blue Cards","Binary"],"is_ascension_mode":false,"campfire_choices":[{"floor":7.0,"key":"REST"},{"floor":11.0,"key":"REST"},{"floor":15.0,"key":"REST"},{"data":"Redo","floor":23.0,"key":"SMITH"},{"data":"Neutralize","floor":27.0,"key":"SMITH"},{"floor":30.0,"key":"REST"},{"data":"Redo","floor":32.0,"key":"SMITH"},{"floor":40,"key":"REST"},{"data":"Loop","floor":44,"key":"SMITH"}],"neow_cost":"","seed_source_timestamp":2188037369934828,"circlet_count":0,"master_deck":["Defend_G","Defend_G","Defend_G+1","Defend_G","Strike_G","Survivor","Neutralize+1","Redo+1","Redo+1","Redo+1","Ball Lightning+1","Loop+1","Ball Lightning","Rebound","Deflect","Cloak And Dagger","Deadly Poison","Electrodynamics","Skewer+1","FTL","Dagger Spray+1","Static Discharge","Seek","Calculated Gamble+1","Hologram+1","Parasite"],"special_seed":18048,"relics":["Ring of the Snake","Anchor","Mercury Hourglass","Tiny Chest","Regal Pillow","Empty Cage","Ginger","Oddly Smooth Stone","Ninja Scroll","Boot","Philosopher\u0027s Stone","Blue Candle"],"potions_floor_usage":[46,46],"damage_taken":[{"damage":7.0,"enemies":"Small Slimes","floor":1.0,"turns":7.0},{"damage":1.0,"enemies":"Cultist","floor":3.0,"turns":3.0},{"damage":1.0,"enemies":"Jaw Worm","floor":4.0,"turns":4.0},{"damage":36.0,"enemies":"3 Sentries","floor":6.0,"turns":7.0},{"damage":12.0,"enemies":"Exordium Wildlife","floor":8.0,"turns":4.0},{"damage":10.0,"enemies":"Gremlin Nob","floor":12.0,"turns":4.0},{"damage":9.0,"enemies":"Exordium Thugs","floor":14.0,"turns":4.0},{"damage":58.0,"enemies":"Hexaghost","floor":16.0,"turns":11.0},{"damage":0.0,"enemies":"Chosen","floor":18.0,"turns":4.0},{"damage":14.0,"enemies":"2 Thieves","floor":19.0,"turns":4.0},{"damage":0.0,"enemies":"Cultist and Chosen","floor":21.0,"turns":4.0},{"damage":0.0,"enemies":"Gremlin Leader","floor":24.0,"turns":4.0},{"damage":10.0,"enemies":"Sentry and Sphere","floor":25.0,"turns":4.0},{"damage":34.0,"enemies":"Book of Stabbing","floor":28.0,"turns":6.0},{"damage":0.0,"enemies":"Snake Plant","floor":31.0,"turns":2.0},{"damage":40,"enemies":"Collector","floor":33,"turns":8},{"damage":0,"enemies":"3 Shapes","floor":35,"turns":3},{"damage":1,"enemies":"Orb Walker","floor":36,"turns":3},{"damage":44,"enemies":"Maw","floor":37,"turns":8},{"damage":9,"enemies":"3 Darklings","floor":41,"turns":3},{"damage":0,"enemies":"4 Shapes","floor":42,"turns":4},{"damage":35,"enemies":"Writhing Mass","floor":45,"turns":4},{"damage":37,"enemies":"Maw","floor":46,"turns":5}],"seed_played":"2544151343285503633","potions_obtained":[{"floor":4.0,"key":"Ancient Potion"},{"floor":8.0,"key":"EssenceOfSteel"},{"floor":14.0,"key":"AttackPotion"},{"floor":21.0,"key":"Energy Potion"},{"floor":28.0,"key":"FearPotion"},{"floor":31.0,"key":"Explosive Potion"},{"floor":42,"key":"Explosive Potion"},{"floor":45,"key":"Block Potion"}],"is_trial":false,"path_per_floor":["M","?","M","M","?","E","R","M","T","$","R","E","T","M","R","B",null,"M","M","$","M","?","R","E","M","T","R","E","$","R","M","R","B",null,"M","M","M","?","$","R","M","M","T","R","M","M"],"character_chosen":"THE_SILENT","items_purchased":["Cloak And Dagger","Boot"],"campfire_rested":5,"item_purchase_floors":[10,29],"current_hp_per_floor":[63,68,67,66,52,16,37,25,25,25,46,36,36,27,63,5,70,70,56,56,56,70,70,70,60,60,60,26,26,62,62,62,22,70,70,69,25,25,25,61,52,52,52,52,17,0],"gold":66,"neow_bonus":"","is_prod":false,"is_daily":true,"chose_seed":false,"campfire_upgraded":4,"win_rate":0,"timestamp":1559354958,"path_taken":["M","?","?","M","?","E","R","M","T","$","R","E","?","?","R","BOSS","M","M","$","M","?","R","E","M","T","R","E","$","R","M","R","BOSS","M","M","M","?","$","R","M","M","T","R","M","M"],"build_version":"2019-01-23","purchased_purges":4,"victory":false,"max_hp_per_floor":[70,70,70,70,70,70,70,70,70,70,70,70,70,70,70,70,70,70,70,70,70,70,70,70,70,70,70,70,70,70,70,70,70,70,70,70,70,70,70,70,70,70,70,70,70,70],"card_choices":[{"not_picked":["Noxious Fumes"],"picked":"Ball Lightning","floor":1.0},{"not_picked":["Dagger Spray"],"picked":"Loop","floor":3.0},{"not_picked":["Heel Hook"],"picked":"Ball Lightning","floor":4.0},{"not_picked":["Tactician"],"picked":"Rebound","floor":6.0},{"not_picked":["Beam Cell"],"picked":"Deflect","floor":8.0},{"not_picked":["Undo","Prepared"],"picked":"SKIP","floor":12.0},{"not_picked":["Outmaneuver"],"picked":"Deadly Poison","floor":14.0},{"not_picked":["All For One"],"picked":"Electrodynamics","floor":16.0},{"not_picked":["Rebound+1"],"picked":"Skewer+1","floor":18.0},{"not_picked":["Dagger Spray"],"picked":"FTL","floor":19.0},{"not_picked":["Sucker Punch"],"picked":"Dagger Spray+1","floor":21.0},{"not_picked":["Rebound","Stack"],"picked":"SKIP","floor":24.0},{"not_picked":["Chill","Terror"],"picked":"SKIP","floor":25.0},{"not_picked":["Predator"],"picked":"Static Discharge","floor":28.0},{"not_picked":["Slice","Aggregate+1"],"picked":"SKIP","floor":31.0},{"not_picked":["Biased Cognition"],"picked":"Seek","floor":33},{"not_picked":["Poisoned Stab+1"],"picked":"Calculated Gamble+1","floor":35},{"not_picked":["Flechettes"],"picked":"Hologram+1","floor":36},{"not_picked":["Hologram","Reprogram"],"picked":"SKIP","floor":37},{"not_picked":["Poisoned Stab+1","Slice+1"],"picked":"SKIP","floor":41},{"not_picked":["Cold Snap","Turbo+1"],"picked":"SKIP","floor":42},{"not_picked":["Quick Slash","Doom and Gloom+1"],"picked":"SKIP","floor":45}],"player_experience":357087,"relics_obtained":[{"floor":6.0,"key":"Anchor"},{"floor":9.0,"key":"Mercury Hourglass"},{"floor":12.0,"key":"Tiny Chest"},{"floor":13.0,"key":"Regal Pillow"},{"floor":24.0,"key":"Ginger"},{"floor":26.0,"key":"Oddly Smooth Stone"},{"floor":28.0,"key":"Ninja Scroll"},{"floor":43,"key":"Blue Candle"}],"event_choices":[{"cards_removed":["Redo"],"damage_healed":5.0,"max_hp_gain":0.0,"max_hp_loss":0.0,"gold_gain":0.0,"event_name":"Bonfire Elementals","player_choice":"Offered Common","floor":2.0,"gold_loss":0.0,"damage_taken":0.0},{"cards_removed":["Redo"],"damage_healed":5.0,"max_hp_gain":0.0,"max_hp_loss":0.0,"gold_gain":0.0,"event_name":"Bonfire Elementals","player_choice":"Offered Special","floor":2.0,"gold_loss":0.0,"damage_taken":0.0},{"damage_healed":0.0,"max_hp_gain":0.0,"max_hp_loss":0.0,"gold_gain":0.0,"event_name":"Shining Light","player_choice":"Entered Light","floor":5.0,"gold_loss":0.0,"damage_taken":14.0,"cards_upgraded":["Defend_G","Ball Lightning"]},{"damage_healed":23.0,"max_hp_gain":0.0,"max_hp_loss":0.0,"gold_gain":0.0,"event_name":"The Library","player_choice":"Heal","floor":22.0,"gold_loss":0.0,"damage_taken":0.0},{"damage_healed":0,"gold_gain":0,"player_choice":"Upgraded","damage_taken":0,"max_hp_gain":0,"max_hp_loss":0,"event_name":"Upgrade Shrine","floor":38,"gold_loss":0,"cards_upgraded":["Redo"]}],"is_beta":false,"boss_relics":[{"not_picked":["Eternal Feather","Orrery"],"picked":"Empty Cage"},{"not_picked":["Snecko Eye","Velvet Choker"],"picked":"Philosopher\u0027s Stone"}],"items_purged_floors":[10,20,29,39],"is_endless":false,"potions_floor_spawned":[4,8,14,21,28,31,35,42,45],"killed_by":"Maw","ascension_level":0}