{"gold_per_floor":[117,133,133,145,159,159,190,190,238,238,250,277,452,464,464,566,566,583,1,1,1,12,12,22,22,22,22,22],"floor_reached":28,"playtime":2291,"items_purged":[],"score":228,"play_id":"8f0026ef-6d70-479d-a5ad-05a6272956a6","local_time":"20190213200152","is_ascension_mode":false,"campfire_choices":[{"data":"Caltrops","floor":6,"key":"SMITH"},{"floor":8,"key":"REST"},{"data":"Envenom","floor":10,"key":"SMITH"},{"floor":15,"key":"REST"},{"data":"Caltrops","floor":23,"key":"SMITH"},{"floor":25,"key":"REST"}],"neow_cost":"NONE","seed_source_timestamp":81346459508811,"circlet_count":0,"master_deck":["Defend_G","Defend_G","Defend_G","Defend_G","Strike_G","Strike_G","Strike_G","Strike_G","Survivor","Neutralize","Caltrops+1","Envenom+1","Flying Knee","Quick Slash","Burst","Quick Slash+1","Finisher+1","Doubt","Flying Knee+1","Unload+1","Sucker Punch+1","Unload+1","Blade Dance","Enlightenment","Necronomicurse","Caltrops+1","Deflect","Blur+1","Blur","Decay"],"relics":["Ring of the Snake","Molten Egg 2","Blood Vial","Strawberry","Velvet Choker","Du-Vu Doll","Necronomicon","Sundial"],"potions_floor_usage":[],"damage_taken":[{"damage":0,"enemies":"2 Louse","floor":1,"turns":3},{"damage":0,"enemies":"Cultist","floor":2,"turns":4},{"damage":3,"enemies":"Jaw Worm","floor":4,"turns":6},{"damage":5,"enemies":"Looter","floor":5,"turns":5},{"damage":32,"enemies":"3 Sentries","floor":7,"turns":9},{"damage":1,"enemies":"3 Louse","floor":11,"turns":7},{"damage":15,"enemies":"Lagavulin","floor":12,"turns":8},{"damage":7,"enemies":"Large Slime","floor":14,"turns":7},{"damage":58,"enemies":"Hexaghost","floor":16,"turns":11},{"damage":12,"enemies":"2 Thieves","floor":18,"turns":3},{"damage":6,"enemies":"Chosen","floor":22,"turns":4},{"damage":29,"enemies":"Shelled Parasite and Fungi","floor":24,"turns":5},{"damage":52,"enemies":"Slavers","floor":28,"turns":4}],"seed_played":"8284033728672145333","potions_obtained":[{"floor":1,"key":"Dexterity Potion"},{"floor":7,"key":"Energy Potion"},{"floor":11,"key":"AttackPotion"},{"floor":24,"key":"Swift Potion"}],"is_trial":false,"path_per_floor":["?","M","?","?","?","?"],"character_chosen":"THE_SILENT","items_purchased":["Du-Vu Doll","Unload+1","Blade Dance","Enlightenment"],"campfire_rested":3,"item_purchase_floors":[19,19,19,19],"current_hp_per_floor":[77,77,77,74,69,69,37,60,60,60,61,55,55,50,75,19,84,72,72,56,56,52,52,25,50,50,50,0],"gold":22,"neow_bonus":"TEN_PERCENT_HP_BONUS","is_prod":false,"is_daily":false,"chose_seed":false,"campfire_upgraded":3,"win_rate":0.0,"timestamp":1550106112,"path_taken":["M","M","?","M","?","R","E","R","T","R","M","E","?","M","R","BOSS","M","$","?","?","M","R","M","R","T","?","E"],"build_version":"2019-01-23","purchased_purges":0,"victory":false,"max_hp_per_floor":[77,77,77,77,77,77,77,77,77,77,77,84,84,84,84,84,84,84,84,84,84,84,84,84,84,84,84,84],"card_choices":[{"not_picked":["Deadly Poison","Sucker Punch"],"picked":"Caltrops","floor":1},{"not_picked":["Sucker Punch","Slice"],"picked":"Crippling Poison","floor":2},{"not_picked":["Backflip","Slice"],"picked":"Flying Knee","floor":4},{"not_picked":["Terror","Acrobatics"],"picked":"Quick Slash","floor":5},{"not_picked":["Leg Sweep","Dash"],"picked":"Burst","floor":7},{"not_picked":["Backflip","Prepared"],"picked":"Quick Slash+1","floor":11},{"not_picked":["Prepared","Backstab+1"],"picked":"Finisher+1","floor":12},{"not_picked":["Deflect","Underhanded Strike+1"],"picked":"Flying Knee+1","floor":14},{"not_picked":["Night Terror","Glass Knife+1"],"picked":"Unload+1","floor":16},{"not_picked":["Prepared","Calculated Gamble"],"picked":"Sucker Punch+1","floor":18},{"not_picked":["Dash+1","Outmaneuver"],"picked":"Blur+1","floor":22},{"not_picked":["Distraction","Slice+1"],"picked":"Blur","floor":24}],"player_experience":16499,"relics_obtained":[{"floor":7,"key":"Molten Egg 2"},{"floor":9,"key":"Blood Vial"},{"floor":12,"key":"Strawberry"},{"floor":20,"key":"Necronomicon"},{"floor":26,"key":"Sundial"}],"event_choices":[{"damage_healed":0,"gold_gain":0,"cards_transformed":["Crippling Poison"],"player_choice":"Transformed","damage_taken":0,"max_hp_gain":0,"max_hp_loss":0,"event_name":"Transmorgrifier","floor":3,"gold_loss":0,"cards_obtained":["Envenom"]},{"damage_healed":0,"gold_gain":175,"player_choice":"AGREE","damage_taken":0,"max_hp_gain":0,"max_hp_loss":0,"event_name":"Liars Game","floor":13,"gold_loss":0,"cards_obtained":["Doubt"]},{"damage_healed":0,"gold_gain":0,"player_choice":"Obtained Book","damage_taken":16,"max_hp_gain":0,"max_hp_loss":0,"event_name":"Cursed Tome","floor":20,"gold_loss":0},{"damage_healed":0,"gold_gain":0,"cards_transformed":["Strike_G","Defend_G"],"player_choice":"Became Test Subject","damage_taken":0,"max_hp_gain":0,"max_hp_loss":0,"event_name":"Drug Dealer","floor":21,"gold_loss":0,"cards_obtained":["Caltrops","Deflect"]},{"damage_healed":0,"gold_gain":0,"player_choice":"Smashed Altar","damage_taken":0,"max_hp_gain":0,"max_hp_loss":0,"event_name":"Forgotten Altar","floor":27,"gold_loss":0,"cards_obtained":["Decay"]}],"is_beta":false,"boss_relics":[{"not_picked":["Snecko Eye","Fusion Hammer"],"picked":"Velvet Choker"}],"items_purged_floors":[],"is_endless":false,"potions_floor_spawned":[1,7,11,12,24],"killed_by":"Slavers","ascension_level":0}