{"gold_per_floor":[116,127,127,141,141,176,176,176,176,176,197,3,28,47,47,47],"floor_reached":16,"playtime":538,"items_purged":[],"score":153,"play_id":"97fcad48-5377-4bdb-8b9d-4b14c4c969c0","local_time":"20190522211515","is_ascension_mode":true,"campfire_choices":[{"floor":8,"key":"REST"},{"data":"Flame Barrier","floor":10,"key":"SMITH"},{"floor":15,"key":"REST"}],"neow_cost":"NONE","seed_source_timestamp":97220185445478,"circlet_count":0,"master_deck":["Strike_R","Strike_R","Strike_R","Strike_R","Defend_R","Defend_R","Defend_R","Defend_R","Bash","Pommel Strike","True Grit","Flame Barrier+1"],"relics":["Burning Blood","Golden Idol","Pear","Dodecahedron","Chemical X"],"potions_floor_usage":[1,16,16],"damage_taken":[{"damage":7,"enemies":"Small Slimes","floor":1,"turns":3},{"damage":6,"enemies":"Cultist","floor":2,"turns":3},{"damage":2,"enemies":"Jaw Worm","floor":4,"turns":4},{"damage":62,"enemies":"Lagavulin","floor":6,"turns":9},{"damage":32,"enemies":"Exordium Thugs","floor":11,"turns":7},{"damage":11,"enemies":"Lots of Slimes","floor":13,"turns":3},{"damage":2,"enemies":"Red Slaver","floor":14,"turns":5},{"damage":49,"enemies":"The Guardian","floor":16,"turns":8}],"seed_played":"8680858394929877709","potions_obtained":[{"floor":1,"key":"Fruit Juice"},{"floor":6,"key":"Dexterity Potion"},{"floor":14,"key":"Energy Potion"}],"is_trial":false,"path_per_floor":["M","M","?","M","?","E","$","R","T","R","M","$","M","M","R","B"],"character_chosen":"IRONCLAD","items_purchased":["Chemical X"],"campfire_rested":2,"item_purchase_floors":[12],"current_hp_per_floor":[84,84,85,85,64,18,18,46,46,46,20,20,15,19,47,0],"gold":47,"neow_bonus":"REMOVE_CARD","is_prod":false,"is_daily":false,"chose_seed":false,"campfire_upgraded":1,"win_rate":0,"timestamp":1558552515,"path_taken":["M","M","?","?","?","E","?","R","T","R","?","$","?","M","R","BOSS"],"build_version":"2019-01-23","purchased_purges":0,"victory":false,"max_hp_per_floor":[85,85,85,85,85,95,95,95,95,95,95,95,95,95,95,95],"card_choices":[{"not_picked":["Ghostly Armor","True Grit"],"picked":"Pommel Strike","floor":1},{"not_picked":["Body Slam","Seeing Red"],"picked":"True Grit","floor":2},{"not_picked":["Armaments","Sword Boomerang"],"picked":"Flame Barrier","floor":4},{"not_picked":["Clash","Power Through","True Grit"],"picked":"SKIP","floor":6},{"not_picked":["Clothesline","Flex","Carnage"],"picked":"SKIP","floor":11},{"not_picked":["Corruption","Sword Boomerang","Demon Form"],"picked":"SKIP","floor":13},{"not_picked":["Corruption","Clash","Rupture"],"picked":"SKIP","floor":14}],"player_experience":85684,"relics_obtained":[{"floor":6,"key":"Pear"},{"floor":9,"key":"Dodecahedron"}],"event_choices":[{"damage_healed":1,"gold_gain":0,"player_choice":"Full Heal","damage_taken":0,"max_hp_gain":0,"max_hp_loss":0,"event_name":"Wheel of Change","floor":3,"gold_loss":0},{"damage_healed":0,"gold_gain":0,"player_choice":"Take Damage","damage_taken":21,"relics_obtained":["Golden Idol"],"max_hp_gain":0,"max_hp_loss":0,"event_name":"Golden Idol","floor":5,"gold_loss":0}],"is_beta":false,"boss_relics":[],"items_purged_floors":[],"is_endless":false,"potions_floor_spawned":[1,6,14],"killed_by":"The Guardian","ascension_level":5}