{"gold_per_floor":[111,111,121,137,147,147,167,201,228,244,244,244,262,222,222,317,317,337,355,375,375,91,91,91,91,168,179,179,192,192,192],"floor_reached":31,"playtime":3467,"items_purged":["Defend_R"],"score":264,"play_id":"f47e904c-f58f-4762-a193-0348e64b8f6b","local_time":"20190104233125","is_ascension_mode":false,"campfire_choices":[{"data":"Anger","floor":6,"key":"SMITH"},{"data":"Anger","floor":12,"key":"SMITH"},{"floor":15,"key":"REST"},{"floor":23,"key":"REST"},{"floor":28,"key":"REST"}],"neow_cost":"","seed_source_timestamp":535831906628278,"circlet_count":0,"master_deck":["Defend_R","Defend_R","Bash","Anger+1","Shrug It Off","Inflame","Anger+1","Shrug It Off","True Grit","Burning Pact+1","True Grit","Barricade","Hemokinesis","Warcry+1","Shrug It Off","Bite","Bite","Bite","Bite","Bite","Headbutt","Sever Soul"],"relics":["Burning Blood","PreservedInsect","Runic Pyramid","Sling","Red Skull","Question Card"],"potions_floor_usage":[19],"damage_taken":[{"damage":10,"enemies":"2 Louse","floor":1,"turns":3},{"damage":2,"enemies":"Small Slimes","floor":3,"turns":3},{"damage":2,"enemies":"Cultist","floor":4,"turns":4},{"damage":2,"enemies":"Blue Slaver","floor":5,"turns":4},{"damage":4,"enemies":"3 Louse","floor":7,"turns":4},{"damage":22,"enemies":"Gremlin Nob","floor":8,"turns":4},{"damage":14,"enemies":"2 Fungi Beasts","floor":10,"turns":3},{"damage":2,"enemies":"Exordium Wildlife","floor":13,"turns":5},{"damage":66,"enemies":"The Guardian","floor":16,"turns":9},{"damage":20,"enemies":"3 Byrds","floor":18,"turns":6},{"damage":27,"enemies":"Spheric Guardian","floor":19,"turns":6},{"damage":37,"enemies":"Centurion and Healer","floor":20,"turns":7},{"damage":34,"enemies":"Shelled Parasite and Fungi","floor":27,"turns":5},{"damage":33,"enemies":"Snecko","floor":29,"turns":6},{"damage":44,"enemies":"Centurion and Healer","floor":31,"turns":3}],"seed_played":"6336828170642264224","potions_obtained":[{"floor":5,"key":"SpeedPotion"},{"floor":7,"key":"PowerPotion"},{"floor":14,"key":"SmokeBomb"},{"floor":14,"key":"Ancient Potion"},{"floor":14,"key":"Strength Potion"},{"floor":19,"key":"AttackPotion"}],"is_trial":false,"path_per_floor":["M","?","M","M","M","R","M","E","T","M","?","R","M","?","R","B",null,"M","M","M","?","$","R","?","$","T","M","R","M","?","M"],"character_chosen":"IRONCLAD","items_purchased":["Sling"],"campfire_rested":3,"item_purchase_floors":[22],"current_hp_per_floor":[76,76,80,80,80,80,80,64,64,58,58,58,64,64,80,20,80,66,47,18,18,18,42,42,42,42,22,46,37,37,0],"gold":192,"neow_bonus":"","is_prod":false,"is_daily":false,"chose_seed":false,"campfire_upgraded":2,"win_rate":0.0,"timestamp":1546666285,"path_taken":["M","?","M","M","M","R","M","E","T","M","?","R","M","?","R","BOSS","M","?","M","?","$","R","?","$","T","M","R","M","?","M"],"build_version":"2019-01-03v4","purchased_purges":1,"victory":false,"max_hp_per_floor":[80,80,80,80,80,80,80,80,80,80,80,80,80,80,80,80,80,80,80,80,80,80,80,80,80,80,80,80,80,80,80],"card_choices":[{"not_picked":["Perfected Strike","Pummel"],"picked":"Anger","floor":1},{"not_picked":["Fire Breathing","Feel No Pain"],"picked":"Shrug It Off","floor":3},{"not_picked":["Feel No Pain","Sword Boomerang"],"picked":"Inflame","floor":4},{"not_picked":["Carnage","Intimidate"],"picked":"Anger","floor":5},{"not_picked":["Impervious","Clash"],"picked":"Shrug It Off","floor":7},{"not_picked":["Clothesline","Anger"],"picked":"True Grit","floor":8},{"not_picked":["Rampage","Sword Boomerang"],"picked":"Burning Pact","floor":10},{"not_picked":["Iron Wave","Whirlwind"],"picked":"True Grit","floor":13},{"not_picked":["Bludgeon","Feed"],"picked":"Barricade","floor":16},{"not_picked":["Flex","Perfected Strike+1"],"picked":"Hemokinesis","floor":18},{"not_picked":["Disarm","Cleave+1"],"picked":"Warcry+1","floor":19},{"not_picked":["Twin Strike","Infernal Blade"],"picked":"Shrug It Off","floor":20},{"not_picked":["Flame Barrier","Clothesline","Rampage"],"picked":"Headbutt","floor":27},{"not_picked":["Shockwave","Anger","Pommel Strike"],"picked":"Sever Soul","floor":29}],"player_experience":0,"relics_obtained":[{"floor":8,"key":"Blood Vial"},{"floor":9,"key":"PreservedInsect"},{"floor":26,"key":"Question Card"}],"event_choices":[{"damage_healed":0,"gold_gain":0,"player_choice":"Ignored","damage_taken":0,"max_hp_gain":0,"max_hp_loss":0,"event_name":"Liars Game","floor":2,"gold_loss":0},{"damage_healed":0,"gold_gain":0,"player_choice":"Grow","damage_taken":0,"max_hp_gain":0,"max_hp_loss":0,"event_name":"Living Wall","floor":11,"gold_loss":0,"cards_upgraded":["Burning Pact"]},{"damage_healed":0,"gold_gain":0,"player_choice":"Bought 3 Potions","damage_taken":0,"max_hp_gain":0,"max_hp_loss":0,"event_name":"The Woman in Blue","floor":14,"gold_loss":0},{"damage_healed":0,"gold_gain":0,"player_choice":"Became a vampire (Vial)","damage_taken":0,"max_hp_gain":0,"max_hp_loss":0,"event_name":"Vampires","floor":21,"relics_lost":["Blood Vial"],"gold_loss":0,"cards_obtained":["Bite","Bite","Bite","Bite","Bite"]},{"damage_healed":0,"gold_gain":0,"player_choice":"Opened","damage_taken":0,"relics_obtained":["Red Skull"],"max_hp_gain":0,"max_hp_loss":0,"event_name":"The Mausoleum","floor":24,"gold_loss":0},{"cards_removed":["Defend_R"],"damage_healed":0,"gold_gain":0,"player_choice":"Elegance","damage_taken":0,"max_hp_gain":0,"max_hp_loss":0,"event_name":"Back to Basics","floor":30,"gold_loss":0}],"is_beta":false,"boss_relics":[{"not_picked":["Velvet Choker","Cursed Key"],"picked":"Runic Pyramid"}],"items_purged_floors":[22],"is_endless":false,"potions_floor_spawned":[5,7,16,18,19,20],"killed_by":"Centurion and Healer","ascension_level":0}