{"gold_per_floor":[111,111,127,153,173,173,173,173,173,173,211,211,251,264,264,353,353,376,389,403,207,232,275,275,275],"floor_reached":25,"playtime":650,"items_purged":["Strike_R"],"score":478,"play_id":"18c8dce5-f40e-4441-a534-6bf91f6ea577","local_time":"20190406021043","is_ascension_mode":true,"campfire_choices":[{"data":"Sword Boomerang","floor":6,"key":"SMITH"},{"data":"Battle Trance","floor":8,"key":"SMITH"},{"data":"Bash","floor":10,"key":"SMITH"},{"floor":12,"key":"REST"},{"data":"Uppercut","floor":15,"key":"SMITH"},{"floor":24,"key":"REST"}],"neow_cost":"NONE","seed_source_timestamp":1565606916254753,"circlet_count":0,"master_deck":["AscendersBane","Strike_R","Strike_R","Strike_R","Strike_R","Defend_R","Defend_R","Defend_R","Defend_R","Bash+1","Sword Boomerang+1","Battle Trance+1","Cleave","Uppercut+1","Limit Break","Twin Strike","Pommel Strike+1","Bloodletting+1","Rupture","Spot Weakness","Disarm"],"relics":["Burning Blood","NeowsBlessing","Golden Idol","Smiling Mask","Anchor","Orichalcum","Vajra","Black Star","Meat on the Bone","Boot"],"potions_floor_usage":[16,18,25,25],"damage_taken":[{"damage":0,"enemies":"Small Slimes","floor":1,"turns":1},{"damage":0,"enemies":"Jaw Worm","floor":3,"turns":1},{"damage":0,"enemies":"Cultist","floor":5,"turns":1},{"damage":46,"enemies":"Lagavulin","floor":11,"turns":7},{"damage":16,"enemies":"3 Sentries","floor":13,"turns":7},{"damage":2,"enemies":"Blue Slaver","floor":14,"turns":3},{"damage":0,"enemies":"Slime Boss","floor":16,"turns":7},{"damage":11,"enemies":"3 Byrds","floor":18,"turns":4},{"damage":25,"enemies":"Shell Parasite","floor":19,"turns":6},{"damage":12,"enemies":"Snake Plant","floor":20,"turns":4},{"damage":17,"enemies":"Centurion and Healer","floor":22,"turns":5},{"damage":25,"enemies":"Book of Stabbing","floor":23,"turns":3},{"damage":38,"enemies":"Slavers","floor":25,"turns":3}],"seed_played":"-2058463573928050460","potions_obtained":[{"floor":1,"key":"Fire Potion"},{"floor":11,"key":"AttackPotion"},{"floor":18,"key":"SteroidPotion"},{"floor":19,"key":"FearPotion"}],"is_trial":false,"path_per_floor":["M","?","M","T","M","R","?","R","T","R","E","R","E","M","R","B",null,"M","M","M","$","M","E","R","E"],"character_chosen":"IRONCLAD","items_purchased":["Rupture","Spot Weakness"],"campfire_rested":2,"item_purchase_floors":[21,21],"current_hp_per_floor":[74,56,62,62,68,68,73,73,73,73,33,57,47,51,51,57,74,69,50,44,44,33,14,38,0],"gold":275,"neow_bonus":"THREE_ENEMY_KILL","is_prod":false,"is_daily":false,"chose_seed":false,"campfire_upgraded":4,"win_rate":0,"timestamp":1554484243,"path_taken":["M","?","M","?","?","R","?","R","T","R","E","R","E","M","R","BOSS","M","M","M","$","M","E","R","E"],"build_version":"2019-01-23","purchased_purges":1,"victory":false,"max_hp_per_floor":[75,75,75,75,75,75,80,80,80,80,80,80,80,80,80,80,80,80,80,80,80,80,80,80,80],"card_choices":[{"not_picked":["Metallicize","Spot Weakness","Pommel Strike"],"picked":"SKIP","floor":1},{"not_picked":["Hemokinesis","Perfected Strike"],"picked":"Sword Boomerang","floor":3},{"not_picked":["Sever Soul","Body Slam"],"picked":"Battle Trance","floor":5},{"not_picked":["Entrench","Rage","Berserk"],"picked":"SKIP","floor":11},{"not_picked":["Sever Soul","Clash"],"picked":"Cleave","floor":13},{"not_picked":["Ghostly Armor","Burning Pact"],"picked":"Uppercut","floor":14},{"not_picked":["Feed","Exhume"],"picked":"Limit Break","floor":16},{"not_picked":["Body Slam","Rupture"],"picked":"Twin Strike","floor":18},{"not_picked":["Twin Strike","Intimidate"],"picked":"Pommel Strike+1","floor":19},{"not_picked":["Headbutt","Body Slam"],"picked":"Bloodletting+1","floor":20},{"not_picked":["Clothesline","Dual Wield","Sword Boomerang"],"picked":"SKIP","floor":22},{"not_picked":["Immolate","Havoc"],"picked":"Disarm","floor":23}],"player_experience":425683,"relics_obtained":[{"floor":4,"key":"Smiling Mask"},{"floor":9,"key":"Anchor"},{"floor":11,"key":"Orichalcum"},{"floor":13,"key":"Vajra"},{"floor":23,"key":"Meat on the Bone"},{"floor":23,"key":"Boot"}],"event_choices":[{"damage_healed":0,"gold_gain":0,"player_choice":"Take Damage","damage_taken":18,"relics_obtained":["Golden Idol"],"max_hp_gain":0,"max_hp_loss":0,"event_name":"Golden Idol","floor":2,"gold_loss":0},{"damage_healed":0,"gold_gain":0,"player_choice":"Donut","damage_taken":0,"max_hp_gain":5,"max_hp_loss":0,"event_name":"Big Fish","floor":7,"gold_loss":0}],"is_beta":false,"boss_relics":[{"not_picked":["Ectoplasm","Calling Bell"],"picked":"Black Star"}],"items_purged_floors":[21],"is_endless":false,"potions_floor_spawned":[1,11,13,18,19,23],"killed_by":"Slavers","ascension_level":14}