{"gold_per_floor":[113,38,38,51,70,98,98,125,125,137,37,37,37,37,37,140,140,153,153,171,46,63,98,130,163,163,8,8,107,107,125,125,222,222,238,249,471,471,485,485,495,495,519,168,185,215,229,259,259,259,259,259,8,43,43],"floor_reached":55,"playtime":3419,"items_purged":["Havoc","Strike_R","Strike_R","Parasite"],"score":823,"play_id":"e1de11ad-753f-4fad-b43d-5e77c13b5ade","local_time":"20190531011156","is_ascension_mode":false,"campfire_choices":[{"data":"Body Slam","floor":7,"key":"SMITH"},{"data":"Heavy Blade","floor":13,"key":"SMITH"},{"data":"Body Slam","floor":15,"key":"SMITH"},{"data":"Limit Break","floor":30,"key":"SMITH"},{"data":"Entrench","floor":32,"key":"SMITH"},{"floor":40,"key":"RECALL"},{"data":"Impervious","floor":42,"key":"SMITH"},{"data":"Double Tap","floor":49,"key":"SMITH"},{"data":"Shrug It Off","floor":52,"key":"SMITH"}],"neow_cost":"TEN_PERCENT_HP_LOSS","seed_source_timestamp":4395208302799,"circlet_count":0,"master_deck":["Strike_R","Defend_R","Defend_R","Defend_R+1","Bash","Dual Wield+1","Heavy Blade+1","Inflame","Body Slam+1","Shrug It Off","Body Slam+1","Limit Break+1","Thunderclap","Pommel Strike+1","Battle Trance","Entrench+1","Inflame+1","Shrug It Off+1","Disarm+1","Impervious+1","Flame Barrier+1","Double Tap+1","Disarm+1"],"relics":["Burning Blood","War Paint","Ornamental Fan","Lantern","Vajra","Black Star","Calipers","Potion Belt","Dream Catcher","Red Mask","Regal Pillow","Singing Bowl","Oddly Smooth Stone","Runic Dome","Smiling Mask","Pen Nib","Dead Branch","Sundial","Red Skull","Bag of Marbles","Kunai","Boot","Mercury Hourglass"],"potions_floor_usage":[5,8,33,33,50,55],"damage_taken":[{"damage":8,"enemies":"Jaw Worm","floor":1,"turns":4},{"damage":3,"enemies":"Small Slimes","floor":4,"turns":4},{"damage":2,"enemies":"2 Louse","floor":5,"turns":2},{"damage":28,"enemies":"Gremlin Nob","floor":6,"turns":4},{"damage":9,"enemies":"3 Sentries","floor":8,"turns":6},{"damage":3,"enemies":"Lots of Slimes","floor":10,"turns":5},{"damage":20,"enemies":"Hexaghost","floor":16,"turns":8},{"damage":0,"enemies":"Spheric Guardian","floor":18,"turns":3},{"damage":0,"enemies":"Chosen","floor":20,"turns":3},{"damage":4,"enemies":"Centurion and Healer","floor":22,"turns":6},{"damage":34,"enemies":"Slavers","floor":23,"turns":6},{"damage":2,"enemies":"Masked Bandits","floor":24,"turns":2},{"damage":3,"enemies":"Gremlin Leader","floor":25,"turns":5},{"damage":15,"enemies":"Snake Plant","floor":31,"turns":2},{"damage":16,"enemies":"Collector","floor":33,"turns":5},{"damage":0,"enemies":"3 Darklings","floor":35,"turns":4},{"damage":0,"enemies":"Orb Walker","floor":36,"turns":3},{"damage":0,"enemies":"Sphere and 2 Shapes","floor":39,"turns":3},{"damage":0,"enemies":"Writhing Mass","floor":41,"turns":4},{"damage":0,"enemies":"3 Darklings","floor":45,"turns":5},{"damage":0,"enemies":"Giant Head","floor":46,"turns":4},{"damage":2,"enemies":"Sphere and 2 Shapes","floor":47,"turns":5},{"damage":12,"enemies":"Reptomancer","floor":48,"turns":7},{"damage":29,"enemies":"Awakened One","floor":50,"turns":8},{"damage":0,"enemies":"Shield and Spear","floor":54,"turns":5},{"damage":83,"enemies":"The Heart","floor":55,"turns":5}],"seed_played":"8776357474188691020","potions_obtained":[{"floor":1,"key":"Energy Potion"},{"floor":6,"key":"Fire Potion"},{"floor":18,"key":"Explosive Potion"},{"floor":22,"key":"FearPotion"},{"floor":23,"key":"SmokeBomb"},{"floor":31,"key":"PowerPotion"},{"floor":36,"key":"SteroidPotion"},{"floor":47,"key":"Energy Potion"},{"floor":48,"key":"Explosive Potion"}],"is_trial":false,"path_per_floor":["M","$","?","M","M","E","R","E","T","M","$","?","R","?","R","B",null,"M","?","M","$","M","E","?","E","T","$","?","?","R","M","R","B",null,"M","M","?","?","M","R","M","R","T","$","M","E","M","E","R","B",null,"R","$","E","B"],"character_chosen":"IRONCLAD","items_purchased":["Oddly Smooth Stone","Pen Nib","Double Tap","Kunai"],"campfire_rested":0,"item_purchase_floors":[27,44,44,53],"current_hp_per_floor":[70,70,58,61,65,43,43,40,40,43,43,43,43,43,43,29,72,72,72,72,72,72,44,48,51,51,51,51,51,51,42,42,32,72,72,74,74,70,72,72,74,74,74,71,73,75,77,73,73,50,79,79,79,79,0],"gold":43,"neow_bonus":"TRANSFORM_TWO_CARDS","is_prod":false,"is_daily":false,"chose_seed":false,"campfire_upgraded":8,"win_rate":0,"timestamp":1559283116,"path_taken":["M","$","?","M","M","E","R","E","T","M","$","?","R","?","R","BOSS","M","?","M","$","?","E","?","E","T","$","?","?","R","M","R","BOSS","M","M","?","?","M","R","M","R","T","$","M","E","M","E","R","BOSS","R","$","E","BOSS"],"build_version":"2019-01-23","purchased_purges":4,"victory":false,"max_hp_per_floor":[72,72,72,72,72,72,72,72,72,72,72,72,72,72,72,72,72,72,72,72,72,72,72,72,72,72,72,72,72,72,72,72,72,72,72,74,74,70,72,72,74,74,74,71,73,75,77,79,79,79,79,79,79,79,79],"card_choices":[{"not_picked":["Searing Blow","Whirlwind"],"picked":"Heavy Blade","floor":1},{"not_picked":["Iron Wave","Twin Strike"],"picked":"Inflame","floor":4},{"not_picked":["Pommel Strike","Clash"],"picked":"Body Slam","floor":5},{"not_picked":["Second Wind","Warcry"],"picked":"Shrug It Off","floor":6},{"not_picked":["Metallicize","Clash","Dual Wield"],"picked":"SKIP","floor":8},{"not_picked":["Power Through","Fire Breathing"],"picked":"Body Slam","floor":10},{"not_picked":["Berserk","Juggernaut"],"picked":"Limit Break","floor":16},{"not_picked":["Sword Boomerang","Warcry"],"picked":"Thunderclap","floor":18},{"not_picked":["Searing Blow+1","Clash"],"picked":"Pommel Strike+1","floor":20},{"not_picked":["Sword Boomerang+1","Shockwave","Pummel"],"picked":"SKIP","floor":22},{"not_picked":["Dark Embrace","Clothesline"],"picked":"Battle Trance","floor":23},{"not_picked":["Warcry","Clash"],"picked":"Entrench","floor":24},{"not_picked":["Sever Soul","Clash+1"],"picked":"Inflame+1","floor":25},{"not_picked":["Battle Trance","Clash"],"picked":"Disarm+1","floor":31},{"not_picked":["Bludgeon","Berserk"],"picked":"Impervious","floor":33},{"not_picked":["Perfected Strike+1","Dual Wield+1"],"picked":"Flame Barrier+1","floor":35},{"not_picked":["Anger+1","Searing Blow+1","Flex+1"],"picked":"Singing Bowl","floor":36},{"not_picked":["Whirlwind+1","Clothesline+1","Twin Strike"],"picked":"Singing Bowl","floor":39},{"not_picked":["Dropkick+1","Hemokinesis+1","Thunderclap"],"picked":"Singing Bowl","floor":41},{"not_picked":["Iron Wave+1","Dual Wield","Twin Strike+1"],"picked":"Singing Bowl","floor":45},{"not_picked":["Clash","Perfected Strike","Heavy Blade+1"],"picked":"Singing Bowl","floor":46},{"not_picked":["Havoc+1","Iron Wave+1","Rampage+1"],"picked":"Singing Bowl","floor":47},{"not_picked":["Seeing Red","Fiend Fire","Clothesline+1"],"picked":"Singing Bowl","floor":48},{"not_picked":["Heavy Blade+1","Thunderclap"],"picked":"Disarm+1","floor":54}],"player_experience":294087,"relics_obtained":[{"floor":6,"key":"Ornamental Fan"},{"floor":8,"key":"Lantern"},{"floor":9,"key":"Vajra"},{"floor":23,"key":"Potion Belt"},{"floor":23,"key":"Dream Catcher"},{"floor":24,"key":"Red Mask"},{"floor":25,"key":"Regal Pillow"},{"floor":25,"key":"Singing Bowl"},{"floor":43,"key":"Smiling Mask"},{"floor":46,"key":"Dead Branch"},{"floor":46,"key":"Sundial"},{"floor":48,"key":"Red Skull"},{"floor":48,"key":"Bag of Marbles"},{"floor":54,"key":"Boot"},{"floor":54,"key":"Mercury Hourglass"}],"event_choices":[{"damage_healed":0,"gold_gain":0,"player_choice":"Success","damage_taken":12,"relics_obtained":["War Paint"],"max_hp_gain":0,"max_hp_loss":0,"event_name":"Scrap Ooze","floor":3,"gold_loss":0},{"cards_removed":["Strike_R"],"damage_healed":0,"gold_gain":0,"player_choice":"Forget","damage_taken":0,"max_hp_gain":0,"max_hp_loss":0,"event_name":"Living Wall","floor":12,"gold_loss":0},{"damage_healed":0,"gold_gain":0,"player_choice":"Ignored","damage_taken":0,"max_hp_gain":0,"max_hp_loss":0,"event_name":"Liars Game","floor":14,"gold_loss":0},{"damage_healed":0,"gold_gain":0,"player_choice":"Gave Potion","damage_taken":0,"relics_obtained":["Calipers"],"max_hp_gain":0,"max_hp_loss":0,"event_name":"WeMeetAgain","floor":19,"gold_loss":0},{"damage_healed":0,"gold_gain":0,"player_choice":"Fought Bandits","damage_taken":0,"max_hp_gain":0,"max_hp_loss":0,"event_name":"Masked Bandits","floor":24,"gold_loss":0},{"damage_healed":0,"gold_gain":0,"player_choice":"Read","damage_taken":0,"max_hp_gain":0,"max_hp_loss":0,"event_name":"The Library","floor":28,"gold_loss":0,"cards_obtained":["Shrug It Off"]},{"damage_healed":0,"gold_gain":99,"player_choice":"Stole From Cult","damage_taken":0,"max_hp_gain":0,"max_hp_loss":0,"event_name":"Nest","floor":29,"gold_loss":0},{"damage_healed":0,"gold_gain":222,"player_choice":"Wore Mask","damage_taken":0,"max_hp_gain":0,"max_hp_loss":0,"event_name":"Tomb of Lord Red Mask","floor":37,"gold_loss":0},{"damage_healed":0,"gold_gain":0,"player_choice":"Max HP","damage_taken":0,"max_hp_gain":0,"max_hp_loss":4,"event_name":"Winding Halls","floor":38,"gold_loss":0}],"is_beta":false,"boss_relics":[{"not_picked":["Tiny House","Black Blood"],"picked":"Black Star"},{"not_picked":["Mark of Pain","Empty Cage"],"picked":"Runic Dome"}],"items_purged_floors":[2,11,21,44],"is_endless":false,"potions_floor_spawned":[1,6,18,22,23,31,36,47,48],"killed_by":"The Heart","ascension_level":0}