{"gold_per_floor":[109,34,49,59,59,59,73,73,98,98,113,13,41,61,61,157,157,175,155,173,48,61,61,74,74,74,91,91,117,117,117],"floor_reached":31,"playtime":3091,"items_purged":["Strike_R","Fire Breathing","Strike_R"],"score":285,"play_id":"854189fa-47b0-492b-b937-a7a729448a16","local_time":"20180925184515","is_ascension_mode":true,"campfire_choices":[{"data":"Bash","floor":6,"key":"SMITH"},{"data":"Rampage","floor":8,"key":"SMITH"},{"data":"Shockwave","floor":10,"key":"SMITH"},{"floor":15,"key":"REST"},{"data":"Armaments","floor":23,"key":"SMITH"},{"floor":25,"key":"REST"}],"neow_cost":"NONE","seed_source_timestamp":1057906783831527,"circlet_count":0,"master_deck":["Strike_R","Strike_R","Defend_R","Defend_R","Defend_R","Defend_R","Bash+1","Disarm","Rampage+1","Shockwave+1","Searing Blow","Double Tap","Pommel Strike","Armaments+1","Shrug It Off","Limit Break","Disarm","Inflame"],"relics":["Burning Blood","Dream Catcher","Strawberry","Cursed Key","Matryoshka"],"potions_floor_usage":[4,22,29,29],"damage_taken":[{"damage":9,"enemies":"2 Louse","floor":1,"turns":4},{"damage":2,"enemies":"Cultist","floor":3,"turns":5},{"damage":2,"enemies":"Jaw Worm","floor":4,"turns":5},{"damage":8,"enemies":"Gremlin Gang","floor":7,"turns":8},{"damage":0,"enemies":"3 Louse","floor":11,"turns":3},{"damage":42,"enemies":"3 Sentries","floor":13,"turns":8},{"damage":28,"enemies":"Exordium Wildlife","floor":14,"turns":5},{"damage":23,"enemies":"Hexaghost","floor":16,"turns":9},{"damage":20,"enemies":"3 Byrds","floor":18,"turns":7},{"damage":22,"enemies":"2 Thieves","floor":19,"turns":5},{"damage":27,"enemies":"Cultist and Chosen","floor":20,"turns":8},{"damage":17,"enemies":"Snake Plant","floor":22,"turns":4},{"damage":23,"enemies":"Centurion and Healer","floor":24,"turns":8},{"damage":11,"enemies":"Shelled Parasite and Fungi","floor":27,"turns":7},{"damage":26,"enemies":"Gremlin Leader","floor":29,"turns":8},{"damage":18,"enemies":"Masked Bandits","floor":31,"turns":2}],"seed_played":"-3026749530795635293","potions_obtained":[{"floor":4,"key":"Fruit Juice"},{"floor":7,"key":"FearPotion"},{"floor":11,"key":"AttackPotion"},{"floor":20,"key":"FearPotion"},{"floor":24,"key":"SteroidPotion"}],"is_trial":false,"path_per_floor":["M","$","M","M","?","R","M","R","T","R","M","$","E","M","R","B",null,"M","M","M","$","M","R","M","R","T","M","?","E","?"],"character_chosen":"IRONCLAD","items_purchased":[],"campfire_rested":2,"item_purchase_floors":[],"current_hp_per_floor":[77,77,80,85,85,85,83,83,83,83,85,85,56,34,61,44,92,78,62,41,41,30,30,13,40,40,35,35,15,15,0],"gold":117,"neow_bonus":"TRANSFORM_CARD","is_prod":false,"is_daily":false,"chose_seed":false,"campfire_upgraded":4,"win_rate":0,"timestamp":1537915515,"path_taken":["M","$","M","M","?","R","?","R","T","R","M","$","E","M","R","BOSS","M","M","M","$","M","R","M","R","T","M","?","E","?","?"],"build_version":"2018-09-20","purchased_purges":3,"victory":false,"max_hp_per_floor":[80,80,80,85,85,85,85,85,85,85,85,85,92,92,92,92,92,92,92,92,92,92,92,92,92,92,92,92,92,92,92],"card_choices":[{"not_picked":["Anger","Havoc"],"picked":"Disarm","floor":1},{"not_picked":["Twin Strike","Perfected Strike"],"picked":"Rampage","floor":3},{"not_picked":["Twin Strike","Anger"],"picked":"Shockwave","floor":4},{"not_picked":["Combust","Warcry","Pummel"],"picked":"SKIP","floor":7},{"not_picked":["Wild Strike","Pummel","Fire Breathing"],"picked":"SKIP","floor":11},{"not_picked":["Wild Strike","Hemokinesis"],"picked":"Pommel Strike","floor":13},{"not_picked":["Wild Strike","Havoc"],"picked":"Armaments","floor":14},{"not_picked":["Havoc","Twin Strike"],"picked":"Shrug It Off","floor":15},{"not_picked":["Dark Embrace","Brutality"],"picked":"Limit Break","floor":16},{"not_picked":["Warcry","Armaments","Perfected Strike+1"],"picked":"SKIP","floor":18},{"not_picked":["Ghostly Armor","Twin Strike","Intimidate+1"],"picked":"SKIP","floor":19},{"not_picked":["Clothesline+1","Body Slam","Pommel Strike+1"],"picked":"SKIP","floor":20},{"not_picked":["Pommel Strike","Clothesline","Bloodletting+1"],"picked":"SKIP","floor":22},{"not_picked":["Impervious","Clash","Pummel"],"picked":"SKIP","floor":24},{"not_picked":["Warcry","Thunderclap"],"picked":"Disarm","floor":25},{"not_picked":["Shrug It Off","Intimidate+1","Limit Break"],"picked":"SKIP","floor":27},{"not_picked":["Wild Strike","Clothesline","Blood for Blood+1"],"picked":"SKIP","floor":29}],"player_experience":168287,"relics_obtained":[{"floor":9,"key":"Dream Catcher"},{"floor":13,"key":"Strawberry"},{"floor":29,"key":"Matryoshka"}],"event_choices":[{"event_name":"Match and Keep!","player_choice":"2 cards matched","floor":5,"damage_taken":0},{"event_name":"The Library","player_choice":"Read","floor":28,"damage_taken":0},{"event_name":"Vampires","player_choice":"Ignored","floor":30,"damage_taken":0},{"event_name":"Masked Bandits","player_choice":"Fought Bandits","floor":31,"damage_taken":0}],"is_beta":false,"boss_relics":[{"not_picked":["Tiny House","Mark of Pain"],"picked":"Cursed Key"}],"items_purged_floors":[2,12,21],"is_endless":false,"potions_floor_spawned":[4,7,11,20,24],"killed_by":"Masked Bandits","ascension_level":2}