{"gold_per_floor":[116,126,126,142,19,19,45,65,91,106,106,106,6,33,33,137,137,147,147,12,12,23,50,64,64,64,17,17,29,29,58,58,58],"floor_reached":33,"playtime":4038,"items_purged":["Defend_B","Strike_B"],"score":366,"play_id":"f0573eae-6c4a-42ef-9ac1-637afe1e5375","local_time":"20190531184850","is_ascension_mode":true,"campfire_choices":[{"data":"Zap","floor":6.0,"key":"SMITH"},{"floor":12.0,"key":"REST"},{"data":"Coolheaded","floor":15.0,"key":"SMITH"},{"floor":25,"key":"REST"},{"data":"Redo","floor":28,"key":"SMITH"},{"floor":30,"key":"REST"},{"floor":32,"key":"REST"}],"neow_cost":"NONE","seed_source_timestamp":2183954537968997,"circlet_count":0,"master_deck":["Defend_B","Defend_B","Defend_B","Zap+1","Dualcast","Cold Snap","Redo+1","Ball Lightning","Leap","Capacitor","Coolheaded+1","Cold Snap","Sweeping Beam","Coolheaded","Biased Cognition","Storm+1","Redo","FTL","Heatsinks","Leap","Gash+1","Conserve Battery","Hologram","Go for the Eyes+1","Streamline+1","Cold Snap+1"],"special_seed":0,"relics":["Cracked Core","Bag of Preparation","Regal Pillow","Dream Catcher","Bronze Scales","Lizard Tail","Potion Belt","Molten Egg 2","Gremlin Horn","Kunai"],"potions_floor_usage":[16,23,33,33],"damage_taken":[{"damage":0.0,"enemies":"Small Slimes","floor":1.0,"turns":2.0},{"damage":0.0,"enemies":"Jaw Worm","floor":2.0,"turns":3.0},{"damage":0.0,"enemies":"2 Louse","floor":4.0,"turns":2.0},{"damage":24.0,"enemies":"3 Sentries","floor":7.0,"turns":7.0},{"damage":10.0,"enemies":"Gremlin Gang","floor":8.0,"turns":4.0},{"damage":0.0,"enemies":"2 Fungi Beasts","floor":10.0,"turns":3.0},{"damage":7.0,"enemies":"Lagavulin","floor":14.0,"turns":7.0},{"damage":29,"enemies":"Hexaghost","floor":16,"turns":10},{"damage":12,"enemies":"2 Thieves","floor":18,"turns":5},{"damage":0,"enemies":"Spheric Guardian","floor":22,"turns":3},{"damage":41,"enemies":"Gremlin Leader","floor":23,"turns":7},{"damage":10,"enemies":"Shelled Parasite and Fungi","floor":24,"turns":7},{"damage":25,"enemies":"Snake Plant","floor":29,"turns":4},{"damage":47,"enemies":"Slavers","floor":31,"turns":5},{"damage":150,"enemies":"Champ","floor":33,"turns":12}],"seed_played":"-8089559822479888232","potions_obtained":[{"floor":2.0,"key":"EssenceOfSteel"},{"floor":7.0,"key":"GamblersBrew"},{"floor":8.0,"key":"Dexterity Potion"},{"floor":22,"key":"Swift Potion"},{"floor":31,"key":"Regen Potion"}],"is_trial":false,"path_per_floor":["M","M","?","M","$","R","E","M","T","M","?","R","$","E","R","B",null,"M","?","$","?","M","E","M","R","T","$","R","M","R","E","R","B"],"character_chosen":"DEFECT","items_purchased":["Leap","Heatsinks","Leap","Go for the Eyes+1"],"campfire_rested":4,"item_purchase_floors":[5,20,20,27],"current_hp_per_floor":[75,75,80,80,80,80,56,46,46,46,46,80,80,73,73,44,71,59,59,59,59,59,18,8,47,47,47,47,22,61,14,53,0],"gold":58,"neow_bonus":"RANDOM_COMMON_RELIC","is_prod":false,"is_daily":false,"chose_seed":false,"campfire_upgraded":3,"win_rate":0,"timestamp":1559342930,"path_taken":["M","M","?","M","$","R","E","M","T","M","?","R","?","E","R","BOSS","M","?","$","?","M","E","M","R","T","$","R","?","R","E","R","BOSS"],"build_version":"2019-01-23","purchased_purges":2,"victory":false,"max_hp_per_floor":[75,75,80,80,80,80,80,80,80,80,80,80,80,80,80,80,80,80,80,80,80,80,80,80,80,80,80,80,80,80,80,80,80],"card_choices":[{"not_picked":["Turbo","Coolheaded"],"picked":"Cold Snap","floor":1.0},{"not_picked":["Compile Driver","Meteor Strike"],"picked":"Redo","floor":2.0},{"not_picked":["Consume","Force Field"],"picked":"Ball Lightning","floor":4.0},{"not_picked":["Beam Cell","Go for the Eyes"],"picked":"Capacitor","floor":7.0},{"not_picked":["Doom and Gloom","Stack"],"picked":"Coolheaded","floor":8.0},{"not_picked":["Gash","Steam"],"picked":"Cold Snap","floor":10.0},{"not_picked":["Tempest","Recycle"],"picked":"Sweeping Beam","floor":12.0},{"not_picked":["Beam Cell","Hello World"],"picked":"Coolheaded","floor":14.0},{"not_picked":["Multi-Cast","Rainbow"],"picked":"Biased Cognition","floor":16},{"not_picked":["Hologram+1","Capacitor"],"picked":"Storm+1","floor":18},{"not_picked":["Heatsinks","Beam Cell","Go for the Eyes+1"],"picked":"SKIP","floor":22},{"not_picked":["Redo","Chill"],"picked":"Gash","floor":23},{"not_picked":["Undo","Ball Lightning+1"],"picked":"Conserve Battery","floor":24},{"not_picked":["Scrape+1","Beam Cell+1"],"picked":"Hologram","floor":25},{"not_picked":["Static Discharge","Compile Driver+1","Go for the Eyes+1"],"picked":"SKIP","floor":29},{"not_picked":["Sweeping Beam+1","Stack"],"picked":"Streamline+1","floor":30},{"not_picked":["Reprogram+1","Skim"],"picked":"Cold Snap+1","floor":31}],"player_experience":347169,"relics_obtained":[{"floor":7.0,"key":"Regal Pillow"},{"floor":9.0,"key":"Dream Catcher"},{"floor":14.0,"key":"Bronze Scales"},{"floor":23,"key":"Molten Egg 2"},{"floor":26,"key":"Gremlin Horn"},{"floor":31,"key":"Kunai"}],"event_choices":[{"damage_healed":0.0,"max_hp_gain":5.0,"max_hp_loss":0.0,"gold_gain":0.0,"event_name":"Big Fish","player_choice":"Donut","floor":3.0,"gold_loss":0.0,"damage_taken":0.0},{"cards_removed":["Strike_B"],"damage_healed":0.0,"max_hp_gain":0.0,"max_hp_loss":0.0,"gold_gain":0.0,"event_name":"Living Wall","player_choice":"Forget","floor":11.0,"gold_loss":0.0,"damage_taken":0.0},{"damage_healed":0,"gold_gain":0,"cards_transformed":["Strike_B","Strike_B"],"player_choice":"Became Test Subject","damage_taken":0,"max_hp_gain":0,"max_hp_loss":0,"event_name":"Drug Dealer","floor":19,"gold_loss":0,"cards_obtained":["Redo","FTL"]},{"damage_healed":0,"gold_gain":0,"player_choice":"Gave Potion","damage_taken":0,"relics_obtained":["Potion Belt"],"max_hp_gain":0,"max_hp_loss":0,"event_name":"WeMeetAgain","floor":21,"gold_loss":0}],"is_beta":false,"boss_relics":[{"not_picked":["Coffee Dripper","Eternal Feather"],"picked":"Lizard Tail"}],"items_purged_floors":[5,13],"is_endless":false,"potions_floor_spawned":[2,7,8,14,22,31],"killed_by":"Champ","ascension_level":5}