{"gold_per_floor":[365,381,82,101,81,81,116,136,136,136,156,2,65,65,65,142,142,159,172,68,68],"floor_reached":21,"playtime":540,"items_purged":["Strike_R"],"score":322,"play_id":"f5480b93-2535-4c2b-8d2e-1a90716a5f50","local_time":"20190407235128","is_ascension_mode":true,"campfire_choices":[{"data":"Bludgeon","floor":6,"key":"SMITH"},{"floor":10,"key":"REST"},{"data":"Double Tap","floor":15,"key":"SMITH"}],"neow_cost":"PERCENT_DAMAGE","seed_source_timestamp":91406826750758,"circlet_count":0,"master_deck":["AscendersBane","Strike_R","Strike_R","Strike_R","Strike_R","Defend_R","Defend_R","Defend_R","Defend_R","Bash","Shockwave","Sword Boomerang","Bludgeon+1","Conserve Battery","Blur","Flash of Steel","Double Tap+1","Limit Break","Spot Weakness","Sweeping Beam","Shrug It Off"],"relics":["Burning Blood","PrismaticShard","Shuriken","Ornamental Fan","Runic Cube"],"potions_floor_usage":[7,21,21],"damage_taken":[{"damage":0,"enemies":"Small Slimes","floor":1,"turns":3},{"damage":6,"enemies":"Cultist","floor":2,"turns":4},{"damage":4,"enemies":"Jaw Worm","floor":4,"turns":2},{"damage":35,"enemies":"3 Sentries","floor":7,"turns":6},{"damage":13,"enemies":"Blue Slaver","floor":8,"turns":3},{"damage":31,"enemies":"Lots of Slimes","floor":11,"turns":8},{"damage":21,"enemies":"Slime Boss","floor":16,"turns":6},{"damage":37,"enemies":"2 Thieves","floor":18,"turns":5},{"damage":7,"enemies":"3 Byrds","floor":19,"turns":5},{"damage":40,"enemies":"Shelled Parasite and Fungi","floor":21,"turns":3}],"seed_played":"-6521181174824241568","potions_obtained":[{"floor":4,"key":"BloodPotion"},{"floor":5,"key":"GamblersBrew"},{"floor":7,"key":"Swift Potion"},{"floor":16,"key":"Explosive Potion"}],"is_trial":false,"path_per_floor":["M","M","$","M","?","R","E","M","T","R","M","$","?","T","R","B",null,"M","M","$","M"],"character_chosen":"IRONCLAD","items_purchased":["PrismaticShard","Bludgeon","Double Tap","Shrug It Off"],"campfire_rested":1,"item_purchase_floors":[3,3,12,20],"current_hp_per_floor":[56,56,56,58,58,58,36,29,29,51,26,26,26,26,26,11,59,28,27,27,0],"gold":68,"neow_bonus":"TWO_FIFTY_GOLD","is_prod":false,"is_daily":false,"chose_seed":false,"campfire_upgraded":2,"win_rate":0,"timestamp":1554648688,"path_taken":["M","M","$","M","?","R","E","M","T","R","?","?","?","?","R","BOSS","M","M","?","M"],"build_version":"2019-01-23","purchased_purges":1,"victory":false,"max_hp_per_floor":[75,75,75,75,75,75,75,75,75,75,75,75,75,75,75,75,75,75,75,75,75],"card_choices":[{"not_picked":["Havoc","Sword Boomerang"],"picked":"Shockwave","floor":1},{"not_picked":["Thunderclap","Second Wind"],"picked":"Sword Boomerang","floor":2},{"not_picked":["Pummel","Uppercut"],"picked":"Conserve Battery","floor":4},{"not_picked":["Chill","Sucker Punch"],"picked":"Blur","floor":7},{"not_picked":["Stack","Redo","Outmaneuver"],"picked":"SKIP","floor":8},{"not_picked":["Force Field","Acrobatics"],"picked":"Flash of Steel","floor":11},{"not_picked":["Fission","Transmutation"],"picked":"Limit Break","floor":16},{"not_picked":["Clothesline","Pommel Strike"],"picked":"Spot Weakness","floor":18},{"not_picked":["Twin Strike","Wild Strike"],"picked":"Sweeping Beam","floor":19}],"player_experience":436376,"relics_obtained":[{"floor":7,"key":"Shuriken"},{"floor":9,"key":"Ornamental Fan"}],"event_choices":[{"damage_healed":0,"gold_gain":0,"player_choice":"Bought 1 Potion","damage_taken":0,"max_hp_gain":0,"max_hp_loss":0,"event_name":"The Woman in Blue","floor":5,"gold_loss":0},{"damage_healed":0,"gold_gain":63,"player_choice":"Gained Gold","damage_taken":0,"max_hp_gain":0,"max_hp_loss":0,"event_name":"Golden Wing","floor":13,"gold_loss":0}],"is_beta":false,"boss_relics":[{"not_picked":["Busted Crown","Mark of Pain"],"picked":"Runic Cube"}],"items_purged_floors":[20],"is_endless":false,"potions_floor_spawned":[4,7,16],"killed_by":"Shelled Parasite and Fungi","ascension_level":16}