{"gold_per_floor":[368,543,556,570,585,585,203,230,230,248,264,264,264,283,283,386,386,403,313,327,95,113,113,139,139,191,191,220,240,140,154,154,259,259,277,322,337,337,356,386,386,420,444,444,281,281,131,131,131,131,131,131,80,115,115],"floor_reached":56,"playtime":3046,"items_purged":["Doubt","Strike_R","Bash"],"score":1903,"play_id":"80e32ed1-11db-4572-b31e-1d7a8db9bc0d","local_time":"20190402151953","is_ascension_mode":true,"campfire_choices":[{"data":"Power Through","floor":6,"key":"SMITH"},{"data":"True Grit","floor":13,"key":"SMITH"},{"data":"Evolve","floor":15,"key":"SMITH"},{"data":"Dark Embrace","floor":23,"key":"SMITH"},{"data":"Offering","floor":25,"key":"SMITH"},{"data":"Second Wind","floor":27,"key":"SMITH"},{"data":"Battle Trance","floor":32,"key":"SMITH"},{"data":"Entrench","floor":41,"key":"SMITH"},{"floor":49,"key":"RECALL"},{"data":"Entrench","floor":52,"key":"SMITH"}],"neow_cost":"TEN_PERCENT_HP_LOSS","seed_source_timestamp":1264936380140693,"circlet_count":0,"master_deck":["Metallicize","Power Through+1","Carnage","Second Wind+1","Battle Trance+1","Iron Wave","True Grit+1","Evolve+1","Dark Embrace+1","Body Slam+1","Impervious","Armaments+1","Offering+1","Body Slam+1","Immolate+1","Brutality","Sentinel","Warcry","Body Slam+1","Infernal Blade","Evolve","Inflame","Feel No Pain+1","Burning Pact","Entrench+1","Entrench+1","Master of Strategy","Discovery","Thunderclap+1","Impervious"],"relics":["Black Blood","TheAbacus","Centennial Puzzle","Whetstone","Molten Egg 2","Oddly Smooth Stone","Bird Faced Urn","Happy Flower","Charon\u0027s Ashes","Pandora\u0027s Box","WingedGreaves","Strawberry","Anchor","Juzu Bracelet","Bronze Scales","Vajra"],"potions_floor_usage":[8,8,20,22,35,40,55,55],"damage_taken":[{"damage":10,"enemies":"Small Slimes","floor":1,"turns":4},{"damage":11,"enemies":"Cultist","floor":3,"turns":5},{"damage":2,"enemies":"2 Louse","floor":4,"turns":4},{"damage":22,"enemies":"Lots of Slimes","floor":5,"turns":7},{"damage":31,"enemies":"Gremlin Nob","floor":8,"turns":6},{"damage":4,"enemies":"3 Louse","floor":10,"turns":6},{"damage":15,"enemies":"Exordium Wildlife","floor":11,"turns":6},{"damage":1,"enemies":"Red Slaver","floor":14,"turns":5},{"damage":0,"enemies":"The Guardian","floor":16,"turns":20},{"damage":19,"enemies":"Shell Parasite","floor":18,"turns":14},{"damage":8,"enemies":"Spheric Guardian","floor":20,"turns":5},{"damage":7,"enemies":"Cultist and Chosen","floor":22,"turns":8},{"damage":8,"enemies":"Book of Stabbing","floor":24,"turns":7},{"damage":36,"enemies":"Gremlin Leader","floor":28,"turns":11},{"damage":6,"enemies":"Chosen and Byrds","floor":29,"turns":5},{"damage":6,"enemies":"Centurion and Healer","floor":31,"turns":4},{"damage":6,"enemies":"Champ","floor":33,"turns":7},{"damage":2,"enemies":"3 Shapes","floor":35,"turns":3},{"damage":14,"enemies":"2 Orb Walkers","floor":36,"turns":2},{"damage":21,"enemies":"3 Darklings","floor":37,"turns":6},{"damage":8,"enemies":"Sphere and 2 Shapes","floor":39,"turns":3},{"damage":43,"enemies":"Reptomancer","floor":40,"turns":5},{"damage":14,"enemies":"Nemesis","floor":42,"turns":5},{"damage":16,"enemies":"Donu and Deca","floor":50,"turns":5},{"damage":10,"enemies":"Shield and Spear","floor":54,"turns":4},{"damage":17,"enemies":"The Heart","floor":55,"turns":7}],"seed_played":"8996661332841570889","potions_obtained":[{"floor":4,"key":"PowerPotion"},{"floor":5,"key":"Block Potion"},{"floor":10,"key":"SkillPotion"},{"floor":11,"key":"Poison Potion"},{"floor":14,"key":"Ancient Potion"},{"floor":20,"key":"Fruit Juice"},{"floor":24,"key":"Energy Potion"},{"floor":29,"key":"Block Potion"},{"floor":35,"key":"BloodPotion"},{"floor":42,"key":"SkillPotion"}],"is_trial":false,"path_per_floor":["M","?","M","M","M","R","$","E","T","M","M","?","R","M","R","B",null,"M","?","M","$","M","R","E","R","T","R","E","M","$","M","R","B",null,"M","?","M","?","M","E","R","E","T","?","$","?","$","?","R","B",null,"R","$","E","B",null],"character_chosen":"IRONCLAD","items_purchased":["Battle Trance","Clothesline","TheAbacus","Oddly Smooth Stone","Impervious","Entrench","Bronze Scales","PowerPotion"],"campfire_rested":0,"item_purchase_floors":[7,7,7,21,21,45,47,53],"current_hp_per_floor":[68,68,63,67,51,51,51,26,26,28,19,19,19,24,24,30,62,53,53,60,60,63,63,65,65,65,65,45,55,55,65,65,75,77,77,77,76,83,84,67,67,73,73,73,73,63,63,63,63,69,80,80,80,84,84],"gold":115,"neow_bonus":"TWO_FIFTY_GOLD","is_prod":false,"is_daily":false,"chose_seed":false,"campfire_upgraded":9,"win_rate":0,"timestamp":1554185993,"path_taken":["M","?","M","M","M","R","$","E","T","M","M","?","R","?","R","BOSS","M","?","M","$","M","R","E","R","T","R","E","?","$","M","R","BOSS","M","?","M","?","?","E","R","E","T","?","$","?","$","?","R","BOSS","R","$","E","BOSS"],"build_version":"2019-01-23","purchased_purges":3,"victory":true,"max_hp_per_floor":[72,72,72,72,72,72,72,72,72,72,72,72,72,72,72,72,72,72,72,77,77,77,77,77,77,77,77,77,77,77,77,77,77,77,77,77,77,84,84,84,84,84,84,84,84,84,84,84,84,84,84,84,84,84,84],"card_choices":[{"not_picked":["Warcry","Havoc"],"picked":"Metallicize","floor":1},{"not_picked":["Corruption","Heavy Blade"],"picked":"Power Through","floor":3},{"not_picked":["Twin Strike","Reckless Charge"],"picked":"Carnage","floor":4},{"not_picked":["Seeing Red","Thunderclap"],"picked":"Second Wind","floor":5},{"not_picked":["Twin Strike","Reckless Charge"],"picked":"Iron Wave","floor":8},{"not_picked":["Perfected Strike","Clothesline"],"picked":"True Grit","floor":10},{"not_picked":["Havoc","Ghostly Armor"],"picked":"Evolve","floor":11},{"not_picked":["Second Wind","Headbutt+1","Power Through"],"picked":"SKIP","floor":14},{"not_picked":["Double Tap","Demon Form"],"picked":"Dark Embrace","floor":16},{"not_picked":["True Grit+1","Spot Weakness+1"],"picked":"Body Slam+1","floor":18},{"not_picked":["Pummel+1","Iron Wave+1","Sever Soul+1"],"picked":"SKIP","floor":20},{"not_picked":["Rage+1","Blood for Blood+1"],"picked":"Armaments+1","floor":22},{"not_picked":["Clothesline+1","Burning Pact+1"],"picked":"Offering","floor":24},{"not_picked":["Thunderclap+1","Sword Boomerang+1","Twin Strike+1"],"picked":"SKIP","floor":28},{"not_picked":["Pommel Strike+1","Wild Strike+1"],"picked":"Body Slam+1","floor":29},{"not_picked":["Clash+1","Pummel+1","Hemokinesis+1"],"picked":"SKIP","floor":31},{"not_picked":["Impervious","Exhume"],"picked":"Immolate+1","floor":33},{"not_picked":["True Grit","Thunderclap+1","Intimidate+1"],"picked":"SKIP","floor":35},{"not_picked":["Rupture+1","Armaments+1"],"picked":"Feel No Pain+1","floor":36},{"not_picked":["Wild Strike+1","Clothesline+1"],"picked":"Burning Pact","floor":37},{"not_picked":["Cleave+1","Whirlwind+1","Thunderclap+1"],"picked":"SKIP","floor":39},{"not_picked":["Whirlwind+1","Clothesline+1"],"picked":"Entrench","floor":40},{"not_picked":["Perfected Strike+1","Inflame+1","Bloodletting"],"picked":"SKIP","floor":42},{"not_picked":["Magnetism","Panache"],"picked":"Master of Strategy","floor":46},{"not_picked":["Master of Strategy","Impatience"],"picked":"Discovery","floor":46},{"not_picked":["Searing Blow+1","Flex"],"picked":"Impervious","floor":54}],"player_experience":398504,"relics_obtained":[{"floor":8,"key":"Centennial Puzzle"},{"floor":9,"key":"Whetstone"},{"floor":24,"key":"Bird Faced Urn"},{"floor":26,"key":"Happy Flower"},{"floor":28,"key":"Charon\u0027s Ashes"},{"floor":36,"key":"WingedGreaves"},{"floor":38,"key":"Strawberry"},{"floor":40,"key":"Anchor"},{"floor":42,"key":"Juzu Bracelet"},{"floor":54,"key":"Vajra"}],"event_choices":[{"damage_healed":0,"gold_gain":175,"player_choice":"AGREE","damage_taken":0,"max_hp_gain":0,"max_hp_loss":0,"event_name":"Liars Game","floor":2,"gold_loss":0,"cards_obtained":["Doubt"]},{"damage_healed":0,"gold_gain":0,"player_choice":"Gave Potion","damage_taken":0,"relics_obtained":["Molten Egg 2"],"max_hp_gain":0,"max_hp_loss":0,"event_name":"WeMeetAgain","floor":12,"gold_loss":0},{"cards_removed":["Strike_R"],"damage_healed":0,"gold_gain":0,"player_choice":"Upgrade and Remove","damage_taken":0,"max_hp_gain":0,"max_hp_loss":0,"event_name":"Designer","floor":19,"gold_loss":90,"cards_upgraded":["Strike_R"]},{"damage_healed":0,"gold_gain":0,"player_choice":"Fight","damage_taken":0,"max_hp_gain":0,"max_hp_loss":0,"event_name":"Mysterious Sphere","floor":36,"gold_loss":0},{"damage_healed":0,"gold_gain":0,"player_choice":"Relic","damage_taken":0,"max_hp_gain":0,"max_hp_loss":0,"event_name":"Wheel of Change","floor":38,"gold_loss":0},{"damage_healed":0,"gold_gain":0,"player_choice":"Ignored","damage_taken":0,"max_hp_gain":0,"max_hp_loss":0,"event_name":"Tomb of Lord Red Mask","floor":44,"gold_loss":0},{"damage_healed":0,"gold_gain":0,"player_choice":"Memory 3","damage_taken":10,"max_hp_gain":0,"max_hp_loss":0,"event_name":"SensoryStone","floor":46,"gold_loss":0},{"damage_healed":0,"gold_gain":0,"cards_transformed":["Clothesline"],"player_choice":"Transformed","damage_taken":0,"max_hp_gain":0,"max_hp_loss":0,"event_name":"Transmorgrifier","floor":48,"gold_loss":0,"cards_obtained":["Thunderclap"]}],"is_beta":false,"boss_relics":[{"not_picked":["Eternal Feather","Velvet Choker"],"picked":"Black Blood"},{"not_picked":["Tiny House","Orrery"],"picked":"Pandora\u0027s Box"}],"items_purged_floors":[7,30,45],"is_endless":false,"potions_floor_spawned":[4,5,10,11,14,20,24,29,33,35,39,42],"ascension_level":8}