{"gold_per_floor":[119,119,138,138,155,210,224,224],"floor_reached":8,"playtime":430,"items_purged":[],"score":78,"play_id":"edbbccff-e8bd-4de3-b34c-e169a2e99262","local_time":"20190524051011","is_ascension_mode":true,"campfire_choices":[],"neow_cost":"NONE","seed_source_timestamp":436855485683276,"circlet_count":0,"master_deck":["Strike_R","Strike_R","Strike_R","Strike_R","Strike_R","Defend_R","Defend_R","Defend_R","Defend_R","Bash+1","Battle Trance","Regret","Burning Pact","Shockwave"],"special_seed":0,"relics":["Sozu","Shovel","Tiny Chest"],"potions_floor_usage":[],"damage_taken":[{"damage":0.0,"enemies":"Cultist","floor":1.0,"turns":3.0},{"damage":4.0,"enemies":"Jaw Worm","floor":3.0,"turns":5.0},{"damage":5.0,"enemies":"Small Slimes","floor":5.0,"turns":5.0},{"damage":41.0,"enemies":"Lagavulin","floor":6.0,"turns":6.0},{"damage":6,"enemies":"Looter","floor":7,"turns":3},{"damage":22,"enemies":"Gremlin Nob","floor":8,"turns":3}],"seed_played":"4605976359638201554","potions_obtained":[],"is_trial":false,"path_per_floor":["M","?","M","?","M","E","M","E"],"character_chosen":"IRONCLAD","items_purchased":[],"campfire_rested":0,"item_purchase_floors":[],"current_hp_per_floor":[72,72,68,68,63,22,16,0],"gold":224,"neow_bonus":"BOSS_RELIC","is_prod":false,"is_daily":false,"chose_seed":false,"campfire_upgraded":0,"win_rate":0,"timestamp":1558654811,"path_taken":["M","?","M","?","?","E","M","E"],"build_version":"2019-01-23","purchased_purges":0,"victory":false,"max_hp_per_floor":[80,80,80,80,80,80,80,80],"card_choices":[{"not_picked":["Flex","Clash"],"picked":"Battle Trance","floor":1.0},{"not_picked":["Twin Strike","Havoc","Pummel"],"picked":"SKIP","floor":3.0},{"not_picked":["Sentinel","Blood for Blood","Anger"],"picked":"SKIP","floor":5.0},{"not_picked":["Body Slam","Brutality"],"picked":"Burning Pact","floor":6.0},{"not_picked":["Iron Wave","Disarm"],"picked":"Shockwave","floor":7}],"player_experience":694326,"relics_obtained":[{"floor":6.0,"key":"Tiny Chest"}],"event_choices":[{"damage_healed":0.0,"max_hp_gain":0.0,"max_hp_loss":0.0,"gold_gain":0.0,"event_name":"Big Fish","player_choice":"Box","floor":2.0,"gold_loss":0.0,"damage_taken":0.0,"relics_obtained":["Shovel"],"cards_obtained":["Regret"]},{"damage_healed":0.0,"max_hp_gain":0.0,"max_hp_loss":0.0,"gold_gain":0.0,"event_name":"Accursed Blacksmith","player_choice":"Forge","floor":4.0,"gold_loss":0.0,"damage_taken":0.0,"cards_upgraded":["Bash"]}],"is_beta":false,"boss_relics":[],"items_purged_floors":[],"is_endless":false,"potions_floor_spawned":[3,6,7],"killed_by":"Gremlin Nob","ascension_level":7}