{"gold_per_floor":[119,129,149,149,163,194,194,228,228,239,273,292,354,379,379,478,478,493,511,511,511,326,326,361,373,373,473,121,155,155,186,186,284,284,304,111,111,127,138,166,178,220,232,271,299,326,373,432,444,456],"floor_reached":51,"playtime":8156,"items_purged":["Infinite Blades"],"score":1379,"play_id":"fe0768e0-f25e-4cac-a580-e83779a59027","local_time":"20190523074316","is_ascension_mode":true,"campfire_choices":[{"data":"Neutralize","floor":7.0,"key":"SMITH"},{"data":"Terror","floor":15.0,"key":"SMITH"},{"data":"Footwork","floor":23.0,"key":"SMITH"},{"data":"Mayhem","floor":30,"key":"SMITH"},{"data":"Glass Knife","floor":32,"key":"SMITH"},{"floor":41,"key":"RECALL"},{"floor":49,"key":"REST"}],"neow_cost":"NONE","seed_source_timestamp":340050294159336,"circlet_count":0,"master_deck":["Defend_G+1","Defend_G+1","Defend_G+1","Defend_G+1","Defend_G+1","Strike_G+1","Strike_G+1","Strike_G+1","Strike_G+1","Survivor","Neutralize+1","Terror+1","Caltrops","Unload","Cloak And Dagger","Well Laid Plans","Dagger Spray","Burst","Blur","Corpse Explosion+1","Leg Sweep+1","Crippling Poison","Footwork+1","Glass Knife+1","Mayhem+1","After Image","Blur+1","Parasite","Dash+1","Wraith Form v2"],"special_seed":0,"relics":["Ring of the Snake","Darkstone Periapt","Paper Crane","Pantograph","Lantern","Blood Vial","Bag of Marbles","Velvet Choker","Du-Vu Doll","Singing Bowl","Mango","Mummified Hand","PreservedInsect","Toxic Egg 2","Fusion Hammer","TwistedFunnel","MawBank","Bag of Preparation","Kunai","Snake Skull","Gambling Chip"],"potions_floor_usage":[25,27,27,29,39,39,39,39,45,47,47,47,48,50],"damage_taken":[{"damage":0.0,"enemies":"Cultist","floor":1.0,"turns":5.0},{"damage":0.0,"enemies":"2 Louse","floor":2.0,"turns":3.0},{"damage":0.0,"enemies":"Small Slimes","floor":3.0,"turns":4.0},{"damage":0.0,"enemies":"2 Fungi Beasts","floor":5.0,"turns":5.0},{"damage":0.0,"enemies":"Gremlin Nob","floor":6.0,"turns":3.0},{"damage":4.0,"enemies":"Lagavulin","floor":8.0,"turns":8.0},{"damage":0.0,"enemies":"Blue Slaver","floor":10.0,"turns":4.0},{"damage":18.0,"enemies":"Gremlin Nob","floor":11.0,"turns":5.0},{"damage":0.0,"enemies":"Large Slime","floor":12.0,"turns":5.0},{"damage":4.0,"enemies":"Gremlin Nob","floor":13.0,"turns":3.0},{"damage":8.0,"enemies":"3 Sentries","floor":14.0,"turns":7.0},{"damage":0.0,"enemies":"The Guardian","floor":16.0,"turns":10.0},{"damage":1.0,"enemies":"Spheric Guardian","floor":18.0,"turns":5.0},{"damage":12.0,"enemies":"2 Thieves","floor":19.0,"turns":3.0},{"damage":5,"enemies":"Slavers","floor":24,"turns":2},{"damage":24,"enemies":"Snake Plant","floor":25,"turns":4},{"damage":0,"enemies":"Colosseum Slavers","floor":27,"turns":6},{"damage":0,"enemies":"Colosseum Nobs","floor":27,"turns":4},{"damage":12,"enemies":"Book of Stabbing","floor":29,"turns":6},{"damage":0,"enemies":"Gremlin Leader","floor":31,"turns":4},{"damage":48,"enemies":"Champ","floor":33,"turns":13},{"damage":0,"enemies":"Orb Walker","floor":35,"turns":4},{"damage":0,"enemies":"3 Shapes","floor":38,"turns":3},{"damage":0,"enemies":"Jaw Worm Horde","floor":39,"turns":3},{"damage":0,"enemies":"Giant Head","floor":40,"turns":8},{"damage":18,"enemies":"Reptomancer","floor":42,"turns":6},{"damage":0,"enemies":"Giant Head","floor":44,"turns":9},{"damage":0,"enemies":"Writhing Mass","floor":45,"turns":5},{"damage":0,"enemies":"4 Shapes","floor":46,"turns":6},{"damage":0,"enemies":"Reptomancer","floor":47,"turns":4},{"damage":2,"enemies":"2 Orb Walkers","floor":48,"turns":3},{"damage":5,"enemies":"Donu and Deca","floor":50,"turns":8}],"seed_played":"-8669287215125279344","potions_obtained":[{"floor":0.0,"key":"Fruit Juice"},{"floor":0.0,"key":"FairyPotion"},{"floor":0.0,"key":"Fruit Juice"},{"floor":1.0,"key":"LiquidBronze"},{"floor":2.0,"key":"Fire Potion"},{"floor":3.0,"key":"GamblersBrew"},{"floor":6.0,"key":"GamblersBrew"},{"floor":11.0,"key":"Strength Potion"},{"floor":14.0,"key":"Block Potion"},{"floor":19.0,"key":"SteroidPotion"},{"floor":25,"key":"Poison Potion"},{"floor":33,"key":"LiquidBronze"},{"floor":35,"key":"EntropicBrew"},{"floor":40,"key":"EntropicBrew"},{"floor":42,"key":"Strength Potion"},{"floor":46,"key":"LiquidBronze"},{"floor":47,"key":"Energy Potion"}],"is_trial":false,"path_per_floor":["M","M","M","?","M","E","R","E","T","M","E","M","?","E","R","B",null,"M","M","?","?","$","R","E","M","T","?","$","E","R","E","R","B",null,"M","$","?","M","M","E","R","E","T","E","M","M","E","?","R","B",null],"character_chosen":"THE_SILENT","items_purchased":["Footwork","Regen Potion","Mayhem","Regen Potion","Ancient Potion","TwistedFunnel"],"campfire_rested":1,"item_purchase_floors":[22,22,28,28,28,36],"current_hp_per_floor":[73,73,73,66,66,66,66,62,62,62,44,44,40,34,34,61,75,76,66,66,66,66,66,63,53,53,73,73,80,80,84,84,52,88,92,92,92,96,100,102,102,88,88,92,102,106,108,108,120,115],"gold":468,"neow_bonus":"THREE_SMALL_POTIONS","is_prod":false,"is_daily":false,"chose_seed":false,"campfire_upgraded":5,"win_rate":0,"timestamp":1558577596,"path_taken":["M","?","M","?","M","E","R","E","T","M","E","M","?","E","R","BOSS","M","M","?","?","$","R","E","M","T","?","$","E","R","E","R","BOSS","M","$","?","M","M","E","R","E","T","E","M","?","E","?","R","BOSS"],"build_version":"2019-01-23","purchased_purges":1,"victory":true,"max_hp_per_floor":[80,80,80,80,80,80,80,80,80,80,80,80,80,80,80,80,80,80,80,80,80,80,80,80,80,80,96,96,98,98,100,100,100,100,102,102,102,104,106,106,106,108,108,110,118,120,120,120,120,120],"card_choices":[{"not_picked":["Reflex","Eviscerate"],"picked":"Terror","floor":1.0},{"not_picked":["Accuracy","Calculated Gamble","Masterful Stab"],"picked":"SKIP","floor":2.0},{"not_picked":["Choke","Bane"],"picked":"Caltrops","floor":3.0},{"not_picked":["Dodge and Roll","Slice"],"picked":"Unload","floor":5.0},{"not_picked":["Acrobatics","All Out Attack"],"picked":"Cloak And Dagger","floor":6.0},{"not_picked":["Dodge and Roll","Accuracy"],"picked":"Well Laid Plans","floor":8.0},{"not_picked":["Bane","Acrobatics"],"picked":"Dagger Spray","floor":10.0},{"not_picked":["Quick Slash","Endless Agony"],"picked":"Infinite Blades","floor":11.0},{"not_picked":["PiercingWail","Sucker Punch"],"picked":"Burst","floor":12.0},{"not_picked":["Reflex","Dagger Spray"],"picked":"Blur","floor":13.0},{"not_picked":["Underhanded Strike","Distraction","Sucker Punch"],"picked":"SKIP","floor":14.0},{"not_picked":["Tools of the Trade","Envenom"],"picked":"Corpse Explosion","floor":16.0},{"not_picked":["Dagger Spray","Flying Knee+1","Dodge and Roll"],"picked":"SKIP","floor":18.0},{"not_picked":["Backstab","Bouncing Flask"],"picked":"Leg Sweep+1","floor":19.0},{"not_picked":["Prepared","Flechettes","Escape Plan"],"picked":"SKIP","floor":24},{"not_picked":["Outmaneuver","PiercingWail+1"],"picked":"Glass Knife","floor":25},{"not_picked":["Cloak And Dagger","Dodge and Roll","Deflect"],"picked":"Singing Bowl","floor":27},{"not_picked":["Dagger Spray","Backflip","Blade Dance"],"picked":"Singing Bowl","floor":29},{"not_picked":["Underhanded Strike","Tactician","Storm of Steel"],"picked":"Singing Bowl","floor":31},{"not_picked":["A Thousand Cuts","Grand Finale"],"picked":"After Image","floor":33},{"not_picked":["Eviscerate+1","Poisoned Stab+1","Cloak And Dagger+1"],"picked":"Singing Bowl","floor":35},{"not_picked":["Backstab","Dagger Throw+1","Sucker Punch+1"],"picked":"Singing Bowl","floor":38},{"not_picked":["Flying Knee","Masterful Stab","Flechettes+1"],"picked":"Singing Bowl","floor":39},{"not_picked":["PiercingWail+1","Die Die Die"],"picked":"Blur+1","floor":40},{"not_picked":["Expertise+1","Tactician+1","PiercingWail+1"],"picked":"Singing Bowl","floor":42},{"not_picked":["Expertise+1","Underhanded Strike+1","Reflex+1"],"picked":"Singing Bowl","floor":44},{"not_picked":["Dagger Spray","Underhanded Strike+1","Accuracy+1"],"picked":"Singing Bowl","floor":45},{"not_picked":["Flechettes+1","Underhanded Strike+1","Eviscerate"],"picked":"Singing Bowl","floor":46},{"not_picked":["Backstab","Cloak And Dagger+1"],"picked":"Dash+1","floor":47},{"not_picked":["Choke","Dodge and Roll+1"],"picked":"Wraith Form v2","floor":48}],"player_experience":643895,"relics_obtained":[{"floor":6.0,"key":"Darkstone Periapt"},{"floor":8.0,"key":"Paper Crane"},{"floor":9.0,"key":"Pantograph"},{"floor":11.0,"key":"Lantern"},{"floor":13.0,"key":"Blood Vial"},{"floor":14.0,"key":"Bag of Marbles"},{"floor":24,"key":"Du-Vu Doll"},{"floor":26,"key":"Singing Bowl"},{"floor":27,"key":"Mango"},{"floor":27,"key":"Mummified Hand"},{"floor":29,"key":"PreservedInsect"},{"floor":31,"key":"Toxic Egg 2"},{"floor":40,"key":"MawBank"},{"floor":42,"key":"Bag of Preparation"},{"floor":44,"key":"Kunai"},{"floor":47,"key":"Snake Skull"},{"floor":48,"key":"Gambling Chip"}],"event_choices":[{"cards_removed":["Strike_G"],"damage_healed":0.0,"max_hp_gain":0.0,"max_hp_loss":0.0,"gold_gain":0.0,"event_name":"Golden Wing","player_choice":"Card Removal","floor":4.0,"gold_loss":0.0,"damage_taken":7.0},{"damage_healed":0.0,"max_hp_gain":0.0,"max_hp_loss":0.0,"gold_gain":0.0,"event_name":"Dead Adventurer","player_choice":"Searched \u00271\u0027 times","floor":13.0,"gold_loss":0.0,"damage_taken":0.0},{"damage_healed":0.0,"max_hp_gain":0.0,"max_hp_loss":0.0,"gold_gain":0.0,"event_name":"The Library","player_choice":"Read","floor":20.0,"gold_loss":0.0,"damage_taken":0.0,"cards_obtained":["Crippling Poison"]},{"damage_healed":0.0,"max_hp_gain":0.0,"max_hp_loss":0.0,"gold_gain":0.0,"event_name":"Back to Basics","player_choice":"Simplicity","floor":21.0,"gold_loss":0.0,"damage_taken":0.0,"cards_upgraded":["Defend_G","Defend_G","Defend_G","Defend_G","Defend_G","Strike_G","Strike_G","Strike_G","Strike_G"]},{"damage_healed":0,"gold_gain":0,"player_choice":"Fight","damage_taken":0,"max_hp_gain":0,"max_hp_loss":0,"event_name":"Colosseum","floor":27,"gold_loss":0},{"damage_healed":0,"gold_gain":0,"player_choice":"Fought Nobs","damage_taken":0,"max_hp_gain":0,"max_hp_loss":0,"event_name":"Colosseum","floor":27,"gold_loss":0},{"damage_healed":0,"gold_gain":0,"player_choice":"Upgraded","damage_taken":0,"max_hp_gain":0,"max_hp_loss":0,"event_name":"Upgrade Shrine","floor":37,"gold_loss":0,"cards_upgraded":["Corpse Explosion"]},{"damage_healed":0,"gold_gain":0,"player_choice":"Fight","damage_taken":0,"max_hp_gain":0,"max_hp_loss":0,"event_name":"Mysterious Sphere","floor":48,"gold_loss":0}],"is_beta":false,"boss_relics":[{"not_picked":["Lizard Tail","Black Star"],"picked":"Velvet Choker"},{"not_picked":["WristBlade","Philosopher\u0027s Stone"],"picked":"Fusion Hammer"}],"items_purged_floors":[22],"is_endless":false,"potions_floor_spawned":[1,2,3,6,11,14,19,25,33,35,40,42,46,47],"ascension_level":6}