{"gold_per_floor":[215,234,234,89,114,114,158,183,183,214,214,214,248,102,102,201,201,215,231,256,256,280,321,321,341,341,409,424,448,484,484,484,484],"floor_reached":33,"playtime":3721,"items_purged":["Injury"],"score":540,"play_id":"1985d7e8-e143-4f77-b650-f58c990f948d","local_time":"20190602151542","is_ascension_mode":true,"campfire_choices":[{"data":"Sunder","floor":6.0,"key":"SMITH"},{"data":"Biased Cognition","floor":12.0,"key":"SMITH"},{"data":"Loop","floor":15.0,"key":"SMITH"},{"data":"Zap","floor":24.0,"key":"SMITH"},{"data":"Loop","floor":32,"key":"SMITH"}],"neow_cost":"NONE","seed_source_timestamp":2168356319598,"circlet_count":0,"master_deck":["AscendersBane","Strike_B","Strike_B","Defend_B","Defend_B+1","Defend_B+1","Defend_B","Zap+1","Dualcast","Loop+1","Sunder+1","Self Repair","BootSequence","Biased Cognition+1","Cold Snap","All For One","Ball Lightning","Doom and Gloom+1","Glacier","Loop+1","Core Surge","Ball Lightning","Writhe"],"special_seed":0,"relics":["Cracked Core","Golden Idol","Dream Catcher","War Paint","Bottled Lightning","Smiling Mask","PreservedInsect","Velvet Choker","Orichalcum","Blue Candle","Tiny Chest","Juzu Bracelet","Darkstone Periapt"],"potions_floor_usage":[33],"damage_taken":[{"damage":7.0,"enemies":"Small Slimes","floor":1.0,"turns":3.0},{"damage":7.0,"enemies":"Jaw Worm","floor":2.0,"turns":3.0},{"damage":0.0,"enemies":"Cultist","floor":5.0,"turns":4.0},{"damage":15.0,"enemies":"Lagavulin","floor":7.0,"turns":7.0},{"damage":1.0,"enemies":"Exordium Wildlife","floor":8.0,"turns":3.0},{"damage":15.0,"enemies":"Gremlin Nob","floor":10.0,"turns":4.0},{"damage":5.0,"enemies":"3 Sentries","floor":13.0,"turns":4.0},{"damage":26.0,"enemies":"Hexaghost","floor":16.0,"turns":13.0},{"damage":12.0,"enemies":"Shell Parasite","floor":18.0,"turns":5.0},{"damage":10.0,"enemies":"Chosen","floor":19.0,"turns":4.0},{"damage":8.0,"enemies":"Sentry and Sphere","floor":20.0,"turns":4.0},{"damage":11.0,"enemies":"Snake Plant","floor":22.0,"turns":5.0},{"damage":3.0,"enemies":"Slavers","floor":23.0,"turns":4.0},{"damage":0.0,"enemies":"Cultist and Chosen","floor":25.0,"turns":6.0},{"damage":2.0,"enemies":"Gremlin Leader","floor":27.0,"turns":7.0},{"damage":13.0,"enemies":"Chosen and Byrds","floor":28.0,"turns":5.0},{"damage":0.0,"enemies":"Centurion and Healer","floor":29.0,"turns":6.0},{"damage":39.0,"enemies":"Book of Stabbing","floor":30.0,"turns":5.0},{"damage":36,"enemies":"Automaton","floor":33,"turns":8}],"seed_played":"-7372577434153381646","potions_obtained":[{"floor":1.0,"key":"Explosive Potion"},{"floor":5.0,"key":"FearPotion"},{"floor":8.0,"key":"Weak Potion"},{"floor":16.0,"key":"SmokeBomb"},{"floor":19.0,"key":"FearPotion"},{"floor":20.0,"key":"Swift Potion"},{"floor":23.0,"key":"Poison Potion"},{"floor":29.0,"key":"Fire Potion"},{"floor":30.0,"key":"FocusPotion"}],"is_trial":false,"path_per_floor":["M","M","?","$","M","R","E","M","T","E","?","R","E","$","R","B",null,"M","M","M","?","M","E","R","M","T","E","M","M","E","?","R","B"],"character_chosen":"DEFECT","items_purchased":["Self Repair","PreservedInsect"],"campfire_rested":0,"item_purchase_floors":[4,14],"current_hp_per_floor":[61,54,54,54,61,61,53,59,59,44,44,44,46,46,46,27,63,58,55,54,54,50,54,54,61,61,66,60,67,28,34,34,0],"gold":484,"neow_bonus":"HUNDRED_GOLD","is_prod":false,"is_daily":false,"chose_seed":false,"campfire_upgraded":5,"win_rate":0,"timestamp":1559468742,"path_taken":["M","M","?","$","M","R","E","M","T","E","?","R","E","$","R","BOSS","M","M","?","?","M","E","R","M","T","E","M","M","E","?","R","BOSS"],"build_version":"2019-01-23","purchased_purges":1,"victory":false,"max_hp_per_floor":[75,75,75,75,75,75,75,75,75,75,75,75,75,75,75,75,75,75,75,75,75,75,75,75,75,75,75,75,75,75,81,81,81],"card_choices":[{"not_picked":["Blizzard","Coolheaded"],"picked":"Loop","floor":1.0},{"not_picked":["Go for the Eyes","Barrage"],"picked":"Sunder","floor":2.0},{"not_picked":["Stack","Redo"],"picked":"BootSequence","floor":5.0},{"not_picked":["All For One","Streamline"],"picked":"Biased Cognition","floor":7.0},{"not_picked":["Double Energy","Reinforced Body"],"picked":"Cold Snap","floor":8.0},{"not_picked":["Leap","Barrage","Skim"],"picked":"SKIP","floor":10.0},{"not_picked":["Force Field","Reboot","Stack"],"picked":"SKIP","floor":13.0},{"not_picked":["Reboot","Multi-Cast"],"picked":"All For One","floor":16.0},{"not_picked":["Turbo","Coolheaded+1"],"picked":"Ball Lightning","floor":18.0},{"not_picked":["Darkness","Conserve Battery"],"picked":"Doom and Gloom+1","floor":19.0},{"not_picked":["Chill","Leap"],"picked":"Glacier","floor":20.0},{"not_picked":["Rebound","Turbo"],"picked":"Loop","floor":22.0},{"not_picked":["Recycle","Doom and Gloom","Amplify"],"picked":"SKIP","floor":23.0},{"not_picked":["Sunder","Steam","Conserve Battery"],"picked":"SKIP","floor":25.0},{"not_picked":["Skim","Blizzard"],"picked":"Core Surge","floor":27.0},{"not_picked":["Self Repair","Blizzard","Stack"],"picked":"SKIP","floor":28.0},{"not_picked":["Compile Driver","Rebound+1","Steam Power"],"picked":"SKIP","floor":29.0},{"not_picked":["Hello World","Streamline"],"picked":"Ball Lightning","floor":30.0}],"player_experience":1094115,"relics_obtained":[{"floor":7.0,"key":"Dream Catcher"},{"floor":9.0,"key":"War Paint"},{"floor":10.0,"key":"Bottled Lightning"},{"floor":13.0,"key":"Smiling Mask"},{"floor":23.0,"key":"Orichalcum"},{"floor":26.0,"key":"Blue Candle"},{"floor":27.0,"key":"Tiny Chest"},{"floor":30.0,"key":"Juzu Bracelet"}],"event_choices":[{"damage_healed":0.0,"max_hp_gain":0.0,"max_hp_loss":0.0,"gold_gain":0.0,"event_name":"Golden Idol","player_choice":"Take Wound","floor":3.0,"gold_loss":0.0,"damage_taken":0.0,"relics_obtained":["Golden Idol"],"cards_obtained":["Injury"]},{"cards_removed":["Strike_B"],"damage_healed":0.0,"max_hp_gain":0.0,"max_hp_loss":0.0,"gold_gain":0.0,"event_name":"Purifier","player_choice":"Purged","floor":11.0,"gold_loss":0.0,"damage_taken":0.0},{"cards_removed":["Strike_B"],"damage_healed":0.0,"max_hp_gain":0.0,"max_hp_loss":0.0,"gold_gain":0.0,"event_name":"Bonfire Elementals","player_choice":"Offered Basic","floor":21.0,"gold_loss":0.0,"damage_taken":0.0},{"damage_healed":0.0,"max_hp_gain":0.0,"max_hp_loss":0.0,"gold_gain":0.0,"event_name":"The Mausoleum","player_choice":"Opened","floor":31.0,"gold_loss":0.0,"damage_taken":0.0,"relics_obtained":["Darkstone Periapt"],"cards_obtained":["Writhe"]}],"is_beta":false,"boss_relics":[{"not_picked":["Pandora\u0027s Box","Nuclear Battery"],"picked":"Velvet Choker"}],"items_purged_floors":[4],"is_endless":false,"potions_floor_spawned":[1,5,8,16,19,20,23,29,30],"killed_by":"Automaton","ascension_level":13}