{"gold_per_floor":[13,25,44,59,70,98,113,113,165,165,25,25,44,73,73,178,178,194,11,11,30,30,63,75,75,75,92,92],"floor_reached":28,"playtime":2737,"items_purged":["Strike_G"],"score":277,"play_id":"f71439fe-c6ed-42f5-8377-68b7ac416bde","local_time":"20190313174558","is_ascension_mode":false,"campfire_choices":[{"data":"Crippling Poison","floor":8,"key":"SMITH"},{"data":"Crippling Poison","floor":10,"key":"SMITH"},{"floor":15,"key":"REST"},{"floor":25,"key":"REST"}],"neow_cost":"NO_GOLD","seed_source_timestamp":84793076360940,"circlet_count":0,"master_deck":["Defend_G","Defend_G","Defend_G","Defend_G","Defend_G","Strike_G","Strike_G","Strike_G","Strike_G","Survivor","Neutralize","Poisoned Stab","Flying Knee","Escape Plan","Cloak And Dagger","Crippling Poison+1","Storm of Steel","Crippling Poison+1","Well Laid Plans","Crippling Poison","Outmaneuver","Blur","Unload","Noxious Fumes","Dodge and Roll","Noxious Fumes","Acrobatics","Escape Plan","Bane","PanicButton","Backflip","Heel Hook","Leg Sweep","Catalyst","Night Terror"],"relics":["Ring of the Snake","Bird Faced Urn","Oddly Smooth Stone","Smiling Mask","Prayer Wheel","Philosopher\u0027s Stone","Pantograph","The Specimen"],"potions_floor_usage":[2,6,23,27],"damage_taken":[{"damage":0,"enemies":"2 Louse","floor":1,"turns":3},{"damage":7,"enemies":"Jaw Worm","floor":2,"turns":7},{"damage":0,"enemies":"Cultist","floor":3,"turns":3},{"damage":8,"enemies":"Gremlin Gang","floor":4,"turns":7},{"damage":1,"enemies":"Blue Slaver","floor":5,"turns":4},{"damage":15,"enemies":"Lagavulin","floor":6,"turns":9},{"damage":0,"enemies":"Exordium Wildlife","floor":7,"turns":3},{"damage":3,"enemies":"Lots of Slimes","floor":13,"turns":2},{"damage":39,"enemies":"Gremlin Nob","floor":14,"turns":5},{"damage":4,"enemies":"Hexaghost","floor":16,"turns":12},{"damage":6,"enemies":"Chosen","floor":18,"turns":5},{"damage":6,"enemies":"3 Byrds","floor":21,"turns":3},{"damage":59,"enemies":"Gremlin Leader","floor":23,"turns":7},{"damage":10,"enemies":"Snecko","floor":24,"turns":6},{"damage":8,"enemies":"3 Cultists","floor":27,"turns":5},{"damage":34,"enemies":"Snake Plant","floor":28,"turns":5}],"seed_played":"-6974386942222472744","potions_obtained":[{"floor":2,"key":"Fruit Juice"},{"floor":5,"key":"Weak Potion"},{"floor":14,"key":"Explosive Potion"},{"floor":16,"key":"SneckoOil"},{"floor":18,"key":"Strength Potion"},{"floor":24,"key":"Poison Potion"},{"floor":27,"key":"Dexterity Potion"}],"is_trial":false,"path_per_floor":["?","?","?"],"character_chosen":"THE_SILENT","items_purchased":["Well Laid Plans","Crippling Poison","Noxious Fumes","Acrobatics"],"campfire_rested":2,"item_purchase_floors":[11,11,19,19],"current_hp_per_floor":[70,68,68,60,59,44,44,44,44,44,44,44,43,6,28,26,75,69,69,69,63,63,10,4,26,26,24,0],"gold":92,"neow_bonus":"ONE_RARE_RELIC","is_prod":false,"is_daily":false,"chose_seed":false,"campfire_upgraded":2,"win_rate":0,"timestamp":1552513558,"path_taken":["M","M","M","M","M","E","M","R","T","R","$","?","M","E","R","BOSS","M","$","?","M","?","E","M","R","T","M","M"],"build_version":"2019-01-23","purchased_purges":1,"victory":false,"max_hp_per_floor":[70,75,75,75,75,75,75,75,75,75,75,75,75,75,75,75,75,75,75,75,75,75,75,75,75,75,75,75],"card_choices":[{"not_picked":["Deadly Poison","Masterful Stab"],"picked":"Poisoned Stab","floor":1},{"not_picked":["Flechettes","Blade Dance"],"picked":"Flying Knee","floor":2},{"not_picked":["Slice","Sucker Punch"],"picked":"Escape Plan","floor":3},{"not_picked":["Deadly Poison","Riddle With Holes"],"picked":"Cloak And Dagger","floor":4},{"not_picked":["Skewer","Expertise"],"picked":"Crippling Poison","floor":5},{"not_picked":["Sucker Punch","Doppelganger"],"picked":"Storm of Steel","floor":6},{"not_picked":["Bane","Distraction"],"picked":"Crippling Poison","floor":7},{"not_picked":["Dagger Throw","Blade Dance"],"picked":"Outmaneuver","floor":13},{"not_picked":["Acrobatics","Well Laid Plans"],"picked":"Blur","floor":14},{"not_picked":["Venomology","Die Die Die"],"picked":"Unload","floor":16},{"not_picked":["Backflip","Slice"],"picked":"Noxious Fumes","floor":18},{"not_picked":["Blade Dance","Eviscerate+1"],"picked":"Dodge and Roll","floor":18},{"not_picked":["Quick Slash","Finisher"],"picked":"Escape Plan","floor":21},{"not_picked":["Underhanded Strike","Slice","Sucker Punch"],"picked":"SKIP","floor":21},{"not_picked":["Endless Agony","Heel Hook"],"picked":"Backflip","floor":23},{"not_picked":["Backflip","Tactician+1"],"picked":"Heel Hook","floor":24},{"not_picked":["Backflip","Escape Plan"],"picked":"Leg Sweep","floor":24},{"not_picked":["Footwork","Heel Hook"],"picked":"Catalyst","floor":27},{"not_picked":["Underhanded Strike+1","Flying Knee"],"picked":"Night Terror","floor":27}],"player_experience":275315,"relics_obtained":[{"floor":6,"key":"Oddly Smooth Stone"},{"floor":9,"key":"Smiling Mask"},{"floor":14,"key":"Prayer Wheel"},{"floor":23,"key":"Pantograph"},{"floor":26,"key":"The Specimen"}],"event_choices":[{"damage_healed":0,"gold_gain":0,"player_choice":"Fled","damage_taken":0,"max_hp_gain":0,"max_hp_loss":0,"event_name":"Scrap Ooze","floor":12,"gold_loss":0},{"damage_healed":0,"gold_gain":0,"player_choice":"Ignored","damage_taken":0,"max_hp_gain":0,"max_hp_loss":0,"event_name":"Beggar","floor":20,"gold_loss":0},{"damage_healed":0,"gold_gain":0,"player_choice":"2 cards matched","damage_taken":0,"max_hp_gain":0,"max_hp_loss":0,"event_name":"Match and Keep!","floor":22,"gold_loss":0,"cards_obtained":["Bane","PanicButton"]}],"is_beta":false,"boss_relics":[{"not_picked":["Orrery","Busted Crown"],"picked":"Philosopher\u0027s Stone"}],"items_purged_floors":[19],"is_endless":false,"potions_floor_spawned":[2,5,14,16,18,24,27],"killed_by":"Snake Plant","ascension_level":0}