{"gold_per_floor":[116,116,127,147,160,160,160,171,171,3,19,19,54,74,74,173,173,183,196,216,216,6,6,40,40,40,53,68,68,103,119,119,215,215,232,80,93,93,106,133,133,133,156,182,194,240,252,276,288,300],"floor_reached":50,"playtime":13288,"items_purged":["Strike_R"],"score":674,"play_id":"c9694f04-2084-47c0-8d24-5f3275f4f711","local_time":"20190509013812","is_ascension_mode":false,"campfire_choices":[{"data":"Ghostly Armor","floor":6.0,"key":"SMITH"},{"data":"Heavy Blade","floor":15.0,"key":"SMITH"},{"data":"Carnage","floor":23.0,"key":"SMITH"},{"data":"Enlightenment","floor":25.0,"key":"SMITH"},{"data":"Searing Blow","floor":32.0,"key":"SMITH"},{"data":"Searing Blow+1","floor":45.0,"key":"SMITH"},{"data":"Searing Blow+2","floor":47.0,"key":"SMITH"},{"data":"Searing Blow+3","floor":49.0,"key":"SMITH"}],"neow_cost":"NONE","seed_source_timestamp":47716184276940,"circlet_count":0,"master_deck":["Strike_R","Strike_R","Defend_R","Defend_R","Defend_R","Bash","Ghostly Armor+1","Inflame","Headbutt","Headbutt","Anger","Heavy Blade+1","Carnage+1","Shockwave","Shrug It Off","Impervious+1","Clothesline","Offering","Thunderclap","Pommel Strike","Dual Wield","Enlightenment+1","Shrug It Off+1","Spot Weakness","Bloodletting+1","Searing Blow+4","RitualDagger","Heavy Blade","Inflame","Double Tap","Clash+1","Flame Barrier+1","Juggernaut","Shrug It Off+1","Demon Form"],"special_seed":0,"relics":["Black Blood","Mercury Hourglass","Orichalcum","Sundial","Coffee Dripper","Thread and Needle","Mummified Hand","Red Mask","War Paint","Bronze Scales","Strawberry","MawBank","Darkstone Periapt"],"potions_floor_usage":[50],"damage_taken":[{"damage":1.0,"enemies":"2 Louse","floor":1.0,"turns":3.0},{"damage":1.0,"enemies":"Jaw Worm","floor":3.0,"turns":4.0},{"damage":7.0,"enemies":"Small Slimes","floor":4.0,"turns":4.0},{"damage":0.0,"enemies":"Looter","floor":5.0,"turns":4.0},{"damage":5.0,"enemies":"Large Slime","floor":8.0,"turns":4.0},{"damage":11.0,"enemies":"Exordium Thugs","floor":11.0,"turns":5.0},{"damage":0.0,"enemies":"Gremlin Nob","floor":13.0,"turns":3.0},{"damage":0.0,"enemies":"Blue Slaver","floor":14.0,"turns":3.0},{"damage":25.0,"enemies":"Slime Boss","floor":16.0,"turns":8.0},{"damage":6.0,"enemies":"Spheric Guardian","floor":18.0,"turns":3.0},{"damage":0.0,"enemies":"Chosen","floor":19.0,"turns":3.0},{"damage":8.0,"enemies":"3 Cultists","floor":20.0,"turns":5.0},{"damage":6.0,"enemies":"Gremlin Leader","floor":24.0,"turns":5.0},{"damage":9.0,"enemies":"Snake Plant","floor":27.0,"turns":2.0},{"damage":6.0,"enemies":"Chosen and Byrds","floor":28.0,"turns":6.0},{"damage":0.0,"enemies":"Masked Bandits","floor":30.0,"turns":2.0},{"damage":6.0,"enemies":"Cultist and Chosen","floor":31.0,"turns":3.0},{"damage":30.0,"enemies":"Automaton","floor":33.0,"turns":7.0},{"damage":9.0,"enemies":"3 Darklings","floor":35.0,"turns":7.0},{"damage":6.0,"enemies":"Orb Walker","floor":37.0,"turns":2.0},{"damage":21.0,"enemies":"Writhing Mass","floor":39.0,"turns":5.0},{"damage":14.0,"enemies":"Reptomancer","floor":40.0,"turns":5.0},{"damage":57.0,"enemies":"Nemesis","floor":46.0,"turns":7.0},{"damage":6.0,"enemies":"Jaw Worm Horde","floor":48.0,"turns":3.0},{"damage":73,"enemies":"Awakened One","floor":50,"turns":7}],"seed_played":"-4937621268350244121","potions_obtained":[{"floor":1.0,"key":"Fruit Juice"},{"floor":5.0,"key":"Block Potion"},{"floor":8.0,"key":"BloodPotion"},{"floor":18.0,"key":"Fire Potion"},{"floor":20.0,"key":"Ancient Potion"},{"floor":27.0,"key":"Strength Potion"},{"floor":35.0,"key":"Explosive Potion"},{"floor":40.0,"key":"Ancient Potion"},{"floor":46.0,"key":"Swift Potion"}],"is_trial":false,"path_per_floor":["M","?","M","M","M","R","T","M","T","$","M","?","E","M","R","B",null,"M","M","M","?","$","R","E","R","T","M","M","?","?","M","R","B",null,"M","$","M","?","M","E","?","?","T","T","R","E","R","M","R","B"],"character_chosen":"IRONCLAD","items_purchased":["Heavy Blade","Carnage","Shockwave","Enlightenment","Shrug It Off","War Paint"],"campfire_rested":0,"item_purchase_floors":[10,10,10,22,22,36],"current_hp_per_floor":[88,81,86,85,88,88,88,88,88,88,83,88,93,93,93,74,93,93,93,96,76,76,76,76,76,76,73,73,67,73,73,73,49,103,103,103,103,103,92,88,88,78,85,85,85,49,49,53,53,0],"gold":300,"neow_bonus":"TEN_PERCENT_HP_BONUS","is_prod":false,"is_daily":false,"chose_seed":false,"campfire_upgraded":8,"win_rate":0.0,"timestamp":1557346092,"path_taken":["M","?","M","M","M","R","?","M","T","?","M","?","E","M","R","BOSS","M","M","M","?","$","R","E","R","T","M","M","?","?","M","R","BOSS","M","$","M","?","?","E","?","?","T","?","R","E","R","M","R","BOSS"],"build_version":"2019-01-23","purchased_purges":1,"victory":false,"max_hp_per_floor":[88,88,88,88,88,88,88,88,88,88,88,93,93,93,93,93,93,93,93,98,103,103,103,103,103,103,103,103,103,103,103,103,103,103,103,103,103,103,103,103,103,103,110,110,110,110,110,110,110,110],"card_choices":[{"not_picked":["Iron Wave","Perfected Strike"],"picked":"Ghostly Armor","floor":1.0},{"not_picked":["Whirlwind","True Grit"],"picked":"Inflame","floor":3.0},{"not_picked":["Thunderclap","Rage"],"picked":"Headbutt","floor":4.0},{"not_picked":["Second Wind","True Grit"],"picked":"Headbutt","floor":5.0},{"not_picked":["Warcry","Offering"],"picked":"Anger","floor":8.0},{"not_picked":["Ghostly Armor","True Grit"],"picked":"Shrug It Off","floor":11.0},{"not_picked":["Headbutt","Cleave"],"picked":"Impervious","floor":13.0},{"not_picked":["Sever Soul","Blood for Blood"],"picked":"Clothesline","floor":14.0},{"not_picked":["Fiend Fire","Brutality"],"picked":"Offering","floor":16.0},{"not_picked":["Iron Wave","Cleave"],"picked":"Thunderclap","floor":18.0},{"not_picked":["Twin Strike","Anger"],"picked":"Pommel Strike","floor":19.0},{"not_picked":["Pommel Strike","Perfected Strike"],"picked":"Dual Wield","floor":20.0},{"not_picked":["Flex","Anger"],"picked":"Spot Weakness","floor":24.0},{"not_picked":["Perfected Strike","Pummel"],"picked":"Bloodletting+1","floor":27.0},{"not_picked":["Sword Boomerang","Heavy Blade+1"],"picked":"Searing Blow","floor":28.0},{"not_picked":["Thunderclap","Infernal Blade"],"picked":"Heavy Blade","floor":30.0},{"not_picked":["Shrug It Off","Pummel"],"picked":"Inflame","floor":31.0},{"not_picked":["Berserk","Offering"],"picked":"Double Tap","floor":33.0},{"not_picked":["Thunderclap","Body Slam"],"picked":"Clash+1","floor":35.0},{"not_picked":["Metallicize+1","Feel No Pain"],"picked":"Flame Barrier+1","floor":37.0},{"not_picked":["Headbutt","Power Through"],"picked":"Juggernaut","floor":39.0},{"not_picked":["Heavy Blade+1","Seeing Red+1"],"picked":"Shrug It Off+1","floor":40.0},{"not_picked":["Shockwave+1","Flame Barrier"],"picked":"Demon Form","floor":46.0},{"not_picked":["Clothesline","Disarm","Cleave"],"picked":"SKIP","floor":48.0}],"player_experience":22975,"relics_obtained":[{"floor":7.0,"key":"Mercury Hourglass"},{"floor":9.0,"key":"Orichalcum"},{"floor":13.0,"key":"Sundial"},{"floor":24.0,"key":"Thread and Needle"},{"floor":26.0,"key":"Mummified Hand"},{"floor":30.0,"key":"Red Mask"},{"floor":40.0,"key":"Bronze Scales"},{"floor":43.0,"key":"Strawberry"},{"floor":44.0,"key":"MawBank"},{"floor":46.0,"key":"Darkstone Periapt"}],"event_choices":[{"cards_removed":["Strike_R"],"damage_healed":0.0,"max_hp_gain":0.0,"max_hp_loss":0.0,"gold_gain":0.0,"event_name":"Golden Wing","player_choice":"Card Removal","floor":2.0,"gold_loss":0.0,"damage_taken":7.0},{"damage_healed":0.0,"max_hp_gain":5.0,"max_hp_loss":0.0,"gold_gain":0.0,"event_name":"Big Fish","player_choice":"Donut","floor":12.0,"gold_loss":0.0,"damage_taken":0.0},{"damage_healed":0.0,"max_hp_gain":5.0,"max_hp_loss":0.0,"gold_gain":0.0,"event_name":"Forgotten Altar","player_choice":"Shed Blood","floor":21.0,"gold_loss":0.0,"damage_taken":25.0},{"damage_healed":0.0,"max_hp_gain":0.0,"max_hp_loss":0.0,"gold_gain":0.0,"event_name":"Nest","player_choice":"Joined the Cult","floor":29.0,"gold_loss":0.0,"damage_taken":6.0,"cards_obtained":["RitualDagger"]},{"damage_healed":0.0,"max_hp_gain":0.0,"max_hp_loss":0.0,"gold_gain":0.0,"event_name":"Masked Bandits","player_choice":"Fought Bandits","floor":30.0,"gold_loss":0.0,"damage_taken":0.0},{"cards_removed":["Defend_R"],"damage_healed":0.0,"max_hp_gain":0.0,"max_hp_loss":0.0,"gold_gain":0.0,"event_name":"Bonfire Elementals","player_choice":"Offered Basic","floor":38.0,"gold_loss":0.0,"damage_taken":0.0},{"cards_removed":["Strike_R"],"damage_healed":0.0,"max_hp_gain":0.0,"max_hp_loss":0.0,"gold_gain":0.0,"event_name":"Falling","player_choice":"Removed Attack","floor":41.0,"gold_loss":0.0,"damage_taken":0.0},{"damage_healed":0.0,"max_hp_gain":0.0,"max_hp_loss":0.0,"gold_gain":0.0,"event_name":"SensoryStone","player_choice":"Memory 3","floor":42.0,"gold_loss":0.0,"damage_taken":10.0}],"is_beta":false,"boss_relics":[{"not_picked":["Black Star","Mark of Pain"],"picked":"Coffee Dripper"},{"not_picked":["Calling Bell","Orrery"],"picked":"Black Blood"}],"items_purged_floors":[22],"is_endless":false,"potions_floor_spawned":[1,5,8,18,20,27,35,40,46],"killed_by":"Awakened One","ascension_level":0}