{"gold_per_floor":[114,39,39,56,72,98,117,148,148,148],"floor_reached":10,"playtime":4306,"items_purged":["Strike_R"],"score":129,"play_id":"cbb8c4a3-966f-47b7-a32b-dd159d6a7b62","local_time":"20190602200009","is_ascension_mode":true,"campfire_choices":[],"neow_cost":"NONE","seed_source_timestamp":18669643473710,"circlet_count":0,"master_deck":["AscendersBane","Strike_R","Strike_R","Strike_R","Strike_R","Defend_R","Defend_R","Defend_R","Defend_R","Bash+1","Pommel Strike","Armaments","Offering"],"relics":["Burning Blood","NeowsBlessing","Dodecahedron","Frozen Egg 2","Matryoshka"],"potions_floor_usage":[6],"damage_taken":[{"damage":0,"enemies":"Jaw Worm","floor":1,"turns":1},{"damage":0,"enemies":"Cultist","floor":4,"turns":1},{"damage":0,"enemies":"Small Slimes","floor":5,"turns":1},{"damage":45,"enemies":"3 Sentries","floor":6,"turns":13},{"damage":9,"enemies":"3 Louse","floor":7,"turns":6},{"damage":38,"enemies":"Gremlin Nob","floor":8,"turns":4},{"damage":30,"enemies":"3 Sentries","floor":10,"turns":4}],"seed_played":"-5470499721137033127","potions_obtained":[{"floor":1,"key":"Ancient Potion"},{"floor":4,"key":"Regen Potion"}],"is_trial":false,"path_per_floor":["M","$","?","M","M","E","M","E","T","E"],"character_chosen":"IRONCLAD","items_purchased":[],"campfire_rested":0,"item_purchase_floors":[],"current_hp_per_floor":[78,78,78,80,80,56,53,21,21,0],"gold":148,"neow_bonus":"THREE_ENEMY_KILL","is_prod":false,"is_daily":false,"chose_seed":false,"campfire_upgraded":0,"win_rate":0,"timestamp":1559485809,"path_taken":["M","$","?","?","M","E","M","E","T","E"],"build_version":"2019-01-23","purchased_purges":1,"victory":false,"max_hp_per_floor":[80,80,80,80,80,80,80,80,80,80],"card_choices":[{"not_picked":["Searing Blow","Dual Wield","Havoc"],"picked":"SKIP","floor":1},{"not_picked":["Flex","Warcry"],"picked":"Pommel Strike","floor":4},{"not_picked":["Heavy Blade","Infernal Blade"],"picked":"Armaments","floor":5},{"not_picked":["Perfected Strike","Combust"],"picked":"Offering","floor":6},{"not_picked":["Thunderclap","Armaments","Second Wind"],"picked":"SKIP","floor":7},{"not_picked":["Armaments","Cleave","Pommel Strike"],"picked":"SKIP","floor":8}],"player_experience":1106891,"relics_obtained":[{"floor":6,"key":"Dodecahedron"},{"floor":8,"key":"Frozen Egg 2"},{"floor":9,"key":"Matryoshka"}],"event_choices":[{"damage_healed":0,"gold_gain":0,"player_choice":"Forge","damage_taken":0,"max_hp_gain":0,"max_hp_loss":0,"event_name":"Accursed Blacksmith","floor":3,"gold_loss":0,"cards_upgraded":["Bash"]}],"is_beta":false,"boss_relics":[],"items_purged_floors":[2],"is_endless":false,"potions_floor_spawned":[1,4],"killed_by":"3 Sentries","ascension_level":13}