{"gold_per_floor":[109,125,141,161,172,172,197,208,208,358,88,88,53,115,115,115],"floor_reached":16,"playtime":418,"items_purged":["Doubt"],"score":179,"play_id":"fbb42a6b-552b-4d89-86b1-bc85655ad37d","local_time":"20190407005738","is_ascension_mode":true,"campfire_choices":[{"data":"Perfected Strike","floor":6,"key":"SMITH"},{"floor":12,"key":"REST"},{"data":"Perfected Strike","floor":15,"key":"SMITH"}],"neow_cost":"TEN_PERCENT_HP_LOSS","seed_source_timestamp":9097749687449,"circlet_count":0,"master_deck":["AscendersBane","Strike_R","Strike_R","Strike_R","Strike_R","Strike_R","Defend_R","Defend_R","Defend_R+1","Defend_R","Bash","Purity","Impatience+1","Perfected Strike+1","Perfected Strike+1","Wild Strike","Dual Wield","Thunderclap","True Grit","Seeing Red","Shrug It Off","Metallicize","Metallicize"],"relics":["Burning Blood","Juzu Bracelet","Shovel","War Paint"],"potions_floor_usage":[7,16],"damage_taken":[{"damage":23,"enemies":"Jaw Worm","floor":1,"turns":4},{"damage":0,"enemies":"Small Slimes","floor":2,"turns":3},{"damage":6,"enemies":"Cultist","floor":3,"turns":3},{"damage":11,"enemies":"Blue Slaver","floor":4,"turns":3},{"damage":33,"enemies":"Large Slime","floor":5,"turns":5},{"damage":20,"enemies":"3 Sentries","floor":7,"turns":7},{"damage":9,"enemies":"Red Slaver","floor":8,"turns":2},{"damage":26,"enemies":"Gremlin Nob","floor":14,"turns":4},{"damage":40,"enemies":"The Guardian","floor":16,"turns":11}],"seed_played":"7281541345323944455","potions_obtained":[{"floor":2,"key":"SpeedPotion"},{"floor":4,"key":"Block Potion"},{"floor":8,"key":"FearPotion"}],"is_trial":false,"path_per_floor":["M","M","M","M","M","R","E","M","T","?","$","R","?","?","R","B"],"character_chosen":"IRONCLAD","items_purchased":["Shrug It Off","Metallicize","Regen Potion"],"campfire_rested":1,"item_purchase_floors":[11,11,11],"current_hp_per_floor":[51,57,57,52,25,25,11,8,8,8,8,28,45,25,25,0],"gold":115,"neow_bonus":"RANDOM_COLORLESS_2","is_prod":false,"is_daily":false,"chose_seed":false,"campfire_upgraded":2,"win_rate":0,"timestamp":1554566258,"path_taken":["M","M","M","M","M","R","E","M","T","?","$","R","?","?","R","BOSS"],"build_version":"2019-01-23","purchased_purges":1,"victory":false,"max_hp_per_floor":[68,68,68,68,68,68,68,68,68,68,68,68,68,68,68,68],"card_choices":[{"not_picked":["Twin Strike","Heavy Blade"],"picked":"Perfected Strike","floor":1},{"not_picked":["Combust","Carnage"],"picked":"Perfected Strike","floor":2},{"not_picked":["Thunderclap","Infernal Blade"],"picked":"Wild Strike","floor":3},{"not_picked":["Corruption","Warcry"],"picked":"Dual Wield","floor":4},{"not_picked":["Anger","Sword Boomerang"],"picked":"Thunderclap","floor":5},{"not_picked":["Rupture","Fiend Fire"],"picked":"True Grit","floor":7},{"not_picked":["Uppercut","Warcry"],"picked":"Seeing Red","floor":8},{"not_picked":["Flex","Sentinel"],"picked":"Metallicize","floor":14}],"player_experience":433887,"relics_obtained":[{"floor":7,"key":"Juzu Bracelet"},{"floor":9,"key":"Shovel"},{"floor":14,"key":"War Paint"}],"event_choices":[{"damage_healed":0,"gold_gain":150,"player_choice":"AGREE","damage_taken":0,"max_hp_gain":0,"max_hp_loss":0,"event_name":"Liars Game","floor":10,"gold_loss":0,"cards_obtained":["Doubt"]},{"damage_healed":17,"gold_gain":0,"player_choice":"Healed","damage_taken":0,"max_hp_gain":0,"max_hp_loss":0,"event_name":"The Cleric","floor":13,"gold_loss":35},{"damage_healed":0,"gold_gain":30,"player_choice":"Searched \u00272\u0027 times","damage_taken":0,"max_hp_gain":0,"max_hp_loss":0,"event_name":"Dead Adventurer","floor":14,"gold_loss":0}],"is_beta":false,"boss_relics":[],"items_purged_floors":[11],"is_endless":false,"potions_floor_spawned":[2,4,8],"killed_by":"The Guardian","ascension_level":15}