{"gold_per_floor":[210,227,244,319,319,319,363,33,59,59],"floor_reached":10,"playtime":508,"items_purged":[],"score":66,"play_id":"41f2c022-bb03-45d2-87bb-3a3c1bdcbc18","local_time":"20190428094412","is_ascension_mode":false,"campfire_choices":[{"data":"Chaos","floor":6,"key":"SMITH"}],"neow_cost":"NONE","seed_source_timestamp":827257575866917,"circlet_count":0,"master_deck":["Strike_B","Strike_B","Strike_B","Strike_B","Defend_B","Defend_B","Defend_B","Defend_B","Zap","Dualcast","Chaos+1","Storm","Turbo","Injury","Force Field","Defragment","Stack"],"relics":["Cracked Core","Golden Idol","Vajra","MealTicket","Bag of Marbles"],"potions_floor_usage":[7],"damage_taken":[{"damage":1,"enemies":"Cultist","floor":1,"turns":3},{"damage":1,"enemies":"Jaw Worm","floor":2,"turns":4},{"damage":1,"enemies":"2 Louse","floor":3,"turns":2},{"damage":40,"enemies":"Lagavulin","floor":7,"turns":7},{"damage":21,"enemies":"Lots of Slimes","floor":10,"turns":3}],"seed_played":"8270934704612683787","potions_obtained":[{"floor":1,"key":"GamblersBrew"},{"floor":2,"key":"Strength Potion"}],"is_trial":false,"path_per_floor":["?","?"],"character_chosen":"DEFECT","items_purchased":["MealTicket","Defragment","Stack"],"campfire_rested":0,"item_purchase_floors":[8,8,8],"current_hp_per_floor":[74,73,72,61,61,61,21,21,21,0],"gold":59,"neow_bonus":"HUNDRED_GOLD","is_prod":false,"is_daily":false,"chose_seed":false,"campfire_upgraded":1,"win_rate":0,"timestamp":1556459052,"path_taken":["M","M","M","?","?","R","E","$","T","M"],"build_version":"2019-01-23","purchased_purges":0,"victory":false,"max_hp_per_floor":[75,75,75,75,75,75,75,75,75,75],"card_choices":[{"not_picked":["Conserve Battery","Coolheaded"],"picked":"Chaos","floor":1},{"not_picked":["Turbo","Cold Snap"],"picked":"Storm","floor":2},{"not_picked":["Redo","Stack"],"picked":"Turbo","floor":3},{"not_picked":["Steam","Darkness"],"picked":"Force Field","floor":7}],"player_experience":416635,"relics_obtained":[{"floor":7,"key":"Vajra"},{"floor":9,"key":"Bag of Marbles"}],"event_choices":[{"damage_healed":0,"gold_gain":75,"player_choice":"Gather Gold","damage_taken":11,"max_hp_gain":0,"max_hp_loss":0,"event_name":"World of Goop","floor":4,"gold_loss":0},{"damage_healed":0,"gold_gain":0,"player_choice":"Take Wound","damage_taken":0,"relics_obtained":["Golden Idol"],"max_hp_gain":0,"max_hp_loss":0,"event_name":"Golden Idol","floor":5,"gold_loss":0,"cards_obtained":["Injury"]}],"is_beta":false,"boss_relics":[],"items_purged_floors":[],"is_endless":false,"potions_floor_spawned":[1,2],"killed_by":"Lots of Slimes","ascension_level":0}