{"gold_per_floor":[116,116,129,148,148,148,148,148,148,17,34,90,90,16,16,115,115,131,131,151,169,189,189,205,33,58,93,43,62,92,111,111,214,214,228,277,63,74,0,0,20,70,70,70,86,86,104,131,131,131],"floor_reached":51,"playtime":4377,"items_purged":["Strike_R","Strike_R"],"score":741,"play_id":"c943f45e-bb28-4372-8d26-11f3b42b5608","local_time":"20190413095506","is_ascension_mode":false,"campfire_choices":[{"data":"Anger","floor":6.0,"key":"SMITH"},{"data":"Second Wind","floor":8.0,"key":"SMITH"},{"data":"Corruption","floor":15.0,"key":"SMITH"},{"data":"Injury","floor":23,"key":"PURGE"},{"floor":32,"key":"REST"},{"data":"Juggernaut","floor":40,"key":"SMITH"},{"floor":44,"key":"DIG"},{"floor":46,"key":"DIG"},{"floor":49,"key":"DIG"}],"neow_cost":"TEN_PERCENT_HP_LOSS","seed_source_timestamp":0,"circlet_count":0,"master_deck":["Strike_R","Defend_R","Defend_R","Defend_R","Defend_R","Bash","Anger+1","Body Slam","Second Wind+1","Cleave+1","Armaments","Havoc","Infernal Blade+1","Corruption+1","Dark Embrace","Parasite","Disarm+1","Shrug It Off+1","Fire Breathing","Juggernaut+1","Armaments","Juggernaut","Warcry","Fiend Fire","Corruption+1","Reaper","Demon Form"],"special_seed":0,"relics":["Burning Blood","Dead Branch","Smiling Mask","Letter Opener","Tiny Chest","Calling Bell","Lantern","Mummified Hand","Peace Pipe","Spirit Poop","Boot","Du-Vu Doll","Ginger","Sozu","Charon\u0027s Ashes","Strawberry","Red Mask","Dream Catcher","Shovel","Art of War","Vajra","Bag of Preparation","Centennial Puzzle"],"potions_floor_usage":[36,50],"damage_taken":[{"damage":1.0,"enemies":"Cultist","floor":1.0,"turns":4.0},{"damage":1.0,"enemies":"2 Louse","floor":3.0,"turns":3.0},{"damage":7.0,"enemies":"Small Slimes","floor":4.0,"turns":3.0},{"damage":0.0,"enemies":"2 Fungi Beasts","floor":11.0,"turns":2.0},{"damage":9.0,"enemies":"3 Sentries","floor":12.0,"turns":5.0},{"damage":16.0,"enemies":"The Guardian","floor":16.0,"turns":4.0},{"damage":4.0,"enemies":"2 Thieves","floor":18.0,"turns":2.0},{"damage":3,"enemies":"Spheric Guardian","floor":20,"turns":3},{"damage":0,"enemies":"3 Cultists","floor":21,"turns":3},{"damage":1,"enemies":"Cultist and Chosen","floor":22,"turns":4},{"damage":14,"enemies":"Snake Plant","floor":24,"turns":3},{"damage":0,"enemies":"Gremlin Leader","floor":27,"turns":3},{"damage":0,"enemies":"Snecko","floor":29,"turns":3},{"damage":22,"enemies":"Slavers","floor":30,"turns":3},{"damage":13,"enemies":"Shelled Parasite and Fungi","floor":31,"turns":3},{"damage":5,"enemies":"Automaton","floor":33,"turns":5},{"damage":0,"enemies":"3 Shapes","floor":35,"turns":2},{"damage":11,"enemies":"2 Orb Walkers","floor":36,"turns":2},{"damage":0,"enemies":"Orb Walker","floor":38,"turns":3},{"damage":12,"enemies":"Sphere and 2 Shapes","floor":41,"turns":1},{"damage":14,"enemies":"4 Shapes","floor":45,"turns":2},{"damage":0,"enemies":"Spire Growth","floor":47,"turns":1},{"damage":0,"enemies":"Reptomancer","floor":48,"turns":2},{"damage":35,"enemies":"Awakened One","floor":50,"turns":5}],"seed_played":"5195854280559570815","potions_obtained":[{"floor":4.0,"key":"PowerPotion"},{"floor":11.0,"key":"SmokeBomb"},{"floor":20,"key":"Fire Potion"},{"floor":24,"key":"PowerPotion"},{"floor":27,"key":"Swift Potion"},{"floor":33,"key":"BloodPotion"}],"is_trial":false,"path_per_floor":["?","?","?","?","?","M","?","?","T","M"],"character_chosen":"IRONCLAD","items_purchased":["Armaments","Havoc","Corruption","Juggernaut","Armaments","Strawberry","Reaper"],"campfire_rested":1,"item_purchase_floors":[10,10,14,25,25,37,37],"current_hp_per_floor":[72,65,70,69,69,69,66,66,66,66,72,69,55,55,55,45,72,72,72,72,72,72,72,64,64,64,70,70,72,56,49,70,71,72,72,67,74,79,79,79,73,73,73,73,74,74,79,79,79,50],"gold":131,"neow_bonus":"ONE_RARE_RELIC","is_prod":false,"is_daily":false,"chose_seed":false,"campfire_upgraded":4,"win_rate":0,"timestamp":1555163706,"path_taken":["M","?","M","M","?","R","?","R","T","$","M","E","?","$","R","BOSS","M","?","M","M","M","R","M","$","T","E","$","?","E","M","R","BOSS","M","?","$","M","?","R","M","?","T","R","M","R","?","E","R","BOSS"],"build_version":"2019-01-23","purchased_purges":2,"victory":true,"max_hp_per_floor":[72,72,72,72,72,72,72,72,72,72,72,72,72,72,72,72,72,72,72,72,72,72,72,72,72,72,72,72,72,72,72,72,72,72,72,72,79,79,79,79,79,79,79,79,79,79,79,79,79,79],"card_choices":[{"not_picked":["Battle Trance","Sword Boomerang"],"picked":"Anger","floor":1.0},{"not_picked":["Combust","Shockwave"],"picked":"Body Slam","floor":3.0},{"not_picked":["Iron Wave","Flex"],"picked":"Second Wind","floor":4.0},{"not_picked":["Seeing Red","Flex"],"picked":"Infernal Blade","floor":11.0},{"not_picked":["Pommel Strike","Clash","Entrench"],"picked":"SKIP","floor":12.0},{"not_picked":["Offering","Reaper"],"picked":"Dark Embrace","floor":16.0},{"not_picked":["Heavy Blade","Twin Strike"],"picked":"Disarm+1","floor":18.0},{"not_picked":["Burning Pact","Sword Boomerang"],"picked":"Shrug It Off+1","floor":20},{"not_picked":["Rupture","Anger","Clash"],"picked":"SKIP","floor":21},{"not_picked":["Rupture","Anger","Clash"],"picked":"SKIP","floor":21},{"not_picked":["Hemokinesis","Reckless Charge","Perfected Strike"],"picked":"SKIP","floor":22},{"not_picked":["Hemokinesis","Fire Breathing","Iron Wave"],"picked":"SKIP","floor":24},{"not_picked":["Hemokinesis","Iron Wave"],"picked":"Fire Breathing","floor":24},{"not_picked":["Disarm+1","Headbutt"],"picked":"Juggernaut","floor":27},{"not_picked":["Pommel Strike","Dropkick"],"picked":"Warcry","floor":29},{"not_picked":["Disarm","Sword Boomerang+1","Iron Wave+1"],"picked":"SKIP","floor":30},{"not_picked":["Ghostly Armor","Anger+1","Cleave"],"picked":"SKIP","floor":31},{"not_picked":["Berserk","Barricade"],"picked":"Fiend Fire","floor":33},{"not_picked":["Infernal Blade","Cleave"],"picked":"Corruption+1","floor":35},{"not_picked":["Cleave+1","Uppercut+1","Seeing Red+1"],"picked":"SKIP","floor":38},{"not_picked":["Havoc+1","Warcry"],"picked":"Demon Form","floor":41},{"not_picked":["Perfected Strike+1","Battle Trance+1","Sword Boomerang"],"picked":"SKIP","floor":45},{"not_picked":["Hemokinesis+1","Power Through","Rage"],"picked":"SKIP","floor":47},{"not_picked":["Offering","Heavy Blade+1","Bloodletting+1"],"picked":"SKIP","floor":48}],"player_experience":376847,"relics_obtained":[{"floor":9.0,"key":"Letter Opener"},{"floor":12.0,"key":"Tiny Chest"},{"floor":17.0,"key":"Lantern"},{"floor":17.0,"key":"Mummified Hand"},{"floor":17.0,"key":"Peace Pipe"},{"floor":26,"key":"Boot"},{"floor":27,"key":"Du-Vu Doll"},{"floor":30,"key":"Ginger"},{"floor":36,"key":"Charon\u0027s Ashes"},{"floor":42,"key":"Dream Catcher"},{"floor":43,"key":"Shovel"},{"floor":44,"key":"Art of War"},{"floor":46,"key":"Vajra"},{"floor":48,"key":"Bag of Preparation"},{"floor":49,"key":"Centennial Puzzle"}],"event_choices":[{"cards_removed":["Strike_R"],"damage_healed":0.0,"max_hp_gain":0.0,"max_hp_loss":0.0,"gold_gain":0.0,"event_name":"Golden Wing","player_choice":"Card Removal","floor":2.0,"gold_loss":0.0,"damage_taken":7.0},{"damage_healed":0.0,"max_hp_gain":0.0,"max_hp_loss":0.0,"gold_gain":0.0,"cards_transformed":["Strike_R"],"event_name":"Living Wall","player_choice":"Change","floor":5.0,"gold_loss":0.0,"damage_taken":0.0,"cards_obtained":["Cleave"]},{"damage_healed":0.0,"max_hp_gain":0.0,"max_hp_loss":0.0,"gold_gain":0.0,"event_name":"Scrap Ooze","player_choice":"Success","floor":7.0,"gold_loss":0.0,"damage_taken":3.0,"relics_obtained":["Smiling Mask"]},{"damage_healed":0.0,"max_hp_gain":0.0,"max_hp_loss":0.0,"gold_gain":0.0,"event_name":"Shining Light","player_choice":"Entered Light","floor":13.0,"gold_loss":0.0,"damage_taken":14.0,"cards_upgraded":["Infernal Blade","Cleave"]},{"cards_removed":["Pain"],"damage_healed":0.0,"max_hp_gain":0.0,"max_hp_loss":0.0,"gold_gain":0.0,"event_name":"Bonfire Elementals","player_choice":"Offered Curse","floor":19.0,"gold_loss":0.0,"damage_taken":0.0,"relics_obtained":["Spirit Poop"]},{"damage_healed":0,"gold_gain":0,"player_choice":"Fight","damage_taken":0,"max_hp_gain":0,"max_hp_loss":0,"event_name":"Mysterious Sphere","floor":36,"gold_loss":0},{"damage_healed":0,"gold_gain":0,"player_choice":"Paid","damage_taken":0,"relics_obtained":["Red Mask"],"max_hp_gain":0,"max_hp_loss":0,"event_name":"Tomb of Lord Red Mask","floor":39,"gold_loss":74}],"is_beta":false,"boss_relics":[{"not_picked":["Runic Dome","Busted Crown"],"picked":"Calling Bell"},{"not_picked":["Eternal Feather","Mark of Pain"],"picked":"Sozu"}],"items_purged_floors":[10,28],"is_endless":false,"potions_floor_spawned":[4,11,20,24,27,29,33,35,45,47,48],"ascension_level":0}