{"gold_per_floor":[118,80,95,95,106,106,106,117,141,155,155],"floor_reached":11,"playtime":893,"items_purged":[],"score":107,"play_id":"3803a357-5a9f-4e3d-b0e6-f8d66dc1bd5e","local_time":"20190602182310","is_ascension_mode":true,"campfire_choices":[{"data":"Zap","floor":6,"key":"SMITH"}],"neow_cost":"NONE","seed_source_timestamp":16526410538463,"circlet_count":0,"master_deck":["AscendersBane","Strike_B","Strike_B","Strike_B","Defend_B","Defend_B","Defend_B","Defend_B","Zap+1","Dualcast","Go for the Eyes","Defragment","Coolheaded","Sweeping Beam","Cold Snap","Doom and Gloom"],"special_seed":0,"relics":["Nuclear Battery","Happy Flower","Orichalcum"],"potions_floor_usage":[],"damage_taken":[{"damage":8.0,"enemies":"Jaw Worm","floor":1.0,"turns":4.0},{"damage":2.0,"enemies":"2 Louse","floor":3.0,"turns":4.0},{"damage":0,"enemies":"Cultist","floor":5,"turns":4},{"damage":26,"enemies":"Large Slime","floor":8,"turns":6},{"damage":24,"enemies":"Gremlin Gang","floor":10,"turns":4},{"damage":1,"enemies":"Exordium Thugs","floor":11,"turns":3}],"seed_played":"7724808408626536234","potions_obtained":[{"floor":5,"key":"FocusPotion"},{"floor":8,"key":"Energy Potion"}],"is_trial":false,"path_per_floor":["M","$","M","?","M","R","?","M","T","M","M"],"character_chosen":"DEFECT","items_purchased":["Defragment"],"campfire_rested":0,"item_purchase_floors":[2],"current_hp_per_floor":[60,60,58,58,58,58,51,25,25,1,0],"gold":155,"neow_bonus":"BOSS_RELIC","is_prod":false,"is_daily":false,"chose_seed":false,"campfire_upgraded":1,"win_rate":0,"timestamp":1559479990,"path_taken":["M","$","M","?","M","R","?","?","T","M","M"],"build_version":"2019-01-23","purchased_purges":0,"victory":false,"max_hp_per_floor":[75,75,75,75,75,75,75,75,75,75,75],"card_choices":[{"not_picked":["Stack","Chill"],"picked":"Go for the Eyes","floor":1.0},{"not_picked":["Steam","Force Field"],"picked":"Coolheaded","floor":3},{"not_picked":["Turbo","Tempest","Rebound"],"picked":"SKIP","floor":5},{"not_picked":["Conserve Battery","Rebound"],"picked":"Cold Snap","floor":8},{"not_picked":["Gash","Rip and Tear"],"picked":"Doom and Gloom","floor":10}],"player_experience":1105726,"relics_obtained":[{"floor":9,"key":"Orichalcum"}],"event_choices":[{"damage_healed":0,"gold_gain":0,"cards_transformed":["Strike_B"],"player_choice":"Change","damage_taken":0,"max_hp_gain":0,"max_hp_loss":0,"event_name":"Living Wall","floor":4,"gold_loss":0,"cards_obtained":["Sweeping Beam"]},{"damage_healed":0,"gold_gain":0,"player_choice":"Success","damage_taken":7,"relics_obtained":["Happy Flower"],"max_hp_gain":0,"max_hp_loss":0,"event_name":"Scrap Ooze","floor":7,"gold_loss":0}],"is_beta":false,"boss_relics":[],"items_purged_floors":[],"is_endless":false,"potions_floor_spawned":[5,8],"killed_by":"Exordium Thugs","ascension_level":13}