{"gold_per_floor":[111,125,125,125,125,125,137,13,13,13,113,127,143,176,176,278,278,297,44,57,57,70,70,169,169,194,210,310,310,239,239,239,337,337,352,404,2,2,17,50,50,79,79,79,91,111,124,141,141,141,141,141,65,98,98],"floor_reached":56,"playtime":3718,"items_purged":["Defend_B","Strike_B+1"],"score":1380,"play_id":"79b98b62-9c2e-4038-9716-cad1d32baa64","local_time":"20190527010225","is_ascension_mode":false,"campfire_choices":[{"data":"Streamline","floor":6,"key":"SMITH"},{"data":"Dualcast","floor":10,"key":"SMITH"},{"data":"Zap","floor":15,"key":"SMITH"},{"data":"Scrape","floor":23,"key":"SMITH"},{"data":"Trip","floor":25,"key":"SMITH"},{"data":"Sweeping Beam","floor":29,"key":"SMITH"},{"data":"Reprogram","floor":32,"key":"SMITH"},{"floor":41,"key":"RECALL"},{"floor":49,"key":"REST"},{"floor":52,"key":"REST"}],"neow_cost":"PERCENT_DAMAGE","seed_source_timestamp":883880288452500,"circlet_count":0,"master_deck":["Defend_B","Defend_B+1","Defend_B+1","Zap+1","Dualcast+1","Seek","Go for the Eyes","Streamline+1","Gash","Leap+1","Sweeping Beam+1","Go for the Eyes","All For One","Self Repair","Gash","Trip+1","Scrape+1","Auto Shields","Streamline+1","Gash","Go for the Eyes","Reprogram+1","All For One","Gash","Glacier+1","Leap+1","FTL","Panache","BootSequence+1","FTL","Scrape+1","Go for the Eyes","Defragment","Gash+1"],"relics":["Cracked Core","Thread and Needle","Ornamental Fan","Inserter","Prayer Wheel","Matryoshka","Vajra","Fusion Hammer","Unceasing Top","Blood Vial","Dodecahedron","Bottled Flame","War Paint","Bottled Lightning","Orichalcum"],"potions_floor_usage":[14,18,28,33,50,55,55,55],"damage_taken":[{"damage":1,"enemies":"Cultist","floor":1,"turns":3},{"damage":2,"enemies":"Jaw Worm","floor":2,"turns":3},{"damage":0,"enemies":"Small Slimes","floor":7,"turns":2},{"damage":0,"enemies":"Exordium Wildlife","floor":12,"turns":2},{"damage":0,"enemies":"Large Slime","floor":13,"turns":3},{"damage":7,"enemies":"3 Sentries","floor":14,"turns":5},{"damage":0,"enemies":"Hexaghost","floor":16,"turns":6},{"damage":2,"enemies":"2 Thieves","floor":18,"turns":3},{"damage":0,"enemies":"Shell Parasite","floor":20,"turns":3},{"damage":10,"enemies":"3 Cultists","floor":22,"turns":4},{"damage":1,"enemies":"Centurion and Healer","floor":27,"turns":4},{"damage":4,"enemies":"Colosseum Slavers","floor":28,"turns":4},{"damage":0,"enemies":"Colosseum Nobs","floor":28,"turns":5},{"damage":0,"enemies":"Champ","floor":33,"turns":7},{"damage":0,"enemies":"3 Shapes","floor":35,"turns":2},{"damage":2,"enemies":"2 Orb Walkers","floor":36,"turns":3},{"damage":0,"enemies":"Orb Walker","floor":39,"turns":3},{"damage":0,"enemies":"Giant Head","floor":40,"turns":6},{"damage":0,"enemies":"Nemesis","floor":42,"turns":3},{"damage":0,"enemies":"Maw","floor":45,"turns":3},{"damage":0,"enemies":"Spire Growth","floor":46,"turns":2},{"damage":11,"enemies":"Sphere and 2 Shapes","floor":47,"turns":2},{"damage":0,"enemies":"Writhing Mass","floor":48,"turns":4},{"damage":4,"enemies":"Awakened One","floor":50,"turns":5},{"damage":0,"enemies":"Shield and Spear","floor":54,"turns":2},{"damage":74,"enemies":"The Heart","floor":55,"turns":6}],"seed_played":"-7030249562528792539","potions_obtained":[{"floor":1,"key":"SpeedPotion"},{"floor":13,"key":"SkillPotion"},{"floor":14,"key":"Fire Potion"},{"floor":16,"key":"EssenceOfSteel"},{"floor":20,"key":"EssenceOfSteel"},{"floor":27,"key":"SteroidPotion"},{"floor":28,"key":"AttackPotion"},{"floor":35,"key":"Energy Potion"},{"floor":46,"key":"Strength Potion"}],"is_trial":false,"path_per_floor":["M","M","?","?","?","R","M","$","T","R","?","M","M","E","R","B",null,"M","$","M","?","M","R","?","R","T","M","?","R","$","?","R","B",null,"M","?","$","?","M","E","R","E","T","$","M","M","M","M","R","B",null,"R","$","E","B",null],"character_chosen":"DEFECT","items_purchased":["Sweeping Beam","Trip","Scrape","Reprogram","FTL","Blood Vial","Panache","LiquidBronze"],"campfire_rested":2,"item_purchase_floors":[8,19,19,30,37,37,37,53],"current_hp_per_floor":[53,51,56,49,33,33,33,33,33,33,33,33,33,26,26,33,80,78,78,78,78,68,68,68,68,68,74,77,77,77,77,77,77,80,80,80,80,76,76,76,76,76,76,76,76,76,72,74,76,76,76,76,76,76,9],"gold":98,"neow_bonus":"TRANSFORM_TWO_CARDS","is_prod":false,"is_daily":false,"chose_seed":false,"campfire_upgraded":7,"win_rate":0,"timestamp":1558936945,"path_taken":["M","M","?","?","?","R","M","?","T","R","?","M","?","E","R","BOSS","M","$","M","?","M","R","?","R","T","M","?","R","$","?","R","BOSS","M","?","$","?","M","E","R","E","T","$","M","M","M","M","R","BOSS","R","$","E","BOSS"],"build_version":"2019-01-23","purchased_purges":2,"victory":true,"max_hp_per_floor":[75,75,80,80,80,80,80,80,80,80,80,80,80,80,80,80,80,80,80,80,80,80,80,80,80,80,80,80,80,80,80,80,80,80,80,80,80,76,76,76,76,76,76,76,76,76,76,76,76,76,76,76,76,76,76],"card_choices":[{"not_picked":["Rip and Tear","Sweeping Beam"],"picked":"Streamline","floor":1},{"not_picked":["Turbo","Rebound"],"picked":"Gash","floor":2},{"not_picked":["Redo","Heatsinks"],"picked":"Leap","floor":7},{"not_picked":["Thunder Strike","Barrage"],"picked":"Go for the Eyes","floor":12},{"not_picked":["Compile Driver","Turbo"],"picked":"All For One","floor":13},{"not_picked":["Biased Cognition","Cold Snap"],"picked":"Self Repair","floor":14},{"not_picked":["Beam Cell","Static Discharge"],"picked":"Gash","floor":18},{"not_picked":["Reinforced Body","Stack"],"picked":"Auto Shields","floor":20},{"not_picked":["Steam","Go for the Eyes"],"picked":"Streamline+1","floor":22},{"not_picked":["Glacier","Redo"],"picked":"Gash","floor":27},{"not_picked":["Consume","Melter"],"picked":"Go for the Eyes","floor":28},{"not_picked":["Biased Cognition","Electrodynamics"],"picked":"All For One","floor":33},{"not_picked":["Cold Snap+1","Turbo+1"],"picked":"Gash","floor":35},{"not_picked":["Sweeping Beam+1","Sunder+1"],"picked":"Glacier+1","floor":35},{"not_picked":["Reinforced Body+1","Hello World"],"picked":"Leap+1","floor":36},{"not_picked":["Coolheaded","Stack"],"picked":"BootSequence+1","floor":39},{"not_picked":["Streamline+1","Creative AI","Fusion"],"picked":"SKIP","floor":39},{"not_picked":["Static Discharge+1","Turbo"],"picked":"FTL","floor":40},{"not_picked":["White Noise+1","Chill+1"],"picked":"Scrape+1","floor":42},{"not_picked":["Compile Driver","Hello World"],"picked":"Go for the Eyes","floor":45},{"not_picked":["Leap+1","Conserve Battery","Sunder+1"],"picked":"SKIP","floor":45},{"not_picked":["Turbo+1","Coolheaded+1","Sweeping Beam"],"picked":"SKIP","floor":46},{"not_picked":["Redo+1","Turbo","Self Repair+1"],"picked":"SKIP","floor":46},{"not_picked":["Turbo+1","Fission"],"picked":"Defragment","floor":47},{"not_picked":["Hologram","Rebound","Redo"],"picked":"SKIP","floor":47},{"not_picked":["Leap+1","Chill"],"picked":"Gash+1","floor":48},{"not_picked":["Coolheaded+1","Compile Driver","Cold Snap"],"picked":"SKIP","floor":48},{"not_picked":["Scrape+1","Coolheaded","Streamline"],"picked":"SKIP","floor":54}],"player_experience":269801,"relics_obtained":[{"floor":9,"key":"Thread and Needle"},{"floor":14,"key":"Ornamental Fan"},{"floor":28,"key":"Prayer Wheel"},{"floor":28,"key":"Matryoshka"},{"floor":36,"key":"Unceasing Top"},{"floor":40,"key":"Dodecahedron"},{"floor":42,"key":"Bottled Flame"},{"floor":43,"key":"War Paint"},{"floor":43,"key":"Bottled Lightning"},{"floor":54,"key":"Orichalcum"}],"event_choices":[{"damage_healed":0,"gold_gain":0,"player_choice":"Donut","damage_taken":0,"max_hp_gain":5,"max_hp_loss":0,"event_name":"Big Fish","floor":3,"gold_loss":0},{"cards_removed":["Strike_B"],"damage_healed":0,"gold_gain":0,"player_choice":"Card Removal","damage_taken":7,"max_hp_gain":0,"max_hp_loss":0,"event_name":"Golden Wing","floor":4,"gold_loss":0},{"damage_healed":0,"gold_gain":0,"player_choice":"Entered Light","damage_taken":16,"max_hp_gain":0,"max_hp_loss":0,"event_name":"Shining Light","floor":5,"gold_loss":0,"cards_upgraded":["Strike_B","Defend_B"]},{"damage_healed":0,"gold_gain":100,"player_choice":"Pray","damage_taken":0,"max_hp_gain":0,"max_hp_loss":0,"event_name":"Golden Shrine","floor":11,"gold_loss":0},{"damage_healed":0,"gold_gain":0,"player_choice":"Ignored","damage_taken":0,"max_hp_gain":0,"max_hp_loss":0,"event_name":"Vampires","floor":21,"gold_loss":0},{"damage_healed":0,"gold_gain":99,"player_choice":"Stole From Cult","damage_taken":0,"max_hp_gain":0,"max_hp_loss":0,"event_name":"Nest","floor":24,"gold_loss":0},{"damage_healed":0,"gold_gain":0,"player_choice":"Fight","damage_taken":0,"max_hp_gain":0,"max_hp_loss":0,"event_name":"Colosseum","floor":28,"gold_loss":0},{"damage_healed":0,"gold_gain":0,"player_choice":"Fought Nobs","damage_taken":0,"max_hp_gain":0,"max_hp_loss":0,"event_name":"Colosseum","floor":28,"gold_loss":0},{"damage_healed":0,"gold_gain":0,"player_choice":"Opened","damage_taken":0,"relics_obtained":["Vajra"],"max_hp_gain":0,"max_hp_loss":0,"event_name":"The Mausoleum","floor":31,"gold_loss":0},{"damage_healed":0,"gold_gain":0,"player_choice":"Fight","damage_taken":0,"max_hp_gain":0,"max_hp_loss":0,"event_name":"Mysterious Sphere","floor":36,"gold_loss":0},{"damage_healed":0,"gold_gain":0,"player_choice":"Max HP","damage_taken":0,"max_hp_gain":0,"max_hp_loss":4,"event_name":"Winding Halls","floor":38,"gold_loss":0}],"is_beta":false,"boss_relics":[{"not_picked":["Orrery","White Beast Statue"],"picked":"Inserter"},{"not_picked":["Velvet Choker","Nuclear Battery"],"picked":"Fusion Hammer"}],"items_purged_floors":[8,19],"is_endless":false,"potions_floor_spawned":[1,13,14,16,20,27,28,28,35,39,45,46,47],"ascension_level":0}