{"gold_per_floor":[111,122,132,82,152,181,181,215,238,238,253,253,268,281,281,384,384,401,371,8,8,283,314,314,88,114,133,109,109,109,34,34,134,134,145,145,32,51,63,63,10,10],"floor_reached":42,"playtime":2893,"items_purged":["Strike_B","Regret"],"score":506,"play_id":"ea2b8198-fe94-448a-b167-f13aaba671b8","local_time":"20190331090235","is_ascension_mode":true,"campfire_choices":[{"floor":7,"key":"REST"},{"floor":10,"key":"REST"},{"data":"Static Discharge","floor":12,"key":"SMITH"},{"floor":15,"key":"REST"},{"floor":24,"key":"REST"},{"floor":32,"key":"REST"}],"neow_cost":"NONE","seed_source_timestamp":819181994773014,"circlet_count":0,"master_deck":["Defend_B","Defend_B","Defend_B","Defend_B","Zap+1","Dualcast","Static Discharge+1","Conserve Battery","Static Discharge","White Noise","Self Repair","Streamline","Defragment+1","Leap","Thunder Strike","Coolheaded","Defragment","Conserve Battery","Metamorphosis+1","Static Discharge","Stack","Turbo","Streamline","Thunder Strike","Capacitor","Double Energy","Loop","Fusion+1","Leap"],"relics":["Cracked Core","Darkstone Periapt","Blood Vial","Potion Belt","Juzu Bracelet","Nuclear Battery","Pantograph","Bag of Marbles","Whetstone","Cursed Key"],"potions_floor_usage":[6,16,23,23,23,23,23,23,33,33,33,38,42,42],"damage_taken":[{"damage":1,"enemies":"Cultist","floor":1,"turns":3},{"damage":9,"enemies":"Jaw Worm","floor":2,"turns":3},{"damage":0,"enemies":"2 Louse","floor":3,"turns":2},{"damage":18,"enemies":"3 Sentries","floor":6,"turns":4},{"damage":42,"enemies":"Lagavulin","floor":8,"turns":6},{"damage":5,"enemies":"Red Slaver","floor":11,"turns":4},{"damage":10,"enemies":"Exordium Thugs","floor":13,"turns":4},{"damage":9,"enemies":"3 Louse","floor":14,"turns":2},{"damage":19,"enemies":"The Guardian","floor":16,"turns":7},{"damage":21,"enemies":"Chosen","floor":18,"turns":4},{"damage":24,"enemies":"Slavers","floor":23,"turns":4},{"damage":19,"enemies":"Spheric Guardian","floor":27,"turns":3},{"damage":73,"enemies":"Collector","floor":33,"turns":7},{"damage":14,"enemies":"3 Shapes","floor":35,"turns":5},{"damage":14,"enemies":"Orb Walker","floor":38,"turns":4},{"damage":38,"enemies":"3 Darklings","floor":39,"turns":4},{"damage":101,"enemies":"Transient","floor":42,"turns":5}],"seed_played":"-587316009780521182","potions_obtained":[{"floor":2,"key":"Explosive Potion"},{"floor":3,"key":"FearPotion"},{"floor":8,"key":"FearPotion"},{"floor":13,"key":"SkillPotion"},{"floor":14,"key":"PowerPotion"},{"floor":19,"key":"AttackPotion"},{"floor":19,"key":"EntropicBrew"},{"floor":23,"key":"Explosive Potion"},{"floor":27,"key":"GamblersBrew"},{"floor":33,"key":"GamblersBrew"},{"floor":39,"key":"Weak Potion"}],"is_trial":false,"path_per_floor":["?","T","?","T","?","$","?","?","?","?","?","$"],"character_chosen":"DEFECT","items_purchased":["Defragment","Conserve Battery","Metamorphosis","Static Discharge","Stack","Streamline","Capacitor","Double Energy","Leap"],"campfire_rested":5,"item_purchase_floors":[20,20,20,25,25,28,37,37,41],"current_hp_per_floor":[74,65,65,65,65,47,69,29,29,51,55,55,54,47,69,59,75,61,61,61,61,67,52,76,76,76,59,59,59,59,59,81,15,81,74,74,74,69,40,40,40,0],"gold":10,"neow_bonus":"UPGRADE_CARD","is_prod":false,"is_daily":false,"chose_seed":false,"campfire_upgraded":1,"win_rate":0,"timestamp":1554037355,"path_taken":["M","M","M","?","?","E","R","E","T","R","M","R","M","M","R","BOSS","M","?","$","?","?","E","R","$","T","M","?","?","?","?","R","BOSS","M","?","$","M","M","?","?","M"],"build_version":"2019-01-23","purchased_purges":2,"victory":false,"max_hp_per_floor":[75,75,75,75,75,75,75,75,75,75,75,75,75,75,75,75,75,75,75,75,75,81,81,81,81,81,81,81,81,81,81,81,81,81,81,81,81,81,81,81,81,81],"card_choices":[{"not_picked":["Go for the Eyes","Glacier"],"picked":"Static Discharge","floor":1},{"not_picked":["Streamline","Hologram"],"picked":"Conserve Battery","floor":2},{"not_picked":["Steam Power","Steam"],"picked":"Static Discharge","floor":3},{"not_picked":["Aggregate","Go for the Eyes"],"picked":"White Noise","floor":6},{"not_picked":["Rainbow","Go for the Eyes"],"picked":"Self Repair","floor":8},{"not_picked":["Sunder","Sweeping Beam"],"picked":"Streamline","floor":11},{"not_picked":["Doom and Gloom","Cold Snap"],"picked":"Defragment","floor":13},{"not_picked":["Sweeping Beam","Compile Driver"],"picked":"Leap","floor":14},{"not_picked":["Core Surge","Hyperbeam"],"picked":"Thunder Strike","floor":16},{"not_picked":["Hologram","Leap+1"],"picked":"Coolheaded","floor":18},{"not_picked":["Steam","Leap","Barrage+1"],"picked":"SKIP","floor":23},{"not_picked":["Glacier","Beam Cell+1"],"picked":"Turbo","floor":27},{"not_picked":["Machine Learning","All For One"],"picked":"Thunder Strike","floor":33},{"not_picked":["Sweeping Beam","Leap","Compile Driver+1"],"picked":"SKIP","floor":35},{"not_picked":["Stack","Rebound+1"],"picked":"Loop","floor":38},{"not_picked":["Loop","Redo"],"picked":"Fusion+1","floor":39}],"player_experience":344170,"relics_obtained":[{"floor":5,"key":"Darkstone Periapt"},{"floor":6,"key":"Blood Vial"},{"floor":8,"key":"Potion Belt"},{"floor":9,"key":"Juzu Bracelet"},{"floor":21,"key":"Pantograph"},{"floor":23,"key":"Bag of Marbles"},{"floor":26,"key":"Whetstone"}],"event_choices":[{"cards_removed":["Strike_B"],"damage_healed":0,"gold_gain":0,"player_choice":"Card Removal","damage_taken":0,"max_hp_gain":0,"max_hp_loss":0,"event_name":"The Cleric","floor":4,"gold_loss":50},{"damage_healed":0,"gold_gain":0,"player_choice":"Bought 2 Potions","damage_taken":0,"max_hp_gain":0,"max_hp_loss":0,"event_name":"The Woman in Blue","floor":19,"gold_loss":0},{"damage_healed":0,"gold_gain":275,"player_choice":"Desecrate","damage_taken":0,"max_hp_gain":0,"max_hp_loss":0,"event_name":"Golden Shrine","floor":22,"gold_loss":0,"cards_obtained":["Regret"]},{"damage_healed":0,"gold_gain":0,"player_choice":"Ignored","damage_taken":0,"max_hp_gain":0,"max_hp_loss":0,"event_name":"Ghosts","floor":29,"gold_loss":0},{"cards_removed":["Strike_B"],"damage_healed":0,"gold_gain":0,"player_choice":"Offered Basic","damage_taken":0,"max_hp_gain":0,"max_hp_loss":0,"event_name":"Bonfire Elementals","floor":30,"gold_loss":0},{"cards_removed":["Strike_B"],"damage_healed":0,"gold_gain":0,"player_choice":"Gave Gold","damage_taken":0,"max_hp_gain":0,"max_hp_loss":0,"event_name":"Beggar","floor":31,"gold_loss":75},{"damage_healed":0,"gold_gain":0,"player_choice":"Forge","damage_taken":0,"max_hp_gain":0,"max_hp_loss":0,"event_name":"Accursed Blacksmith","floor":36,"gold_loss":0,"cards_upgraded":["Defragment"]},{"damage_healed":0,"gold_gain":0,"player_choice":"Upgraded","damage_taken":0,"max_hp_gain":0,"max_hp_loss":0,"event_name":"Upgrade Shrine","floor":40,"gold_loss":0,"cards_upgraded":["Metamorphosis"]}],"is_beta":false,"boss_relics":[{"not_picked":["Runic Dome","Pandora\u0027s Box"],"picked":"Nuclear Battery"},{"not_picked":["Snecko Eye","Lizard Tail"],"picked":"Cursed Key"}],"items_purged_floors":[20,25],"is_endless":false,"potions_floor_spawned":[2,3,8,13,14,23,27,33,39],"killed_by":"Transient","ascension_level":4}