{"gold_per_floor":[368,8,8,8,28,28,28,28,28,28,67,83,83,83,83,83],"floor_reached":16,"playtime":368,"items_purged":[],"score":96,"play_id":"b447abb5-d130-45f6-91d0-e3e00f19d440","local_time":"20190601204324","is_ascension_mode":false,"campfire_choices":[{"data":"Strike_R","floor":6,"key":"SMITH"},{"data":"Flex","floor":13,"key":"SMITH"},{"data":"Shrug It Off","floor":15,"key":"SMITH"}],"neow_cost":"PERCENT_DAMAGE","seed_source_timestamp":120000368339931,"circlet_count":0,"master_deck":["Strike_R","Strike_R","Strike_R","Strike_R+1","Strike_R","Defend_R","Defend_R","Defend_R","Defend_R","Bash+1","Flex+1","Shrug It Off+1"],"relics":["Burning Blood","ClockworkSouvenir","Vajra","Golden Idol","Singing Bowl","Bottled Flame","Bag of Marbles","Blue Candle"],"potions_floor_usage":[],"damage_taken":[{"damage":0,"enemies":"2 Louse","floor":1,"turns":3},{"damage":2,"enemies":"Small Slimes","floor":5,"turns":4},{"damage":51,"enemies":"3 Sentries","floor":11,"turns":11},{"damage":0,"enemies":"Cultist","floor":12,"turns":2},{"damage":26,"enemies":"Hexaghost","floor":16,"turns":9}],"seed_played":"763041646470275755","potions_obtained":[{"floor":11,"key":"Explosive Potion"},{"floor":12,"key":"Dexterity Potion"}],"is_trial":false,"path_per_floor":["M","$","?","?","M","R","?","$","T","?","E","M","R","?","R","B"],"character_chosen":"IRONCLAD","items_purchased":["ClockworkSouvenir","Vajra"],"campfire_rested":0,"item_purchase_floors":[2,2],"current_hp_per_floor":[62,62,62,62,66,66,66,66,66,66,21,27,27,24,24,0],"gold":83,"neow_bonus":"TWO_FIFTY_GOLD","is_prod":false,"is_daily":false,"chose_seed":false,"campfire_upgraded":3,"win_rate":0,"timestamp":1559414604,"path_taken":["M","$","?","?","?","R","?","$","T","?","E","M","R","?","R","BOSS"],"build_version":"2019-01-23","purchased_purges":0,"victory":false,"max_hp_per_floor":[80,80,74,74,74,74,74,74,74,74,74,74,74,74,74,74],"card_choices":[{"not_picked":["Cleave","True Grit","Hemokinesis"],"picked":"SKIP","floor":1},{"not_picked":["Shockwave","Rupture","Body Slam"],"picked":"SKIP","floor":5},{"not_picked":["Iron Wave","Havoc"],"picked":"Flex","floor":11},{"not_picked":["Pommel Strike","Perfected Strike"],"picked":"Shrug It Off","floor":12}],"player_experience":107003,"relics_obtained":[{"floor":9,"key":"Bottled Flame"},{"floor":11,"key":"Bag of Marbles"}],"event_choices":[{"damage_healed":0,"gold_gain":0,"player_choice":"Lose Max HP","damage_taken":0,"relics_obtained":["Golden Idol"],"max_hp_gain":0,"max_hp_loss":6,"event_name":"Golden Idol","floor":3,"gold_loss":0},{"damage_healed":0,"gold_gain":0,"player_choice":"Forge","damage_taken":0,"max_hp_gain":0,"max_hp_loss":0,"event_name":"Accursed Blacksmith","floor":4,"gold_loss":0,"cards_upgraded":["Bash"]},{"damage_healed":0,"gold_gain":0,"player_choice":"Searched \u00271\u0027 times","damage_taken":0,"relics_obtained":["Singing Bowl"],"max_hp_gain":0,"max_hp_loss":0,"event_name":"Dead Adventurer","floor":7,"gold_loss":0},{"damage_healed":0,"gold_gain":0,"player_choice":"Ignored","damage_taken":0,"max_hp_gain":0,"max_hp_loss":0,"event_name":"Liars Game","floor":10,"gold_loss":0},{"damage_healed":0,"gold_gain":0,"player_choice":"Success","damage_taken":3,"relics_obtained":["Blue Candle"],"max_hp_gain":0,"max_hp_loss":0,"event_name":"Scrap Ooze","floor":14,"gold_loss":0}],"is_beta":false,"boss_relics":[],"items_purged_floors":[],"is_endless":false,"potions_floor_spawned":[11,12],"killed_by":"Hexaghost","ascension_level":0}