{"gold_per_floor":[99,99,99,99,99,99,99,99,99,99,99,24,24,24,24,24,24,0,0,0,0,0,0,0,0,0,0,0,0,0,0,0,0],"floor_reached":33,"playtime":2912,"items_purged":["Strike_R"],"score":566,"play_id":"2a9560bb-c2c8-46b4-b623-9d4efd6de2b4","local_time":"20190528233209","is_ascension_mode":true,"campfire_choices":[{"data":"Whirlwind","floor":6.0,"key":"SMITH"},{"data":"Bludgeon","floor":8.0,"key":"SMITH"},{"data":"True Grit","floor":15.0,"key":"SMITH"},{"data":"Feed","floor":24.0,"key":"SMITH"},{"data":"Shockwave","floor":32,"key":"SMITH"}],"neow_cost":"NONE","seed_source_timestamp":846171729367390,"circlet_count":0,"master_deck":["AscendersBane","Strike_R","Strike_R","Strike_R","Defend_R","Defend_R","Defend_R","Defend_R","Bash","Sword Boomerang","Whirlwind+1","Bludgeon+1","Shockwave+1","Ghostly Armor","Shrug It Off","True Grit+1","Feed+1","Headbutt","Shrug It Off+1","Shame","Juggernaut","Shrug It Off+1","Warcry+1"],"special_seed":0,"relics":["Ectoplasm","Meat on the Bone","Pear","Self Forming Clay","Sozu","Toxic Egg 2","Art of War","Old Coin","Pen Nib","Ancient Tea Set"],"potions_floor_usage":[],"damage_taken":[{"damage":2.0,"enemies":"Jaw Worm","floor":1.0,"turns":3.0},{"damage":6.0,"enemies":"Small Slimes","floor":2.0,"turns":3.0},{"damage":0.0,"enemies":"2 Louse","floor":4.0,"turns":2.0},{"damage":4.0,"enemies":"2 Fungi Beasts","floor":5.0,"turns":3.0},{"damage":15.0,"enemies":"3 Sentries","floor":7.0,"turns":3.0},{"damage":0.0,"enemies":"Gremlin Nob","floor":10.0,"turns":2.0},{"damage":0.0,"enemies":"Lots of Slimes","floor":13.0,"turns":1.0},{"damage":0.0,"enemies":"Large Slime","floor":14.0,"turns":4.0},{"damage":3.0,"enemies":"The Guardian","floor":16.0,"turns":12.0},{"damage":0.0,"enemies":"2 Thieves","floor":18.0,"turns":2.0},{"damage":13.0,"enemies":"Shell Parasite","floor":20.0,"turns":6.0},{"damage":20.0,"enemies":"Book of Stabbing","floor":23.0,"turns":7.0},{"damage":19.0,"enemies":"Slavers","floor":25.0,"turns":4.0},{"damage":13,"enemies":"Cultist and Chosen","floor":27,"turns":6},{"damage":8,"enemies":"Centurion and Healer","floor":28,"turns":7},{"damage":34,"enemies":"Book of Stabbing","floor":29,"turns":6},{"damage":30,"enemies":"Snake Plant","floor":30,"turns":5},{"damage":12,"enemies":"3 Cultists","floor":31,"turns":4},{"damage":19,"enemies":"Collector","floor":33,"turns":2}],"seed_played":"-5427945668657705870","potions_obtained":[{"floor":5.0,"key":"FearPotion"},{"floor":7.0,"key":"EssenceOfSteel"},{"floor":13.0,"key":"Energy Potion"}],"is_trial":false,"path_per_floor":["M","M","?","M","M","R","E","R","T","E","?","$","M","M","R","B",null,"M","?","M","$","?","E","R","E","T","M","M","E","M","M","R","B"],"character_chosen":"IRONCLAD","items_purchased":[],"campfire_rested":0,"item_purchase_floors":[],"current_hp_per_floor":[70,64,57,57,53,53,38,38,48,48,48,48,48,48,48,57,82,82,64,54,54,54,46,46,43,43,46,54,32,14,18,18,0],"gold":0,"neow_bonus":"BOSS_RELIC","is_prod":false,"is_daily":false,"chose_seed":false,"campfire_upgraded":5,"win_rate":0,"timestamp":1559066529,"path_taken":["M","M","?","M","M","R","E","R","T","E","?","$","M","M","R","BOSS","M","?","M","$","?","E","R","E","T","M","M","E","M","M","R","BOSS"],"build_version":"2019-01-23","purchased_purges":1,"victory":false,"max_hp_per_floor":[80,80,80,80,80,80,80,80,90,90,90,90,90,90,90,90,90,90,95,98,98,98,98,98,102,102,106,110,110,110,114,114,114],"card_choices":[{"not_picked":["Body Slam","Anger"],"picked":"Sword Boomerang","floor":1.0},{"not_picked":["Perfected Strike","True Grit"],"picked":"Whirlwind","floor":2.0},{"not_picked":["Clothesline","Flex"],"picked":"Bludgeon","floor":4.0},{"not_picked":["Clothesline","Pommel Strike"],"picked":"Shockwave","floor":5.0},{"not_picked":["Seeing Red","Combust"],"picked":"Ghostly Armor","floor":7.0},{"not_picked":["Cleave","Sword Boomerang"],"picked":"Shrug It Off","floor":10.0},{"not_picked":["Clash","Burning Pact"],"picked":"True Grit","floor":13.0},{"not_picked":["Dropkick","Clothesline","Dual Wield"],"picked":"SKIP","floor":14.0},{"not_picked":["Fiend Fire","Immolate"],"picked":"Feed","floor":16.0},{"not_picked":["Pommel Strike","Flex"],"picked":"Headbutt","floor":18.0},{"not_picked":["Perfected Strike+1","Warcry"],"picked":"Shrug It Off+1","floor":20.0},{"not_picked":["Sword Boomerang","Infernal Blade+1","Heavy Blade"],"picked":"SKIP","floor":23.0},{"not_picked":["Rupture","Flame Barrier+1"],"picked":"Juggernaut","floor":25},{"not_picked":["Rage+1","Pommel Strike","Uppercut"],"picked":"SKIP","floor":27},{"not_picked":["Evolve+1","Carnage","Seeing Red+1"],"picked":"SKIP","floor":28},{"not_picked":["Uppercut","Cleave"],"picked":"Shrug It Off+1","floor":29},{"not_picked":["Pommel Strike","Power Through+1"],"picked":"Warcry+1","floor":30},{"not_picked":["Anger","Clothesline","Flex+1"],"picked":"SKIP","floor":31}],"player_experience":899830,"relics_obtained":[{"floor":7.0,"key":"Meat on the Bone"},{"floor":9.0,"key":"Pear"},{"floor":10.0,"key":"Self Forming Clay"},{"floor":23.0,"key":"Art of War"},{"floor":25,"key":"Old Coin"},{"floor":26,"key":"Pen Nib"},{"floor":29,"key":"Ancient Tea Set"}],"event_choices":[{"cards_removed":["Strike_R"],"damage_healed":0.0,"max_hp_gain":0.0,"max_hp_loss":0.0,"gold_gain":0.0,"event_name":"Golden Wing","player_choice":"Card Removal","floor":3.0,"gold_loss":0.0,"damage_taken":7.0},{"damage_healed":0.0,"max_hp_gain":0.0,"max_hp_loss":0.0,"gold_gain":0.0,"event_name":"Liars Game","player_choice":"Ignored","floor":11.0,"gold_loss":0.0,"damage_taken":0.0},{"damage_healed":0.0,"max_hp_gain":5.0,"max_hp_loss":0.0,"gold_gain":0.0,"event_name":"Forgotten Altar","player_choice":"Shed Blood","floor":19.0,"gold_loss":0.0,"damage_taken":23.0},{"damage_healed":0.0,"max_hp_gain":0.0,"max_hp_loss":0.0,"gold_gain":0.0,"event_name":"Addict","player_choice":"Stole Relic","floor":22.0,"gold_loss":0.0,"damage_taken":0.0,"relics_obtained":["Toxic Egg 2"],"cards_obtained":["Shame"]}],"is_beta":false,"boss_relics":[{"not_picked":["Calling Bell","Tiny House"],"picked":"Sozu"}],"items_purged_floors":[12],"is_endless":false,"potions_floor_spawned":[5,7,13,14,23,25],"killed_by":"Collector","ascension_level":10}