{"gold_per_floor":[119,14,32,46,62,88,88,120,158,170,198,210,397,423,435,549,561,585,614,626],"floor_reached":20,"playtime":1191,"items_purged":[],"score":236,"play_id":"d476a9a2-7242-451b-aa5e-74b4dc7e5d78","local_time":"20190224152840","is_ascension_mode":false,"campfire_choices":[{"floor":7,"key":"REST"},{"floor":10,"key":"REST"},{"floor":12,"key":"REST"},{"data":"Inflame","floor":15,"key":"SMITH"}],"neow_cost":"NONE","seed_source_timestamp":1016270998311123,"circlet_count":0,"master_deck":["Strike_R","Strike_R","Defend_R","Defend_R","Defend_R","Bash","Perfected Strike","Whirlwind","Infernal Blade","Inflame+1","Anger","Perfected Strike","Anger","Seeing Red","Rage","Infernal Blade","Carnage","Demon Form","Juggernaut+1","Evolve+1","Warcry+1","Entrench","Anger"],"relics":["Burning Blood","Omamori","MawBank","Oddly Smooth Stone","Astrolabe"],"potions_floor_usage":[16],"damage_taken":[{"damage":5,"enemies":"Cultist","floor":1,"turns":4},{"damage":0,"enemies":"2 Louse","floor":3,"turns":1},{"damage":10,"enemies":"Small Slimes","floor":4,"turns":2},{"damage":23,"enemies":"Exordium Wildlife","floor":5,"turns":5},{"damage":36,"enemies":"Lagavulin","floor":6,"turns":6},{"damage":35,"enemies":"3 Sentries","floor":8,"turns":7},{"damage":9,"enemies":"Red Slaver","floor":11,"turns":3},{"damage":8,"enemies":"Looter","floor":14,"turns":3},{"damage":3,"enemies":"Slime Boss","floor":16,"turns":5},{"damage":46,"enemies":"3 Byrds","floor":18,"turns":6},{"damage":24,"enemies":"Spheric Guardian","floor":19,"turns":4},{"damage":22,"enemies":"Colosseum Slavers","floor":20,"turns":2}],"seed_played":"-3216057311034343092","potions_obtained":[{"floor":1,"key":"Dexterity Potion"},{"floor":6,"key":"Block Potion"},{"floor":11,"key":"Swift Potion"},{"floor":14,"key":"Fire Potion"},{"floor":18,"key":"Fire Potion"},{"floor":19,"key":"Regen Potion"}],"is_trial":false,"path_per_floor":["M","?","?"],"character_chosen":"IRONCLAD","items_purchased":["Infernal Blade","Inflame"],"campfire_rested":3,"item_purchase_floors":[2,2],"current_hp_per_floor":[80,80,80,76,59,29,53,24,24,48,45,69,69,67,67,70,80,40,22,0],"gold":626,"neow_bonus":"TRANSFORM_CARD","is_prod":false,"is_daily":false,"chose_seed":false,"campfire_upgraded":1,"win_rate":0,"timestamp":1551040120,"path_taken":["M","$","M","?","M","E","R","E","T","R","M","R","?","M","R","BOSS","M","M","?"],"build_version":"2019-01-23","purchased_purges":0,"victory":false,"max_hp_per_floor":[80,80,80,80,80,80,80,80,80,80,80,80,80,80,80,80,80,80,80,80],"card_choices":[{"not_picked":["Corruption","Seeing Red"],"picked":"Whirlwind","floor":1},{"not_picked":["Dropkick","True Grit"],"picked":"Anger","floor":3},{"not_picked":["Heavy Blade","Iron Wave"],"picked":"Perfected Strike","floor":4},{"not_picked":["Power Through","Sever Soul"],"picked":"Anger","floor":5},{"not_picked":["Body Slam","Wild Strike"],"picked":"Seeing Red","floor":6},{"not_picked":["Dual Wield","Rupture"],"picked":"Rage","floor":8},{"not_picked":["Clash","Clothesline"],"picked":"Infernal Blade","floor":11},{"not_picked":["Uppercut","Pummel"],"picked":"Carnage","floor":14},{"not_picked":["Barricade","Impervious"],"picked":"Demon Form","floor":16},{"not_picked":["Thunderclap","Headbutt"],"picked":"Entrench","floor":18},{"not_picked":["Disarm","Iron Wave"],"picked":"Anger","floor":19}],"player_experience":196499,"relics_obtained":[{"floor":6,"key":"Omamori"},{"floor":8,"key":"MawBank"},{"floor":9,"key":"Oddly Smooth Stone"}],"event_choices":[{"damage_healed":0,"gold_gain":175,"player_choice":"AGREE","damage_taken":0,"max_hp_gain":0,"max_hp_loss":0,"event_name":"Liars Game","floor":13,"gold_loss":0,"cards_obtained":["Doubt"]},{"damage_healed":0,"gold_gain":0,"player_choice":"Fight","damage_taken":0,"max_hp_gain":0,"max_hp_loss":0,"event_name":"Colosseum","floor":20,"gold_loss":0}],"is_beta":false,"boss_relics":[{"not_picked":["Black Blood","Lizard Tail"],"picked":"Astrolabe"}],"items_purged_floors":[],"is_endless":false,"potions_floor_spawned":[1,6,11,14,18,19],"killed_by":"Colosseum Slavers","ascension_level":0}