{"gold_per_floor":[115,190,190,206,220,220,395,395,395,420,433,447,447,467,467,467],"floor_reached":16,"playtime":934,"items_purged":[],"score":122,"play_id":"f2dad9f3-cfc7-49e5-99c4-ec20fc5e2e2f","local_time":"20190324184917","is_ascension_mode":true,"campfire_choices":[{"floor":6,"key":"REST"},{"data":"Zap","floor":8,"key":"SMITH"},{"floor":13,"key":"REST"},{"data":"Fusion","floor":15,"key":"SMITH"}],"neow_cost":"NONE","seed_source_timestamp":251650767908001,"circlet_count":0,"master_deck":["Strike_B","Strike_B","Strike_B+1","Strike_B","Defend_B","Defend_B","Defend_B","Defend_B","Zap+1","Dualcast","Chill+1","Redo","Cold Snap","Doubt","Glacier","Fusion+1","Ball Lightning","Conserve Battery"],"relics":["Cracked Core","NeowsBlessing","Mercury Hourglass","Orichalcum"],"potions_floor_usage":[4,10],"damage_taken":[{"damage":0,"enemies":"2 Louse","floor":1,"turns":1},{"damage":0,"enemies":"Jaw Worm","floor":4,"turns":1},{"damage":0,"enemies":"Small Slimes","floor":5,"turns":1},{"damage":27,"enemies":"Lagavulin","floor":10,"turns":6},{"damage":1,"enemies":"Exordium Wildlife","floor":11,"turns":6},{"damage":0,"enemies":"Lots of Slimes","floor":12,"turns":3},{"damage":13,"enemies":"Large Slime","floor":14,"turns":5},{"damage":67,"enemies":"Hexaghost","floor":16,"turns":14}],"seed_played":"6713102430192338835","potions_obtained":[{"floor":1,"key":"SkillPotion"},{"floor":4,"key":"Fruit Juice"}],"is_trial":false,"path_per_floor":["?","?","?","M"],"character_chosen":"DEFECT","items_purchased":[],"campfire_rested":2,"item_purchase_floors":[],"current_hp_per_floor":[75,64,49,54,54,78,78,78,78,51,50,50,74,61,61,0],"gold":467,"neow_bonus":"THREE_ENEMY_KILL","is_prod":false,"is_daily":false,"chose_seed":false,"campfire_upgraded":2,"win_rate":0,"timestamp":1553467757,"path_taken":["M","?","?","M","M","R","?","R","T","E","M","?","R","M","R","BOSS"],"build_version":"2019-01-23","purchased_purges":0,"victory":false,"max_hp_per_floor":[75,75,75,80,80,80,80,80,80,80,80,80,80,80,80,80],"card_choices":[{"not_picked":["Skim","Rebound"],"picked":"Chill","floor":1},{"not_picked":["Go for the Eyes","Compile Driver"],"picked":"Redo","floor":4},{"not_picked":["Barrage","Chill"],"picked":"Cold Snap","floor":5},{"not_picked":["Skim","Rebound"],"picked":"Glacier","floor":10},{"not_picked":["Machine Learning","Ball Lightning"],"picked":"Fusion","floor":11},{"not_picked":["Coolheaded","Darkness"],"picked":"Ball Lightning","floor":12},{"not_picked":["Steam","Rebound"],"picked":"Conserve Battery","floor":14}],"player_experience":323098,"relics_obtained":[{"floor":9,"key":"Mercury Hourglass"},{"floor":10,"key":"Orichalcum"}],"event_choices":[{"damage_healed":0,"gold_gain":75,"player_choice":"Gather Gold","damage_taken":11,"max_hp_gain":0,"max_hp_loss":0,"event_name":"World of Goop","floor":2,"gold_loss":0},{"damage_healed":0,"gold_gain":0,"player_choice":"Entered Light","damage_taken":15,"max_hp_gain":0,"max_hp_loss":0,"event_name":"Shining Light","floor":3,"gold_loss":0,"cards_upgraded":["Strike_B","Chill"]},{"damage_healed":0,"gold_gain":175,"player_choice":"AGREE","damage_taken":0,"max_hp_gain":0,"max_hp_loss":0,"event_name":"Liars Game","floor":7,"gold_loss":0,"cards_obtained":["Doubt"]}],"is_beta":false,"boss_relics":[],"items_purged_floors":[],"is_endless":false,"potions_floor_spawned":[1,4],"killed_by":"Hexaghost","ascension_level":4}