{"gold_per_floor":[119,294,346,365,379,411,192,192,192,92,107,123,137,87,87,185,185,202,220,235,160,35,35,35,35,35,35,46,46,66,81,81,81],"floor_reached":33,"playtime":1433,"items_purged":["Doubt","Strike_R","Defend_R"],"score":249,"play_id":"d680e15c-c29a-4a3e-977c-368c0e18a2b8","local_time":"20190601213806","is_ascension_mode":false,"campfire_choices":[{"data":"Rampage","floor":8,"key":"SMITH"},{"floor":15,"key":"REST"},{"data":"Carnage","floor":23,"key":"SMITH"},{"floor":25,"key":"RECALL"},{"floor":27,"key":"REST"},{"data":"Bash","floor":29,"key":"SMITH"},{"floor":32,"key":"REST"}],"neow_cost":"NONE","seed_source_timestamp":2283142722074905,"circlet_count":0,"master_deck":["Defend_R+1","Bash+1","Spot Weakness+1","Carnage+1","Rampage+1","Clash+1","Rampage+1","Intimidate+1"],"relics":["Burning Blood","Art of War","War Paint","PreservedInsect","Astrolabe","Singing Bowl"],"potions_floor_usage":[33],"damage_taken":[{"damage":6,"enemies":"2 Louse","floor":1,"turns":4},{"damage":11,"enemies":"Jaw Worm","floor":4,"turns":4},{"damage":10,"enemies":"Cultist","floor":5,"turns":4},{"damage":40,"enemies":"Gremlin Nob","floor":6,"turns":5},{"damage":16,"enemies":"Large Slime","floor":11,"turns":4},{"damage":10,"enemies":"Looter","floor":12,"turns":3},{"damage":2,"enemies":"Blue Slaver","floor":13,"turns":3},{"damage":32,"enemies":"The Guardian","floor":16,"turns":12},{"damage":23,"enemies":"2 Thieves","floor":18,"turns":4},{"damage":8,"enemies":"Chosen","floor":19,"turns":4},{"damage":22,"enemies":"Snake Plant","floor":20,"turns":3},{"damage":20,"enemies":"Colosseum Slavers","floor":24,"turns":3},{"damage":6,"enemies":"Centurion and Healer","floor":28,"turns":4},{"damage":6,"enemies":"Cultist and Chosen","floor":30,"turns":3},{"damage":35,"enemies":"Chosen and Byrds","floor":31,"turns":5},{"damage":101,"enemies":"Automaton","floor":33,"turns":6}],"seed_played":"6146983440900870639","potions_obtained":[{"floor":1,"key":"SpeedPotion"},{"floor":13,"key":"Ancient Potion"},{"floor":16,"key":"FearPotion"},{"floor":18,"key":"Fire Potion"}],"is_trial":false,"path_per_floor":["M","?","T","M","M","E","$","R","T","$","M","M","M","?","R","B",null,"M","M","M","?","$","R","?","R","T","R","M","R","M","M","R","B"],"character_chosen":"IRONCLAD","items_purchased":["War Paint"],"campfire_rested":3,"item_purchase_floors":[7],"current_hp_per_floor":[80,80,80,75,71,37,37,37,37,37,27,23,27,27,51,25,80,63,61,45,45,45,45,31,31,31,55,57,57,59,32,57,0],"gold":81,"neow_bonus":"REMOVE_CARD","is_prod":false,"is_daily":false,"chose_seed":false,"campfire_upgraded":3,"win_rate":0,"timestamp":1559439486,"path_taken":["M","?","?","M","M","E","$","R","T","$","M","M","?","?","R","BOSS","M","M","M","?","$","R","?","R","T","R","M","R","M","M","R","BOSS"],"build_version":"2019-01-23","purchased_purges":3,"victory":false,"max_hp_per_floor":[80,80,80,80,80,80,80,80,80,80,80,80,80,80,80,80,80,80,80,80,80,80,80,80,80,80,80,82,82,84,86,86,86],"card_choices":[{"not_picked":["Feel No Pain","Twin Strike"],"picked":"Spot Weakness","floor":1},{"not_picked":["Flame Barrier","Battle Trance"],"picked":"Carnage","floor":4},{"not_picked":["Sever Soul","Cleave"],"picked":"Rampage","floor":5},{"not_picked":["Iron Wave","Warcry","Clothesline"],"picked":"SKIP","floor":6},{"not_picked":["Uppercut","Sever Soul","Blood for Blood"],"picked":"SKIP","floor":11},{"not_picked":["Sword Boomerang","Flex","Armaments"],"picked":"SKIP","floor":12},{"not_picked":["Body Slam","Fire Breathing","Clothesline"],"picked":"SKIP","floor":13},{"not_picked":["Entrench+1","Combust","Heavy Blade+1"],"picked":"SKIP","floor":18},{"not_picked":["Sword Boomerang","Anger","Seeing Red+1"],"picked":"SKIP","floor":19},{"not_picked":["Blood for Blood","Iron Wave","Flex"],"picked":"SKIP","floor":20},{"not_picked":["Clothesline+1","Sword Boomerang","Armaments"],"picked":"Singing Bowl","floor":28},{"not_picked":["Shrug It Off","Entrench","Carnage"],"picked":"Singing Bowl","floor":30},{"not_picked":["Body Slam","Entrench","Cleave+1"],"picked":"Singing Bowl","floor":31}],"player_experience":370350,"relics_obtained":[{"floor":6,"key":"Art of War"},{"floor":9,"key":"PreservedInsect"},{"floor":26,"key":"Singing Bowl"}],"event_choices":[{"damage_healed":0,"gold_gain":175,"player_choice":"AGREE","damage_taken":0,"max_hp_gain":0,"max_hp_loss":0,"event_name":"Liars Game","floor":2,"gold_loss":0,"cards_obtained":["Doubt"]},{"cards_removed":["Strike_R"],"damage_healed":0,"gold_gain":0,"player_choice":"Card Removal","damage_taken":0,"max_hp_gain":0,"max_hp_loss":0,"event_name":"The Cleric","floor":14,"gold_loss":50},{"cards_removed":["Defend_R"],"damage_healed":0,"gold_gain":0,"player_choice":"Gave Gold","damage_taken":0,"max_hp_gain":0,"max_hp_loss":0,"event_name":"Beggar","floor":21,"gold_loss":75},{"damage_healed":0,"gold_gain":0,"player_choice":"Fight","damage_taken":0,"max_hp_gain":0,"max_hp_loss":0,"event_name":"Colosseum","floor":24,"gold_loss":0},{"damage_healed":0,"gold_gain":0,"player_choice":"Fled From Nobs","damage_taken":0,"max_hp_gain":0,"max_hp_loss":0,"event_name":"Colosseum","floor":24,"gold_loss":0}],"is_beta":false,"boss_relics":[{"not_picked":["Snecko Eye","Runic Cube"],"picked":"Astrolabe"}],"items_purged_floors":[7,10,22],"is_endless":false,"potions_floor_spawned":[1,13,16,18,30],"killed_by":"Automaton","ascension_level":0}