{"gold_per_floor":[16,26,44,54,64,64,98,111,111,131,131,142,155,186,186,186],"floor_reached":16,"playtime":507,"items_purged":[],"score":218,"play_id":"f268c793-a7b9-443b-a35b-58f8f8c20c94","local_time":"20190418005115","is_ascension_mode":true,"campfire_choices":[{"data":"Perfected Strike","floor":6,"key":"SMITH"},{"floor":11,"key":"REST"},{"data":"Offering","floor":15,"key":"SMITH"}],"neow_cost":"NO_GOLD","seed_source_timestamp":378795888161623,"circlet_count":0,"master_deck":["AscendersBane","Strike_R","Strike_R","Strike_R","Strike_R","Strike_R","Defend_R","Defend_R","Defend_R","Defend_R","Bash","Offering+1","Perfected Strike+1","Ghostly Armor","Pommel Strike","Pommel Strike","Shockwave","Feel No Pain","Burning Pact","Shrug It Off","Twin Strike","Rage"],"relics":["Burning Blood","Strawberry","Letter Opener","Vajra"],"potions_floor_usage":[16,16],"damage_taken":[{"damage":12,"enemies":"Cultist","floor":1,"turns":3},{"damage":13,"enemies":"Jaw Worm","floor":2,"turns":2},{"damage":6,"enemies":"2 Louse","floor":3,"turns":3},{"damage":9,"enemies":"Blue Slaver","floor":4,"turns":2},{"damage":20,"enemies":"3 Louse","floor":5,"turns":4},{"damage":31,"enemies":"Lagavulin","floor":7,"turns":6},{"damage":6,"enemies":"2 Fungi Beasts","floor":8,"turns":2},{"damage":3,"enemies":"Blue Slaver","floor":10,"turns":2},{"damage":6,"enemies":"Looter","floor":12,"turns":1},{"damage":18,"enemies":"Large Slime","floor":13,"turns":6},{"damage":12,"enemies":"Gremlin Nob","floor":14,"turns":3},{"damage":32,"enemies":"The Guardian","floor":16,"turns":8}],"seed_played":"-5840158431612457178","potions_obtained":[{"floor":1,"key":"Dexterity Potion"},{"floor":3,"key":"AttackPotion"},{"floor":7,"key":"Energy Potion"},{"floor":13,"key":"Fire Potion"}],"is_trial":false,"path_per_floor":["M","M","M","M","M","R","E","M","T","M","R","M","M","E","R","B"],"character_chosen":"IRONCLAD","items_purchased":[],"campfire_rested":1,"item_purchase_floors":[],"current_hp_per_floor":[62,55,55,52,38,38,20,20,20,23,47,47,35,29,29,0],"gold":186,"neow_bonus":"THREE_RARE_CARDS","is_prod":false,"is_daily":false,"chose_seed":false,"campfire_upgraded":2,"win_rate":0,"timestamp":1555516275,"path_taken":["M","M","M","?","M","R","E","M","T","M","R","?","?","E","R","BOSS"],"build_version":"2019-01-23","purchased_purges":0,"victory":false,"max_hp_per_floor":[75,75,75,75,75,75,82,82,82,82,82,82,82,82,82,82],"card_choices":[{"not_picked":["Reaper","Bludgeon"],"picked":"Offering","floor":0},{"not_picked":["Corruption","Blood for Blood"],"picked":"Perfected Strike","floor":1},{"not_picked":["Hemokinesis","Thunderclap"],"picked":"Ghostly Armor","floor":2},{"not_picked":["Dual Wield","Sentinel"],"picked":"Pommel Strike","floor":3},{"not_picked":["Burning Pact","Carnage"],"picked":"Pommel Strike","floor":4},{"not_picked":["True Grit","Thunderclap"],"picked":"Shockwave","floor":5},{"not_picked":["Ghostly Armor","Combust"],"picked":"Feel No Pain","floor":7},{"not_picked":["Anger","Iron Wave"],"picked":"Burning Pact","floor":8},{"not_picked":["Evolve","Reckless Charge"],"picked":"Shrug It Off","floor":10},{"not_picked":["Flex","Thunderclap","Cleave"],"picked":"SKIP","floor":12},{"not_picked":["Flex","Sever Soul"],"picked":"Twin Strike","floor":13},{"not_picked":["Iron Wave","Intimidate"],"picked":"Rage","floor":14}],"player_experience":453902,"relics_obtained":[{"floor":7,"key":"Strawberry"},{"floor":9,"key":"Letter Opener"},{"floor":14,"key":"Vajra"}],"event_choices":[],"is_beta":false,"boss_relics":[],"items_purged_floors":[],"is_endless":false,"potions_floor_spawned":[1,3,5,7,10,13],"killed_by":"The Guardian","ascension_level":17}