{"gold_per_floor":[116,136,154,165,183,215,243,255,320,332,357,383,395],"floor_reached":13,"playtime":1253,"items_purged":[],"score":91,"play_id":"f3357d3d-3554-4194-87d7-9387f9507fc1","local_time":"20190514034709","is_ascension_mode":false,"campfire_choices":[{"data":"Inflame","floor":10,"key":"SMITH"}],"neow_cost":"TEN_PERCENT_HP_LOSS","seed_source_timestamp":395182249700822,"circlet_count":0,"master_deck":["Strike_R","Strike_R","Strike_R","Strike_R","Strike_R","Defend_R","Defend_R","Defend_R","Defend_R","Bash","Pommel Strike","Barricade","Sword Boomerang","Shockwave","Sword Boomerang","Inflame+1","Battle Trance","Spot Weakness"],"special_seed":0,"relics":["Burning Blood","Incense Burner","MawBank","Blood Vial"],"potions_floor_usage":[],"damage_taken":[{"damage":5.0,"enemies":"Cultist","floor":1.0,"turns":4.0},{"damage":0.0,"enemies":"Small Slimes","floor":2.0,"turns":2.0},{"damage":1.0,"enemies":"Jaw Worm","floor":3.0,"turns":5.0},{"damage":32.0,"enemies":"Exordium Thugs","floor":4.0,"turns":10.0},{"damage":9,"enemies":"Blue Slaver","floor":5,"turns":3},{"damage":27,"enemies":"Gremlin Nob","floor":6,"turns":5},{"damage":2,"enemies":"2 Fungi Beasts","floor":7,"turns":3},{"damage":25,"enemies":"Exordium Thugs","floor":11,"turns":3},{"damage":7,"enemies":"3 Louse","floor":12,"turns":3},{"damage":29,"enemies":"Gremlin Gang","floor":13,"turns":3}],"seed_played":"-3016615271134987351","potions_obtained":[{"floor":5,"key":"Dexterity Potion"},{"floor":6,"key":"SpeedPotion"},{"floor":11,"key":"SpeedPotion"}],"is_trial":false,"path_per_floor":["M","M","M","M","M","E","M","?","T","R","M","M","M"],"character_chosen":"IRONCLAD","items_purchased":[],"campfire_rested":0,"item_purchase_floors":[],"current_hp_per_floor":[72,72,72,46,43,22,26,26,26,26,9,10,0],"gold":395,"neow_bonus":"ONE_RARE_RELIC","is_prod":false,"is_daily":false,"chose_seed":false,"campfire_upgraded":1,"win_rate":0,"timestamp":1557785829,"path_taken":["M","M","M","M","?","E","M","?","T","R","M","?","M"],"build_version":"2019-01-23","purchased_purges":0,"victory":false,"max_hp_per_floor":[72,72,72,72,72,72,72,72,72,72,72,72,72],"card_choices":[{"not_picked":["Armaments","Wild Strike"],"picked":"Pommel Strike","floor":1.0},{"not_picked":["Entrench","Warcry"],"picked":"Barricade","floor":2.0},{"not_picked":["Perfected Strike","Flex","Heavy Blade"],"picked":"SKIP","floor":3.0},{"not_picked":["Cleave","Clothesline"],"picked":"Sword Boomerang","floor":4.0},{"not_picked":["Reaper","Carnage"],"picked":"Shockwave","floor":5},{"not_picked":["Rupture","Shockwave"],"picked":"Sword Boomerang","floor":6},{"not_picked":["Twin Strike","Perfected Strike"],"picked":"Inflame","floor":7},{"not_picked":["Rampage","Fire Breathing"],"picked":"Battle Trance","floor":11},{"not_picked":["Iron Wave","Twin Strike"],"picked":"Spot Weakness","floor":12}],"player_experience":255972,"relics_obtained":[{"floor":6,"key":"MawBank"},{"floor":9,"key":"Blood Vial"}],"event_choices":[{"damage_healed":0,"gold_gain":0,"player_choice":"Ignored","damage_taken":0,"max_hp_gain":0,"max_hp_loss":0,"event_name":"NoteForYourself","floor":8,"gold_loss":0}],"is_beta":false,"boss_relics":[],"items_purged_floors":[],"is_endless":false,"potions_floor_spawned":[5,6,11,12],"killed_by":"Gremlin Gang","ascension_level":0}