{"gold_per_floor":[109,284,298,317,334,360,360,388,388,356,389,389,389],"floor_reached":13,"playtime":2511,"items_purged":[],"score":211,"play_id":"25b96804-8a8e-4c52-93a0-c8f8eede6ffc","local_time":"20190604093909","is_ascension_mode":true,"campfire_choices":[{"data":"Neutralize","floor":7.0,"key":"SMITH"}],"neow_cost":"NONE","seed_source_timestamp":155634030843149,"circlet_count":0,"master_deck":["AscendersBane","Defend_G","Defend_G","Defend_G","Defend_G","Defend_G","Strike_G","Strike_G","Strike_G","Strike_G","Strike_G","Survivor","Neutralize+1","Dagger Throw","Doubt","Dagger Spray","Flechettes","Finisher","Footwork","Bouncing Flask"],"special_seed":0,"relics":["Runic Pyramid","Snake Skull","Dodecahedron","Frozen Egg 2","Meat on the Bone"],"potions_floor_usage":[],"damage_taken":[{"damage":2.0,"enemies":"Jaw Worm","floor":1.0,"turns":4.0},{"damage":4.0,"enemies":"2 Louse","floor":3.0,"turns":3.0},{"damage":0.0,"enemies":"Small Slimes","floor":4.0,"turns":5.0},{"damage":14.0,"enemies":"Exordium Wildlife","floor":5.0,"turns":4.0},{"damage":17.0,"enemies":"3 Sentries","floor":6.0,"turns":5.0},{"damage":0.0,"enemies":"Lagavulin","floor":8.0,"turns":11.0},{"damage":24.0,"enemies":"Gremlin Nob","floor":11.0,"turns":5.0},{"damage":10,"enemies":"Red Slaver","floor":13,"turns":2}],"seed_played":"-1391504248532995736","potions_obtained":[{"floor":3.0,"key":"EssenceOfSteel"},{"floor":5.0,"key":"AttackPotion"},{"floor":6.0,"key":"PowerPotion"}],"is_trial":false,"path_per_floor":["M","?","M","M","M","E","R","E","T","?","E","?","M"],"character_chosen":"THE_SILENT","items_purchased":[],"campfire_rested":0,"item_purchase_floors":[],"current_hp_per_floor":[61,61,57,57,43,26,26,26,26,26,2,7,0],"gold":389,"neow_bonus":"BOSS_RELIC","is_prod":false,"is_daily":false,"chose_seed":false,"campfire_upgraded":1,"win_rate":0,"timestamp":1559621349,"path_taken":["M","?","M","M","M","E","R","E","T","?","E","?","M"],"build_version":"2019-01-23","purchased_purges":0,"victory":false,"max_hp_per_floor":[70,70,70,70,70,70,70,70,70,70,70,75,75],"card_choices":[{"not_picked":["Backflip","Acrobatics"],"picked":"Dagger Throw","floor":1.0},{"not_picked":["Heel Hook","Deflect"],"picked":"Dagger Spray","floor":3.0},{"not_picked":["Leg Sweep","Heel Hook"],"picked":"Flechettes","floor":4.0},{"not_picked":["Underhanded Strike","Deflect"],"picked":"Finisher","floor":5.0},{"not_picked":["Dodge and Roll","Terror"],"picked":"Footwork","floor":6.0},{"not_picked":["PiercingWail","Accuracy"],"picked":"Bouncing Flask","floor":8.0},{"not_picked":["Predator","Concentrate","Slice"],"picked":"SKIP","floor":11.0}],"player_experience":1171658,"relics_obtained":[{"floor":6.0,"key":"Snake Skull"},{"floor":8.0,"key":"Dodecahedron"},{"floor":9.0,"key":"Frozen Egg 2"},{"floor":11.0,"key":"Meat on the Bone"}],"event_choices":[{"damage_healed":0.0,"max_hp_gain":0.0,"max_hp_loss":0.0,"gold_gain":175.0,"event_name":"Liars Game","player_choice":"AGREE","floor":2.0,"gold_loss":0.0,"damage_taken":0.0,"cards_obtained":["Doubt"]},{"damage_healed":0.0,"max_hp_gain":0.0,"max_hp_loss":0.0,"gold_gain":0.0,"event_name":"World of Goop","player_choice":"Left Gold","floor":10.0,"gold_loss":32.0,"damage_taken":0.0},{"damage_healed":0.0,"max_hp_gain":5.0,"max_hp_loss":0.0,"gold_gain":0.0,"event_name":"Big Fish","player_choice":"Donut","floor":12.0,"gold_loss":0.0,"damage_taken":0.0}],"is_beta":false,"boss_relics":[],"items_purged_floors":[],"is_endless":false,"potions_floor_spawned":[3,5,6],"killed_by":"Red Slaver","ascension_level":13}