{"gold_per_floor":[109,124,136,146,321,321,321,69,93,105,55,74,89,122,122,218,218,236,256,35,50,50,77,77,77,131,145,165,182,201,201,201,298,298,310,325,325,123,139,165,165,183,209,224,224,324,198,223,223,223],"floor_reached":51,"playtime":4231,"items_purged":["Doubt","Strike_B+1","Strike_B+1"],"score":703,"play_id":"4b9137be-7f10-47d9-a2d2-3c87b6c21203","local_time":"20190317204316","is_ascension_mode":false,"campfire_choices":[{"data":"Buffer","floor":6,"key":"SMITH"},{"floor":15,"key":"REST"},{"data":"Chaos","floor":25,"key":"SMITH"},{"floor":32,"key":"REST"},{"floor":41,"key":"REST"},{"floor":45,"key":"REST"},{"floor":49,"key":"REST"}],"neow_cost":"NONE","seed_source_timestamp":439461539273531,"circlet_count":0,"master_deck":["Defend_B+1","Defend_B+1","Defend_B+1","Defend_B+1","Zap","Dualcast","Machine Learning","Steam","Coolheaded","Tempest","Buffer+1","Turbo","Coolheaded","Capacitor","Ball Lightning","Conserve Battery","Force Field","Chaos+1","Electrodynamics","Defragment+1","Sunder","Loop","Consume","Creative AI","Steam","Glacier","Doom and Gloom","Echo Form","Redo+1","Leap+1","Master of Strategy","Chrysalis","Loop","BootSequence","White Noise+1","Stack","Turbo+1","Steam+1","Thunder Strike"],"relics":["Cracked Core","Gremlin Horn","Omamori","Shuriken","Black Star","PreservedInsect","Bronze Scales","Happy Flower","Blue Candle","Smiling Mask","Nuclear Battery","Symbiotic Virus","Ginger","DataDisk","Unceasing Top","Vajra"],"potions_floor_usage":[4,10,12,23,23,33,33,33,40,40,42,50,50],"damage_taken":[{"damage":2,"enemies":"Small Slimes","floor":1,"turns":3},{"damage":1,"enemies":"Jaw Worm","floor":2,"turns":4},{"damage":0,"enemies":"2 Louse","floor":3,"turns":2},{"damage":11,"enemies":"Exordium Wildlife","floor":4,"turns":4},{"damage":3,"enemies":"Large Slime","floor":10,"turns":5},{"damage":5,"enemies":"Exordium Thugs","floor":12,"turns":4},{"damage":3,"enemies":"3 Louse","floor":13,"turns":4},{"damage":28,"enemies":"Gremlin Nob","floor":14,"turns":6},{"damage":17,"enemies":"The Guardian","floor":16,"turns":14},{"damage":10,"enemies":"3 Byrds","floor":18,"turns":3},{"damage":10,"enemies":"Shell Parasite","floor":19,"turns":8},{"damage":1,"enemies":"Cultist and Chosen","floor":21,"turns":7},{"damage":17,"enemies":"Book of Stabbing","floor":23,"turns":8},{"damage":14,"enemies":"Snake Plant","floor":27,"turns":4},{"damage":0,"enemies":"Centurion and Healer","floor":28,"turns":6},{"damage":20,"enemies":"Shelled Parasite and Fungi","floor":29,"turns":5},{"damage":0,"enemies":"Snecko","floor":30,"turns":5},{"damage":12,"enemies":"Colosseum Slavers","floor":31,"turns":3},{"damage":8,"enemies":"Automaton","floor":33,"turns":13},{"damage":17,"enemies":"3 Darklings","floor":35,"turns":3},{"damage":0,"enemies":"Orb Walker","floor":36,"turns":3},{"damage":28,"enemies":"Maw","floor":39,"turns":10},{"damage":6,"enemies":"Nemesis","floor":40,"turns":7},{"damage":6,"enemies":"Jaw Worm Horde","floor":42,"turns":3},{"damage":20,"enemies":"Transient","floor":44,"turns":5},{"damage":0,"enemies":"Mind Bloom Boss Battle","floor":46,"turns":7},{"damage":51,"enemies":"Time Eater","floor":50,"turns":11}],"seed_played":"1157764201191965814","potions_obtained":[{"floor":3,"key":"Fruit Juice"},{"floor":4,"key":"Fire Potion"},{"floor":10,"key":"Explosive Potion"},{"floor":19,"key":"FocusPotion"},{"floor":21,"key":"Regen Potion"},{"floor":29,"key":"Swift Potion"},{"floor":30,"key":"EntropicBrew"},{"floor":33,"key":"GamblersBrew"},{"floor":39,"key":"EssenceOfSteel"},{"floor":46,"key":"Swift Potion"}],"is_trial":false,"path_per_floor":["?","T","M","?","?","?","M","?","?","?","T"],"character_chosen":"DEFECT","items_purchased":["Turbo","Coolheaded","Capacitor","PreservedInsect","Loop","Loop","BootSequence","Regen Potion"],"campfire_rested":5,"item_purchase_floors":[8,8,8,20,20,38,38,47],"current_hp_per_floor":[73,72,72,66,66,66,66,66,66,63,63,58,55,27,51,34,80,70,60,60,59,59,57,57,57,57,43,43,23,23,11,35,27,80,63,63,58,58,30,24,48,42,42,22,46,46,46,46,70,34],"gold":223,"neow_bonus":"TRANSFORM_CARD","is_prod":false,"is_daily":false,"chose_seed":false,"campfire_upgraded":2,"win_rate":0,"timestamp":1552869796,"path_taken":["M","M","M","M","?","R","?","$","T","?","?","M","M","E","R","BOSS","M","M","$","M","?","E","?","R","T","M","M","?","M","?","R","BOSS","M","M","?","$","M","E","R","M","T","M","R","?","$","?","R","BOSS"],"build_version":"2019-01-23","purchased_purges":3,"victory":true,"max_hp_per_floor":[75,75,75,80,80,80,80,80,80,80,80,80,80,80,80,80,80,80,80,80,80,80,80,80,80,80,80,80,80,80,80,80,80,80,80,80,80,80,80,80,80,80,80,80,80,80,80,80,80,80],"card_choices":[{"not_picked":["Leap","Redo"],"picked":"Steam","floor":1},{"not_picked":["BootSequence","Stack"],"picked":"Coolheaded","floor":2},{"not_picked":["Beam Cell","BootSequence"],"picked":"Tempest","floor":3},{"not_picked":["BootSequence","Go for the Eyes"],"picked":"Buffer","floor":4},{"not_picked":["Coolheaded","Redo"],"picked":"Ball Lightning","floor":10},{"not_picked":["Doom and Gloom","Barrage"],"picked":"Conserve Battery","floor":12},{"not_picked":["Steam","Melter"],"picked":"Force Field","floor":13},{"not_picked":["Rebound","Lockon"],"picked":"Chaos","floor":14},{"not_picked":["Creative AI","Thunder Strike"],"picked":"Electrodynamics","floor":16},{"not_picked":["Hello World","Beam Cell"],"picked":"Defragment+1","floor":18},{"not_picked":["Ball Lightning","Compile Driver"],"picked":"Sunder","floor":19},{"not_picked":["Streamline","Sweeping Beam+1"],"picked":"Consume","floor":21},{"not_picked":["Compile Driver+1","Steam Power"],"picked":"Creative AI","floor":23},{"not_picked":["Turbo","Hello World"],"picked":"Steam","floor":27},{"not_picked":["Rebound","FTL","Go for the Eyes"],"picked":"SKIP","floor":28},{"not_picked":["Leap","Gash"],"picked":"Glacier","floor":29},{"not_picked":["Capacitor+1","Sweeping Beam"],"picked":"Doom and Gloom","floor":30},{"not_picked":["All For One","Core Surge"],"picked":"Echo Form","floor":33},{"not_picked":["Genetic Algorithm","Sunder"],"picked":"Redo+1","floor":35},{"not_picked":["Barrage+1","Hologram+1"],"picked":"Leap+1","floor":36},{"not_picked":["Forethought","Secret Technique"],"picked":"Master of Strategy","floor":37},{"not_picked":["Swift Strike","Impatience"],"picked":"Chrysalis","floor":37},{"not_picked":["Rebound+1","Cold Snap"],"picked":"White Noise+1","floor":39},{"not_picked":["Capacitor+1","Sweeping Beam"],"picked":"Stack","floor":40},{"not_picked":["Doom and Gloom","Coolheaded+1"],"picked":"Turbo+1","floor":42},{"not_picked":["Turbo","Compile Driver"],"picked":"Steam+1","floor":44},{"not_picked":["Sweeping Beam+1","Capacitor+1"],"picked":"Thunder Strike","floor":46}],"player_experience":291118,"relics_obtained":[{"floor":7,"key":"Gremlin Horn"},{"floor":9,"key":"Omamori"},{"floor":14,"key":"Shuriken"},{"floor":23,"key":"Bronze Scales"},{"floor":23,"key":"Happy Flower"},{"floor":26,"key":"Smiling Mask"},{"floor":40,"key":"Symbiotic Virus"},{"floor":40,"key":"Ginger"},{"floor":43,"key":"DataDisk"},{"floor":46,"key":"Unceasing Top"},{"floor":48,"key":"Vajra"}],"event_choices":[{"damage_healed":0,"gold_gain":175,"player_choice":"AGREE","damage_taken":0,"max_hp_gain":0,"max_hp_loss":0,"event_name":"Liars Game","floor":5,"gold_loss":0,"cards_obtained":["Doubt"]},{"cards_removed":["Strike_B"],"damage_healed":0,"gold_gain":0,"player_choice":"Card Removal","damage_taken":0,"max_hp_gain":0,"max_hp_loss":0,"event_name":"The Cleric","floor":11,"gold_loss":50},{"damage_healed":0,"gold_gain":0,"player_choice":"Simplicity","damage_taken":0,"max_hp_gain":0,"max_hp_loss":0,"event_name":"Back to Basics","floor":22,"gold_loss":0,"cards_upgraded":["Strike_B","Strike_B","Defend_B","Defend_B","Defend_B","Defend_B"]},{"damage_healed":0,"gold_gain":0,"player_choice":"Opened","damage_taken":0,"relics_obtained":["Blue Candle"],"max_hp_gain":0,"max_hp_loss":0,"event_name":"The Mausoleum","floor":24,"gold_loss":0,"cards_obtained":["Writhe"]},{"damage_healed":0,"gold_gain":0,"player_choice":"Fight","damage_taken":0,"max_hp_gain":0,"max_hp_loss":0,"event_name":"Colosseum","floor":31,"gold_loss":0},{"damage_healed":0,"gold_gain":0,"player_choice":"Fled From Nobs","damage_taken":0,"max_hp_gain":0,"max_hp_loss":0,"event_name":"Colosseum","floor":31,"gold_loss":0},{"damage_healed":0,"gold_gain":0,"player_choice":"Memory 2","damage_taken":5,"max_hp_gain":0,"max_hp_loss":0,"event_name":"SensoryStone","floor":37,"gold_loss":0},{"damage_healed":0,"gold_gain":0,"player_choice":"Fight","damage_taken":0,"max_hp_gain":0,"max_hp_loss":0,"event_name":"MindBloom","floor":46,"gold_loss":0}],"is_beta":false,"boss_relics":[{"not_picked":["Fusion Hammer","Snecko Eye"],"picked":"Black Star"},{"not_picked":["Tiny House","Calling Bell"],"picked":"Nuclear Battery"}],"items_purged_floors":[8,38,47],"is_endless":false,"potions_floor_spawned":[3,4,10,19,21,29,30,33,39,46],"ascension_level":0}