{"gold_per_floor":[119,137,25,39,39,39,64,75,145,145,157,177,212,228,228,328,328,328,328,328,328,328,328,328,328,328,328,328,328,288,34,34,34,34,34,34,34,34,34,34,34,34,34,34,34,34,34,34,34,34],"floor_reached":50,"playtime":5597,"items_purged":["Survivor"],"score":581,"play_id":"cddb1c4b-a73d-4709-9bf7-374b32692a16","local_time":"20190530013405","is_ascension_mode":true,"campfire_choices":[{"data":"Skewer","floor":6.0,"key":"SMITH"},{"floor":15.0,"key":"REST"},{"floor":23.0,"key":"REST"},{"data":"Noxious Fumes","floor":25.0,"key":"SMITH"},{"floor":28.0,"key":"REST"},{"floor":32.0,"key":"REST"},{"floor":40.0,"key":"REST"},{"floor":42.0,"key":"RECALL"},{"floor":44.0,"key":"REST"},{"floor":49,"key":"REST"}],"neow_cost":"NONE","seed_source_timestamp":2033768007443939,"circlet_count":0,"master_deck":["Defend_G+1","Defend_G+1","Defend_G+1","Defend_G+1","Defend_G+1","Strike_G+1","Strike_G+1","Strike_G+1","Strike_G+1","Strike_G+1","Neutralize+1","Dodge and Roll","Predator","Skewer+1","Well Laid Plans","Footwork","Backflip","Poisoned Stab","Dagger Spray","A Thousand Cuts","Cloak And Dagger","Infinite Blades","Storm of Steel+1","Terror","Catalyst+1","Footwork","Noxious Fumes+1","Dodge and Roll","Deadly Poison","Footwork+1"],"special_seed":0,"relics":["Ring of the Snake","Unceasing Top","Centennial Puzzle","Ectoplasm","Whetstone","Omamori","Blood Vial","Philosopher\u0027s Stone","WarpedTongs","Torii"],"potions_floor_usage":[48,50],"damage_taken":[{"damage":0.0,"enemies":"Small Slimes","floor":1.0,"turns":4.0},{"damage":0.0,"enemies":"2 Louse","floor":2.0,"turns":6.0},{"damage":0.0,"enemies":"Cultist","floor":4.0,"turns":3.0},{"damage":6.0,"enemies":"3 Sentries","floor":7.0,"turns":13.0},{"damage":12.0,"enemies":"Lots of Slimes","floor":8.0,"turns":5.0},{"damage":7.0,"enemies":"Exordium Wildlife","floor":11.0,"turns":7.0},{"damage":0.0,"enemies":"Large Slime","floor":12.0,"turns":6.0},{"damage":27.0,"enemies":"Gremlin Nob","floor":13.0,"turns":5.0},{"damage":7.0,"enemies":"Red Slaver","floor":14.0,"turns":4.0},{"damage":21.0,"enemies":"Hexaghost","floor":16.0,"turns":13.0},{"damage":5.0,"enemies":"3 Byrds","floor":18.0,"turns":4.0},{"damage":5.0,"enemies":"Chosen","floor":19.0,"turns":5.0},{"damage":9.0,"enemies":"Centurion and Healer","floor":20.0,"turns":6.0},{"damage":22.0,"enemies":"Snake Plant","floor":21.0,"turns":5.0},{"damage":6.0,"enemies":"Chosen and Byrds","floor":22.0,"turns":4.0},{"damage":10.0,"enemies":"Gremlin Leader","floor":24.0,"turns":5.0},{"damage":15.0,"enemies":"3 Cultists","floor":27.0,"turns":5.0},{"damage":9.0,"enemies":"Champ","floor":33.0,"turns":10.0},{"damage":11.0,"enemies":"Orb Walker","floor":35.0,"turns":4.0},{"damage":6.0,"enemies":"3 Shapes","floor":36.0,"turns":4.0},{"damage":31.0,"enemies":"Jaw Worm Horde","floor":37.0,"turns":6.0},{"damage":11.0,"enemies":"Maw","floor":39.0,"turns":6.0},{"damage":16.0,"enemies":"4 Shapes","floor":41.0,"turns":5.0},{"damage":9,"enemies":"Sphere and 2 Shapes","floor":45,"turns":6},{"damage":22,"enemies":"Jaw Worm Horde","floor":46,"turns":5},{"damage":12,"enemies":"4 Shapes","floor":47,"turns":5},{"damage":11,"enemies":"3 Darklings","floor":48,"turns":6},{"damage":41,"enemies":"Donu and Deca","floor":50,"turns":3}],"seed_played":"901913011005701904","potions_obtained":[{"floor":2.0,"key":"SkillPotion"},{"floor":4.0,"key":"LiquidBronze"},{"floor":8.0,"key":"FearPotion"},{"floor":13.0,"key":"SteroidPotion"},{"floor":16.0,"key":"Strength Potion"},{"floor":20.0,"key":"LiquidBronze"},{"floor":21.0,"key":"Fire Potion"},{"floor":33.0,"key":"PowerPotion"},{"floor":35.0,"key":"Poison Potion"},{"floor":41.0,"key":"Energy Potion"}],"is_trial":false,"path_per_floor":["M","M","$","M","?","R","E","M","T","?","M","M","E","M","R","B",null,"M","M","M","M","M","R","E","R","T","M","R","?","?","$","R","B",null,"M","M","M","?","M","R","M","R","T","R","M","M","M","M","R","B"],"character_chosen":"THE_SILENT","items_purchased":["Skewer","Well Laid Plans","Dodge and Roll","Blood Vial"],"campfire_rested":7,"item_purchase_floors":[3,3,31,31],"current_hp_per_floor":[70,70,70,70,75,75,69,57,57,57,50,50,23,16,38,17,75,70,65,56,34,28,50,40,40,40,25,47,47,47,47,69,62,75,64,60,31,31,22,44,30,30,30,52,45,25,15,6,28,0],"gold":34,"neow_bonus":"UPGRADE_CARD","is_prod":false,"is_daily":false,"chose_seed":false,"campfire_upgraded":2,"win_rate":0,"timestamp":1559194445,"path_taken":["M","M","$","M","?","R","E","M","T","?","M","?","E","M","R","BOSS","M","M","M","M","?","R","E","R","T","M","R","?","?","$","R","BOSS","M","M","M","?","?","R","M","R","T","R","M","M","M","M","R","BOSS"],"build_version":"2019-01-23","purchased_purges":1,"victory":false,"max_hp_per_floor":[70,70,70,70,75,75,75,75,75,75,75,75,75,75,75,75,75,75,75,75,75,75,75,75,75,75,75,75,75,75,75,75,75,75,75,75,75,75,75,75,75,75,75,75,75,75,75,75,75,75],"card_choices":[{"not_picked":["Flying Knee","Cloak And Dagger"],"picked":"Dodge and Roll","floor":1.0},{"not_picked":["Riddle With Holes","Sucker Punch"],"picked":"Predator","floor":2.0},{"not_picked":["Flechettes","Dagger Spray"],"picked":"Footwork","floor":4.0},{"not_picked":["PiercingWail","Underhanded Strike"],"picked":"Backflip","floor":7.0},{"not_picked":["Dagger Throw","Finisher"],"picked":"Poisoned Stab","floor":8.0},{"not_picked":["Dodge and Roll","Backflip"],"picked":"Dagger Spray","floor":11.0},{"not_picked":["Acrobatics","Poisoned Stab"],"picked":"A Thousand Cuts","floor":12.0},{"not_picked":["Reflex","Outmaneuver"],"picked":"Cloak And Dagger","floor":13.0},{"not_picked":["Backflip","Dodge and Roll"],"picked":"Infinite Blades","floor":14.0},{"not_picked":["Night Terror","Adrenaline"],"picked":"Storm of Steel","floor":16.0},{"not_picked":["Sucker Punch","Deadly Poison"],"picked":"Terror","floor":18.0},{"not_picked":["Prepared","Underhanded Strike","Slice"],"picked":"SKIP","floor":19.0},{"not_picked":["Acrobatics","Deadly Poison"],"picked":"Catalyst+1","floor":20.0},{"not_picked":["Backflip","Cloak And Dagger","Flying Knee+1"],"picked":"SKIP","floor":21.0},{"not_picked":["Dodge and Roll","Adrenaline"],"picked":"Footwork","floor":22.0},{"not_picked":["Masterful Stab+1","Expertise"],"picked":"Noxious Fumes","floor":24.0},{"not_picked":["Terror","Bane","Poisoned Stab"],"picked":"SKIP","floor":27.0},{"not_picked":["Underhanded Strike","All Out Attack"],"picked":"Deadly Poison","floor":35.0},{"not_picked":["Blur","Quick Slash+1","Distraction"],"picked":"SKIP","floor":36.0},{"not_picked":["Dodge and Roll","Tactician+1","Flying Knee"],"picked":"SKIP","floor":37.0},{"not_picked":["Well Laid Plans+1","Sucker Punch","Deadly Poison+1"],"picked":"SKIP","floor":39.0},{"not_picked":["Deflect+1","Setup"],"picked":"Footwork+1","floor":41.0},{"not_picked":["Concentrate","Predator+1","Acrobatics+1"],"picked":"SKIP","floor":45},{"not_picked":["Grand Finale","Expertise","Prepared"],"picked":"SKIP","floor":46},{"not_picked":["Quick Slash","Expertise+1","Catalyst"],"picked":"SKIP","floor":47},{"not_picked":["Flechettes+1","Predator","Quick Slash"],"picked":"SKIP","floor":48}],"player_experience":333266,"relics_obtained":[{"floor":7.0,"key":"Unceasing Top"},{"floor":13.0,"key":"Centennial Puzzle"},{"floor":24.0,"key":"Whetstone"},{"floor":26.0,"key":"Omamori"},{"floor":43.0,"key":"Torii"}],"event_choices":[{"damage_healed":0.0,"max_hp_gain":5.0,"max_hp_loss":0.0,"gold_gain":0.0,"event_name":"Big Fish","player_choice":"Donut","floor":5.0,"gold_loss":0.0,"damage_taken":0.0},{"damage_healed":0.0,"max_hp_gain":0.0,"max_hp_loss":0.0,"gold_gain":0.0,"event_name":"Match and Keep!","player_choice":"0 cards matched","floor":10.0,"gold_loss":0.0,"damage_taken":0.0,"cards_obtained":[]},{"damage_healed":0.0,"max_hp_gain":0.0,"max_hp_loss":0.0,"gold_gain":0.0,"event_name":"Back to Basics","player_choice":"Simplicity","floor":29.0,"gold_loss":0.0,"damage_taken":0.0,"cards_upgraded":["Defend_G","Defend_G","Defend_G","Defend_G","Defend_G","Strike_G","Strike_G","Strike_G"]},{"damage_healed":0.0,"max_hp_gain":0.0,"max_hp_loss":0.0,"gold_gain":0.0,"event_name":"Designer","player_choice":"Upgrade","floor":30.0,"gold_loss":40.0,"damage_taken":0.0,"cards_upgraded":["Storm of Steel"]},{"damage_healed":0.0,"max_hp_gain":0.0,"max_hp_loss":0.0,"gold_gain":0.0,"event_name":"Accursed Blacksmith","player_choice":"Rummage","floor":38.0,"gold_loss":0.0,"damage_taken":0.0,"relics_obtained":["WarpedTongs"],"cards_obtained":["Pain"]}],"is_beta":false,"boss_relics":[{"not_picked":["HoveringKite","Astrolabe"],"picked":"Ectoplasm"},{"not_picked":["Velvet Choker","Snecko Eye"],"picked":"Philosopher\u0027s Stone"}],"items_purged_floors":[31],"is_endless":false,"potions_floor_spawned":[2,4,8,13,16,20,21,33,35,36,41,46],"killed_by":"Donu and Deca","ascension_level":4}