{"gold_per_floor":[116,133,153,153,168,193,213,240,240,240],"floor_reached":10,"playtime":1594,"items_purged":[],"score":92,"play_id":"0c9952bd-4ef5-4688-abe7-d43bb4bc5a81","local_time":"20190518120419","is_ascension_mode":true,"campfire_choices":[],"neow_cost":"NONE","seed_source_timestamp":236320600110064,"circlet_count":0,"master_deck":["Strike_R","Strike_R","Strike_R","Strike_R","Defend_R","Defend_R","Defend_R","Defend_R","Bash","Heavy Blade","Whirlwind","Metallicize","Reaper","Metallicize","Whirlwind"],"special_seed":0,"relics":["Burning Blood","Letter Opener","Girya","Matryoshka"],"potions_floor_usage":[10],"damage_taken":[{"damage":6.0,"enemies":"Cultist","floor":1.0,"turns":3.0},{"damage":6.0,"enemies":"Small Slimes","floor":2.0,"turns":4.0},{"damage":4.0,"enemies":"2 Louse","floor":3.0,"turns":3.0},{"damage":0.0,"enemies":"Lots of Slimes","floor":5.0,"turns":1.0},{"damage":54.0,"enemies":"Lagavulin","floor":6.0,"turns":10.0},{"damage":22.0,"enemies":"Large Slime","floor":7.0,"turns":5.0},{"damage":25.0,"enemies":"3 Sentries","floor":8.0,"turns":12.0},{"damage":20,"enemies":"Lagavulin","floor":10,"turns":5}],"seed_played":"5395747343730647410","potions_obtained":[{"floor":1.0,"key":"FearPotion"},{"floor":3.0,"key":"GamblersBrew"},{"floor":8.0,"key":"SkillPotion"}],"is_trial":false,"path_per_floor":["M","M","M","?","M","E","M","E","T","E"],"character_chosen":"IRONCLAD","items_purchased":[],"campfire_rested":0,"item_purchase_floors":[],"current_hp_per_floor":[88,88,88,81,87,39,27,20,20,0],"gold":240,"neow_bonus":"TEN_PERCENT_HP_BONUS","is_prod":false,"is_daily":false,"chose_seed":false,"campfire_upgraded":0,"win_rate":0,"timestamp":1558161259,"path_taken":["M","M","M","?","M","E","M","E","T","E"],"build_version":"2019-01-23","purchased_purges":0,"victory":false,"max_hp_per_floor":[88,88,88,88,88,88,88,88,88,88],"card_choices":[{"not_picked":["Burning Pact","Armaments"],"picked":"Heavy Blade","floor":1.0},{"not_picked":["Armaments","Hemokinesis","Perfected Strike"],"picked":"SKIP","floor":2.0},{"not_picked":["Feel No Pain","Havoc"],"picked":"Whirlwind","floor":3.0},{"not_picked":["Sword Boomerang","Cleave"],"picked":"Metallicize","floor":5.0},{"not_picked":["Perfected Strike","Wild Strike"],"picked":"Reaper","floor":6.0},{"not_picked":["Cleave","Clothesline"],"picked":"Metallicize","floor":7.0},{"not_picked":["Anger","True Grit"],"picked":"Whirlwind","floor":8.0}],"player_experience":451028,"relics_obtained":[{"floor":6.0,"key":"Letter Opener"},{"floor":8.0,"key":"Girya"},{"floor":9.0,"key":"Matryoshka"}],"event_choices":[{"cards_removed":["Strike_R"],"damage_healed":0.0,"max_hp_gain":0.0,"max_hp_loss":0.0,"gold_gain":0.0,"event_name":"Golden Wing","player_choice":"Card Removal","floor":4.0,"gold_loss":0.0,"damage_taken":7.0}],"is_beta":false,"boss_relics":[],"items_purged_floors":[],"is_endless":false,"potions_floor_spawned":[1,3,8],"killed_by":"Lagavulin","ascension_level":3}