{"gold_per_floor":[117,117,117,131,50,75,88,108,108,133,153,166,200,215,215,287,287,300,216,97,112,129,129,129,129,129,164,184,203,221,235,235,235],"floor_reached":33,"playtime":1778,"items_purged":["Strike_G"],"score":580,"play_id":"1e5e9abb-6015-4c24-ac10-31a01b3afa33","local_time":"20190603220507","is_ascension_mode":true,"campfire_choices":[{"data":"Sucker Punch","floor":15.0,"key":"SMITH"},{"data":"Dodge and Roll","floor":23.0,"key":"SMITH"},{"data":"Noxious Fumes","floor":25,"key":"SMITH"},{"floor":32,"key":"REST"}],"neow_cost":"NONE","seed_source_timestamp":270948917216799,"circlet_count":0,"master_deck":["AscendersBane","Defend_G+1","Defend_G","Defend_G","Defend_G","Defend_G","Strike_G","Strike_G","Strike_G+1","Strike_G","Survivor","Neutralize+1","Bane","Dagger Spray","Noxious Fumes+1","Slice","Poisoned Stab","Predator","Sucker Punch+1","Endless Agony","Slice","Malaise","Blade Dance","Leg Sweep","Dodge and Roll+1","Backflip","Blade Dance"],"special_seed":0,"relics":["Ring of the Snake","NeowsBlessing","Juzu Bracelet","Meat on the Bone","Odd Mushroom","Shuriken","Sozu","Letter Opener","Art of War","Red Mask"],"potions_floor_usage":[24],"damage_taken":[{"damage":0.0,"enemies":"Small Slimes","floor":1.0,"turns":1.0},{"damage":0.0,"enemies":"Cultist","floor":4.0,"turns":1.0},{"damage":0.0,"enemies":"3 Sentries","floor":6.0,"turns":2.0},{"damage":13.0,"enemies":"Jaw Worm","floor":7.0,"turns":4.0},{"damage":0.0,"enemies":"2 Fungi Beasts","floor":8.0,"turns":4.0},{"damage":18.0,"enemies":"The Mushroom Lair","floor":10.0,"turns":4.0},{"damage":13.0,"enemies":"Exordium Thugs","floor":11.0,"turns":4.0},{"damage":8.0,"enemies":"Large Slime","floor":12.0,"turns":5.0},{"damage":17.0,"enemies":"Gremlin Nob","floor":13.0,"turns":4.0},{"damage":0.0,"enemies":"3 Louse","floor":14.0,"turns":3.0},{"damage":25.0,"enemies":"The Guardian","floor":16.0,"turns":12.0},{"damage":8.0,"enemies":"Spheric Guardian","floor":18.0,"turns":4.0},{"damage":5.0,"enemies":"Chosen","floor":21.0,"turns":4.0},{"damage":24.0,"enemies":"Snake Plant","floor":22.0,"turns":6.0},{"damage":0,"enemies":"Cultist and Chosen","floor":24,"turns":1},{"damage":21,"enemies":"Masked Bandits","floor":27,"turns":5},{"damage":13,"enemies":"Chosen and Byrds","floor":28,"turns":5},{"damage":9,"enemies":"Centurion and Healer","floor":29,"turns":7},{"damage":5,"enemies":"Snecko","floor":30,"turns":5},{"damage":3,"enemies":"Cultist and Chosen","floor":31,"turns":6},{"damage":65,"enemies":"Collector","floor":33,"turns":9}],"seed_played":"2633228071817463722","potions_obtained":[{"floor":1.0,"key":"SkillPotion"},{"floor":6.0,"key":"FearPotion"},{"floor":11.0,"key":"AttackPotion"},{"floor":12.0,"key":"SmokeBomb"}],"is_trial":false,"path_per_floor":["M","?","?","M","$","E","M","M","T","?","M","M","E","M","R","B",null,"M","?","$","M","M","R","M","R","T","?","M","M","M","M","R","B"],"character_chosen":"THE_SILENT","items_purchased":["Noxious Fumes","Leg Sweep"],"campfire_rested":1,"item_purchase_floors":[5,20],"current_hp_per_floor":[59,39,39,39,39,39,26,26,26,20,19,23,18,30,30,17,54,46,46,46,41,29,29,41,41,41,32,31,34,41,38,57,0],"gold":235,"neow_bonus":"THREE_ENEMY_KILL","is_prod":false,"is_daily":false,"chose_seed":false,"campfire_upgraded":3,"win_rate":0,"timestamp":1559613907,"path_taken":["M","?","?","?","?","E","M","M","T","?","M","M","E","M","R","BOSS","M","?","?","M","M","R","M","R","T","?","M","M","M","M","R","BOSS"],"build_version":"2019-01-23","purchased_purges":1,"victory":false,"max_hp_per_floor":[66,66,66,66,66,66,66,66,66,66,66,66,66,66,66,66,66,66,66,66,66,66,66,66,66,66,66,66,66,66,66,66,66],"card_choices":[{"not_picked":["Acrobatics","Prepared"],"picked":"Bane","floor":1.0},{"not_picked":["Choke","Deadly Poison"],"picked":"Dagger Spray","floor":4.0},{"not_picked":["Bullet Time","Infinite Blades"],"picked":"Slice","floor":6.0},{"not_picked":["Sucker Punch","Blur"],"picked":"Poisoned Stab","floor":7.0},{"not_picked":["Blade Dance","Dagger Spray","Setup"],"picked":"SKIP","floor":8.0},{"not_picked":["Noxious Fumes","Well Laid Plans"],"picked":"Predator","floor":11.0},{"not_picked":["Skewer","Storm of Steel"],"picked":"Sucker Punch","floor":12.0},{"not_picked":["Calculated Gamble","Underhanded Strike"],"picked":"Endless Agony","floor":13.0},{"not_picked":["Sucker Punch","Deadly Poison"],"picked":"Slice","floor":14.0},{"not_picked":["Wraith Form v2","Grand Finale"],"picked":"Malaise","floor":16.0},{"not_picked":["Bane","Dagger Spray"],"picked":"Blade Dance","floor":18.0},{"not_picked":["Sucker Punch","Bane","Poisoned Stab"],"picked":"SKIP","floor":21.0},{"not_picked":["Crippling Poison","Infinite Blades"],"picked":"Dodge and Roll","floor":22.0},{"not_picked":["Heel Hook","After Image"],"picked":"Backflip","floor":28},{"not_picked":["Flying Knee","Setup+1","Slice"],"picked":"SKIP","floor":29},{"not_picked":["Deadly Poison","Choke","Dagger Spray"],"picked":"SKIP","floor":30},{"not_picked":["Prepared","Bane"],"picked":"Blade Dance","floor":31}],"player_experience":766375,"relics_obtained":[{"floor":6.0,"key":"Juzu Bracelet"},{"floor":9.0,"key":"Meat on the Bone"},{"floor":10.0,"key":"Odd Mushroom"},{"floor":13.0,"key":"Shuriken"},{"floor":26,"key":"Art of War"},{"floor":27,"key":"Red Mask"}],"event_choices":[{"damage_healed":0.0,"max_hp_gain":0.0,"max_hp_loss":0.0,"gold_gain":0.0,"event_name":"Shining Light","player_choice":"Entered Light","floor":2.0,"gold_loss":0.0,"damage_taken":20.0,"cards_upgraded":["Strike_G","Defend_G"]},{"damage_healed":0.0,"max_hp_gain":0.0,"max_hp_loss":0.0,"gold_gain":0.0,"event_name":"Accursed Blacksmith","player_choice":"Forge","floor":3.0,"gold_loss":0.0,"damage_taken":0.0,"cards_upgraded":["Neutralize"]},{"damage_healed":0.0,"max_hp_gain":0.0,"max_hp_loss":0.0,"gold_gain":0.0,"event_name":"Mushrooms","player_choice":"Fought Mushrooms","floor":10.0,"gold_loss":0.0,"damage_taken":0.0},{"damage_healed":0.0,"max_hp_gain":0.0,"max_hp_loss":0.0,"gold_gain":0.0,"event_name":"WeMeetAgain","player_choice":"Paid Gold","floor":19.0,"gold_loss":84.0,"damage_taken":0.0,"relics_obtained":["Letter Opener"]},{"damage_healed":0,"gold_gain":0,"player_choice":"Fought Bandits","damage_taken":0,"max_hp_gain":0,"max_hp_loss":0,"event_name":"Masked Bandits","floor":27,"gold_loss":0}],"is_beta":false,"boss_relics":[{"not_picked":["Velvet Choker","Runic Dome"],"picked":"Sozu"}],"items_purged_floors":[20],"is_endless":false,"potions_floor_spawned":[1,6,11,12,24,27,29],"killed_by":"Collector","ascension_level":20}