{"gold_per_floor":[114,127,202,202,216,216,244,254,322,282,296,313,313,313],"floor_reached":14,"playtime":346,"items_purged":[],"score":124,"play_id":"499958dd-9013-4a62-b091-56dc100fc7fc","local_time":"20190323204405","is_ascension_mode":true,"campfire_choices":[{"data":"Demon Form","floor":6,"key":"SMITH"}],"neow_cost":"PERCENT_DAMAGE","seed_source_timestamp":423052468640808,"circlet_count":0,"master_deck":["Strike_R","Strike_R","Strike_R","Strike_R","Defend_R+1","Defend_R","Defend_R","Defend_R","Bash+1","Demon Form+1","Shockwave","Evolve","Intimidate","Anger","Armaments","Seeing Red"],"relics":["Burning Blood","Incense Burner","Self Forming Clay"],"potions_floor_usage":[11,12,14],"damage_taken":[{"damage":14,"enemies":"Small Slimes","floor":1,"turns":4},{"damage":5,"enemies":"2 Louse","floor":2,"turns":3},{"damage":5,"enemies":"Cultist","floor":5,"turns":5},{"damage":15,"enemies":"Lagavulin","floor":7,"turns":6},{"damage":6,"enemies":"Looter","floor":8,"turns":4},{"damage":0,"enemies":"Blue Slaver","floor":11,"turns":4},{"damage":19,"enemies":"Gremlin Gang","floor":12,"turns":5},{"damage":13,"enemies":"Large Slime","floor":14,"turns":2}],"seed_played":"-7256967145400398634","potions_obtained":[{"floor":2,"key":"SpeedPotion"},{"floor":8,"key":"Fire Potion"},{"floor":10,"key":"Block Potion"},{"floor":11,"key":"LiquidBronze"},{"floor":12,"key":"EssenceOfSteel"}],"is_trial":false,"path_per_floor":["M","M","?","?","M","R","E","M","T","?","M","M","?","M"],"character_chosen":"IRONCLAD","items_purchased":[],"campfire_rested":0,"item_purchase_floors":[],"current_hp_per_floor":[43,44,33,33,34,34,25,25,25,25,31,18,2,0],"gold":313,"neow_bonus":"THREE_RARE_CARDS","is_prod":false,"is_daily":false,"chose_seed":false,"campfire_upgraded":1,"win_rate":0,"timestamp":1553341445,"path_taken":["M","M","?","?","M","R","E","M","T","?","M","?","?","M"],"build_version":"2019-01-23","purchased_purges":0,"victory":false,"max_hp_per_floor":[80,80,80,80,80,80,80,80,80,80,80,80,80,80],"card_choices":[{"not_picked":["Double Tap","Offering"],"picked":"Demon Form","floor":0},{"not_picked":["Heavy Blade","Shrug It Off"],"picked":"Shockwave","floor":1},{"not_picked":["Havoc","Flex"],"picked":"Evolve","floor":2},{"not_picked":["Hemokinesis","Searing Blow","Bloodletting"],"picked":"SKIP","floor":5},{"not_picked":["Metallicize","Armaments"],"picked":"Anger","floor":7},{"not_picked":["Havoc","Thunderclap","Brutality"],"picked":"SKIP","floor":8},{"not_picked":["Burning Pact","Warcry"],"picked":"Armaments","floor":11},{"not_picked":["Headbutt","Body Slam"],"picked":"Seeing Red","floor":12}],"player_experience":383985,"relics_obtained":[{"floor":7,"key":"Incense Burner"},{"floor":9,"key":"Self Forming Clay"}],"event_choices":[{"damage_healed":0,"gold_gain":75,"player_choice":"Gather Gold","damage_taken":11,"max_hp_gain":0,"max_hp_loss":0,"event_name":"World of Goop","floor":3,"gold_loss":0},{"damage_healed":0,"gold_gain":0,"cards_transformed":["Strike_R"],"player_choice":"Change","damage_taken":0,"max_hp_gain":0,"max_hp_loss":0,"event_name":"Living Wall","floor":4,"gold_loss":0,"cards_obtained":["Intimidate"]},{"damage_healed":0,"gold_gain":0,"player_choice":"Bought 3 Potions","damage_taken":0,"max_hp_gain":0,"max_hp_loss":0,"event_name":"The Woman in Blue","floor":10,"gold_loss":0},{"damage_healed":0,"gold_gain":0,"player_choice":"Entered Light","damage_taken":16,"max_hp_gain":0,"max_hp_loss":0,"event_name":"Shining Light","floor":13,"gold_loss":0,"cards_upgraded":["Defend_R","Bash"]}],"is_beta":false,"boss_relics":[],"items_purged_floors":[],"is_endless":false,"potions_floor_spawned":[2,8,11,12],"killed_by":"Large Slime","ascension_level":7}