{"gold_per_floor":[119,138,213,213,47,74,74,108,183,195,195,208,208,233,233,305,305,316,335,260,274,274,274,287,287,287,287,305,355,368,385,385,461,461,475,530,23,42,42,42,58,74,153,0,13,13,13,24,24,24,24],"floor_reached":52,"playtime":2860,"items_purged":["Defend_G"],"score":1998,"play_id":"7dd791a2-eae2-4fab-a5af-5952e61e3d23","local_time":"20190604005510","is_ascension_mode":true,"campfire_choices":[{"data":"Neutralize","floor":13.0,"key":"SMITH"},{"data":"Noxious Fumes","floor":15.0,"key":"SMITH"},{"data":"Catalyst","floor":23.0,"key":"SMITH"},{"floor":25.0,"key":"REST"},{"floor":32.0,"key":"REST"},{"data":"Venomology","floor":40.0,"key":"SMITH"},{"data":"Burst","floor":47.0,"key":"SMITH"},{"data":"Bouncing Flask","floor":49.0,"key":"SMITH"}],"neow_cost":"NONE","seed_source_timestamp":280134122848000,"circlet_count":0,"master_deck":["AscendersBane","Defend_G","Defend_G","Defend_G","Survivor","Neutralize+1","Poisoned Stab","Dagger Spray","Malaise","Catalyst+1","Deflect","Backflip","Flying Knee","Noxious Fumes+1","Burst+1","Infinite Blades+1","Choke+1","Poisoned Stab+1","PiercingWail","Deadly Poison","Backflip","Deadly Poison+1","Deflect","Venomology+1","Bouncing Flask+1","Dodge and Roll","Escape Plan","Deflect+1","Blur"],"special_seed":0,"relics":["Ring of the Snake","NeowsBlessing","Anchor","Oddly Smooth Stone","Omamori","WarpedTongs","Du-Vu Doll","Ornamental Fan","Orichalcum","Astrolabe","Paper Crane","Letter Opener","Philosopher\u0027s Stone","Girya","Membership Card","FossilizedHelix","Art of War","Darkstone Periapt","Red Mask"],"potions_floor_usage":[51,51],"damage_taken":[{"damage":0.0,"enemies":"Cultist","floor":1.0,"turns":1.0},{"damage":0.0,"enemies":"Small Slimes","floor":2.0,"turns":1.0},{"damage":0.0,"enemies":"Gremlin Nob","floor":6.0,"turns":1.0},{"damage":18.0,"enemies":"3 Sentries","floor":8.0,"turns":11.0},{"damage":0.0,"enemies":"2 Louse","floor":10.0,"turns":1.0},{"damage":0.0,"enemies":"Red Slaver","floor":12.0,"turns":3.0},{"damage":26.0,"enemies":"Gremlin Nob","floor":14.0,"turns":6.0},{"damage":0.0,"enemies":"Hexaghost","floor":16.0,"turns":8.0},{"damage":15.0,"enemies":"3 Byrds","floor":18.0,"turns":5.0},{"damage":7.0,"enemies":"2 Thieves","floor":19.0,"turns":4.0},{"damage":0.0,"enemies":"Snake Plant","floor":21.0,"turns":5.0},{"damage":21.0,"enemies":"Shelled Parasite and Fungi","floor":24.0,"turns":5.0},{"damage":2.0,"enemies":"Centurion and Healer","floor":28.0,"turns":7.0},{"damage":6.0,"enemies":"3 Cultists","floor":30.0,"turns":5.0},{"damage":0.0,"enemies":"Snake Plant","floor":31.0,"turns":6.0},{"damage":27.0,"enemies":"Collector","floor":33.0,"turns":7.0},{"damage":0.0,"enemies":"3 Shapes","floor":35.0,"turns":5.0},{"damage":21.0,"enemies":"2 Orb Walkers","floor":36.0,"turns":4.0},{"damage":0.0,"enemies":"Orb Walker","floor":38.0,"turns":3.0},{"damage":0.0,"enemies":"Maw","floor":41.0,"turns":8.0},{"damage":0.0,"enemies":"3 Darklings","floor":42.0,"turns":5.0},{"damage":0.0,"enemies":"Sphere and 2 Shapes","floor":45.0,"turns":4.0},{"damage":0.0,"enemies":"Writhing Mass","floor":48.0,"turns":5.0},{"damage":53.0,"enemies":"Donu and Deca","floor":50.0,"turns":9.0},{"damage":0,"enemies":"Time Eater","floor":51,"turns":9}],"seed_played":"5950198026657721683","potions_obtained":[{"floor":1.0,"key":"Regen Potion"},{"floor":2.0,"key":"GamblersBrew"},{"floor":12.0,"key":"Regen Potion"},{"floor":14.0,"key":"SpeedPotion"},{"floor":16.0,"key":"PowerPotion"},{"floor":19.0,"key":"Swift Potion"},{"floor":21.0,"key":"Block Potion"},{"floor":38.0,"key":"SkillPotion"}],"is_trial":false,"path_per_floor":["M","M","?","?","$","E","?","E","T","M","?","M","R","E","R","B",null,"M","M","?","M","?","R","M","R","T","T","M","?","M","M","R","B",null,"M","?","$","M","?","R","M","M","T","?","M","?","R","M","R","B","B",null],"character_chosen":"THE_SILENT","items_purchased":["Oddly Smooth Stone","Membership Card","FossilizedHelix","Art of War"],"campfire_rested":2,"item_purchase_floors":[5,37,37,37],"current_hp_per_floor":[59,59,48,37,37,37,37,19,19,19,19,19,19,12,12,12,53,38,31,31,31,31,31,10,29,29,29,27,27,21,21,40,13,53,53,32,32,32,32,32,32,32,32,32,32,54,54,54,54,1,1],"gold":24,"neow_bonus":"THREE_ENEMY_KILL","is_prod":false,"is_daily":false,"chose_seed":false,"campfire_upgraded":6,"win_rate":0,"timestamp":1559624110,"path_taken":["M","M","?","?","$","E","?","E","T","?","?","M","R","E","R","BOSS","M","M","?","M","?","R","?","R","T","?","M","?","M","?","R","BOSS","M","?","$","M","?","R","M","M","T","?","M","?","R","M","R","BOSS","BOSS"],"build_version":"2019-01-23","purchased_purges":1,"victory":true,"max_hp_per_floor":[66,66,66,66,66,66,66,66,66,66,66,66,66,66,66,66,66,66,66,66,66,66,66,66,66,66,66,66,66,66,66,66,66,66,66,66,66,66,66,66,66,66,66,66,66,54,54,54,54,54,54],"card_choices":[{"not_picked":["Deadly Poison","Acrobatics"],"picked":"Poisoned Stab","floor":1.0},{"not_picked":["Endless Agony","Finisher"],"picked":"Dagger Spray","floor":2.0},{"not_picked":["Flying Knee","Blur"],"picked":"Malaise","floor":6.0},{"not_picked":["Deadly Poison","Poisoned Stab"],"picked":"Catalyst","floor":8.0},{"not_picked":["All Out Attack","Acrobatics"],"picked":"Deflect","floor":10.0},{"not_picked":["PiercingWail","Setup"],"picked":"Flying Knee","floor":12.0},{"not_picked":["Terror","Slice"],"picked":"Noxious Fumes","floor":14.0},{"not_picked":["Phantasmal Killer","Doppelganger"],"picked":"Burst","floor":16.0},{"not_picked":["Sucker Punch","Acrobatics"],"picked":"Poisoned Stab+1","floor":18.0},{"not_picked":["Poisoned Stab","Flying Knee"],"picked":"PiercingWail","floor":19.0},{"not_picked":["Sucker Punch+1","Bullet Time","Dagger Throw"],"picked":"SKIP","floor":21.0},{"not_picked":["Bane","Quick Slash"],"picked":"Backflip","floor":24.0},{"not_picked":["Poisoned Stab","Doppelganger"],"picked":"Deadly Poison+1","floor":28.0},{"not_picked":["Prepared","Acrobatics","Flying Knee"],"picked":"SKIP","floor":30.0},{"not_picked":["PiercingWail","Underhanded Strike"],"picked":"Deflect","floor":31.0},{"not_picked":["Unload","Doppelganger"],"picked":"Venomology","floor":33.0},{"not_picked":["Underhanded Strike+1","Masterful Stab"],"picked":"Bouncing Flask","floor":35.0},{"not_picked":["Bane+1","Underhanded Strike"],"picked":"Dodge and Roll","floor":36.0},{"not_picked":["Dagger Spray","Blade Dance"],"picked":"Escape Plan","floor":38.0},{"not_picked":["Dodge and Roll","Dagger Spray","Calculated Gamble"],"picked":"SKIP","floor":41.0},{"not_picked":["Backstab+1","Acrobatics"],"picked":"Deflect+1","floor":42.0},{"not_picked":["Accuracy","Slice"],"picked":"Blur","floor":45.0},{"not_picked":["Riddle With Holes","Dagger Throw+1","Poisoned Stab"],"picked":"SKIP","floor":48.0}],"player_experience":770600,"relics_obtained":[{"floor":6.0,"key":"Omamori"},{"floor":8.0,"key":"Du-Vu Doll"},{"floor":9.0,"key":"Ornamental Fan"},{"floor":14.0,"key":"Orichalcum"},{"floor":26.0,"key":"Paper Crane"},{"floor":27.0,"key":"Letter Opener"},{"floor":36.0,"key":"Girya"},{"floor":43.0,"key":"Darkstone Periapt"}],"event_choices":[{"damage_healed":0.0,"max_hp_gain":0.0,"max_hp_loss":0.0,"gold_gain":75.0,"event_name":"World of Goop","player_choice":"Gather Gold","floor":3.0,"gold_loss":0.0,"damage_taken":11.0},{"damage_healed":0.0,"max_hp_gain":0.0,"max_hp_loss":0.0,"gold_gain":0.0,"event_name":"Scrap Ooze","player_choice":"Success","floor":4.0,"gold_loss":0.0,"damage_taken":11.0,"relics_obtained":["Anchor"]},{"damage_healed":0.0,"max_hp_gain":0.0,"max_hp_loss":0.0,"gold_gain":0.0,"event_name":"Accursed Blacksmith","player_choice":"Rummage","floor":7.0,"gold_loss":0.0,"damage_taken":0.0,"relics_obtained":["WarpedTongs"],"cards_obtained":["Pain"]},{"damage_healed":0.0,"max_hp_gain":0.0,"max_hp_loss":0.0,"gold_gain":0.0,"cards_transformed":["Strike_G"],"event_name":"Living Wall","player_choice":"Change","floor":11.0,"gold_loss":0.0,"damage_taken":0.0,"cards_obtained":["Backflip"]},{"cards_removed":["Strike_G"],"damage_healed":0.0,"max_hp_gain":0.0,"max_hp_loss":0.0,"gold_gain":0.0,"event_name":"Beggar","player_choice":"Gave Gold","floor":20.0,"gold_loss":75.0,"damage_taken":0.0},{"damage_healed":0.0,"max_hp_gain":0.0,"max_hp_loss":0.0,"gold_gain":0.0,"cards_transformed":["Defend_G"],"event_name":"Transmorgrifier","player_choice":"Transformed","floor":22.0,"gold_loss":0.0,"damage_taken":0.0,"cards_obtained":["Deadly Poison"]},{"damage_healed":0.0,"max_hp_gain":0.0,"max_hp_loss":0.0,"gold_gain":100.0,"event_name":"The Joust","player_choice":"Bet on Murderer","floor":29.0,"gold_loss":50.0,"damage_taken":0.0},{"damage_healed":0.0,"max_hp_gain":0.0,"max_hp_loss":0.0,"gold_gain":0.0,"event_name":"Mysterious Sphere","player_choice":"Fight","floor":36.0,"gold_loss":0.0,"damage_taken":0.0},{"cards_removed":["Flying Knee"],"damage_healed":0.0,"max_hp_gain":0.0,"max_hp_loss":0.0,"gold_gain":0.0,"event_name":"Falling","player_choice":"Removed Attack","floor":39.0,"gold_loss":0.0,"damage_taken":0.0},{"damage_healed":0.0,"max_hp_gain":0.0,"max_hp_loss":0.0,"gold_gain":0.0,"event_name":"Tomb of Lord Red Mask","player_choice":"Paid","floor":44.0,"gold_loss":153.0,"damage_taken":0.0,"relics_obtained":["Red Mask"]},{"damage_healed":54.0,"max_hp_gain":0.0,"max_hp_loss":12.0,"gold_gain":0.0,"event_name":"The Moai Head","player_choice":"Heal","floor":46.0,"gold_loss":0.0,"damage_taken":0.0}],"is_beta":false,"boss_relics":[{"not_picked":["Sozu","Pandora\u0027s Box"],"picked":"Astrolabe"},{"not_picked":["WristBlade","Orrery"],"picked":"Philosopher\u0027s Stone"}],"items_purged_floors":[37],"is_endless":false,"potions_floor_spawned":[1,2,12,14,16,19,21,31,38,42],"ascension_level":20}