{"gold_per_floor":[110,110,122,141,160,191,191,216,242,242],"floor_reached":10,"playtime":885,"items_purged":[],"score":105,"play_id":"bb1bc4dc-f7c5-463a-89a4-c3bf3d59a00c","local_time":"20190524055147","is_ascension_mode":true,"campfire_choices":[{"data":"Armaments","floor":7.0,"key":"SMITH"}],"neow_cost":"NONE","seed_source_timestamp":439039727718463,"circlet_count":0,"master_deck":["Strike_R","Strike_R","Strike_R","Strike_R","Strike_R","Defend_R","Defend_R","Defend_R","Defend_R","Bash","Armaments+1","Pommel Strike","Battle Trance","Headbutt","Shrug It Off","Shockwave"],"special_seed":0,"relics":["Burning Blood","Ornamental Fan","Bag of Preparation","PreservedInsect","Orichalcum"],"potions_floor_usage":[],"damage_taken":[{"damage":8.0,"enemies":"2 Louse","floor":1.0,"turns":4.0},{"damage":5.0,"enemies":"Cultist","floor":3.0,"turns":4.0},{"damage":4.0,"enemies":"Small Slimes","floor":4.0,"turns":4.0},{"damage":21.0,"enemies":"Gremlin Gang","floor":5.0,"turns":13.0},{"damage":18.0,"enemies":"3 Sentries","floor":6.0,"turns":12.0},{"damage":47.0,"enemies":"Lagavulin","floor":8.0,"turns":11.0},{"damage":15,"enemies":"3 Sentries","floor":10,"turns":2}],"seed_played":"-841081767472112314","potions_obtained":[{"floor":1.0,"key":"AttackPotion"},{"floor":4.0,"key":"Block Potion"}],"is_trial":false,"path_per_floor":["M","?","M","M","M","E","R","E","T","E"],"character_chosen":"IRONCLAD","items_purchased":[],"campfire_rested":0,"item_purchase_floors":[],"current_hp_per_floor":[78,78,79,81,66,54,54,13,13,0],"gold":242,"neow_bonus":"TEN_PERCENT_HP_BONUS","is_prod":false,"is_daily":false,"chose_seed":false,"campfire_upgraded":1,"win_rate":0,"timestamp":1558657307,"path_taken":["M","?","M","M","?","E","R","E","T","E"],"build_version":"2019-01-23","purchased_purges":0,"victory":false,"max_hp_per_floor":[88,88,88,88,88,88,88,88,88,88],"card_choices":[{"not_picked":["Searing Blow","Headbutt"],"picked":"Armaments","floor":1.0},{"not_picked":["Warcry","True Grit"],"picked":"Pommel Strike","floor":3.0},{"not_picked":["Infernal Blade","Bloodletting"],"picked":"Battle Trance","floor":4.0},{"not_picked":["Wild Strike","Pummel"],"picked":"Headbutt","floor":5.0},{"not_picked":["Body Slam","Burning Pact"],"picked":"Shrug It Off","floor":6.0},{"not_picked":["Flex","Dual Wield"],"picked":"Shockwave","floor":8.0}],"player_experience":696046,"relics_obtained":[{"floor":6.0,"key":"Bag of Preparation"},{"floor":8.0,"key":"PreservedInsect"},{"floor":9.0,"key":"Orichalcum"}],"event_choices":[{"damage_healed":0.0,"max_hp_gain":0.0,"max_hp_loss":0.0,"gold_gain":0.0,"event_name":"WeMeetAgain","player_choice":"Gave Potion","floor":2.0,"gold_loss":0.0,"damage_taken":0.0,"relics_obtained":["Ornamental Fan"]}],"is_beta":false,"boss_relics":[],"items_purged_floors":[],"is_endless":false,"potions_floor_spawned":[1,4],"killed_by":"3 Sentries","ascension_level":7}