{"gold_per_floor":[113,38,38,38,53,53,86,86,86,99,112,130,130,205,205,303,303,314,327,327,426,14,46,46],"floor_reached":24,"playtime":620,"items_purged":["Strike_R","Strike_R"],"score":214,"play_id":"d7e5ec26-1e13-47bc-a08b-9e2097ee9ad3","local_time":"20190528152709","is_ascension_mode":false,"campfire_choices":[{"data":"Defend_R","floor":6.0,"key":"SMITH"},{"data":"Carnage","floor":8.0,"key":"SMITH"},{"data":"Ghostly Armor","floor":15,"key":"SMITH"}],"neow_cost":"NONE","seed_source_timestamp":106309311459411,"circlet_count":0,"master_deck":["Strike_R","Defend_R+1","Defend_R","Bash+1","Carnage+1","Ghostly Armor+1","Cleave","Fiend Fire","Shockwave"],"special_seed":0,"relics":["Burning Blood","Dead Branch","Mercury Hourglass","Empty Cage","Blue Candle","Art of War"],"potions_floor_usage":[16,16,23,23,24],"damage_taken":[{"damage":1.0,"enemies":"Cultist","floor":1.0,"turns":4.0},{"damage":5.0,"enemies":"Jaw Worm","floor":5.0,"turns":4.0},{"damage":27.0,"enemies":"Gremlin Nob","floor":7.0,"turns":4.0},{"damage":5.0,"enemies":"Small Slimes","floor":10.0,"turns":2.0},{"damage":0,"enemies":"3 Louse","floor":11,"turns":3},{"damage":5,"enemies":"Looter","floor":12,"turns":2},{"damage":17,"enemies":"Hexaghost","floor":16,"turns":7},{"damage":5,"enemies":"Spheric Guardian","floor":18,"turns":4},{"damage":0,"enemies":"Chosen","floor":19,"turns":3},{"damage":28,"enemies":"Gremlin Leader","floor":23,"turns":4},{"damage":24,"enemies":"Colosseum Slavers","floor":24,"turns":3},{"damage":49,"enemies":"Colosseum Nobs","floor":24,"turns":4}],"seed_played":"-1354330498747761573","potions_obtained":[{"floor":1.0,"key":"Ancient Potion"},{"floor":11,"key":"Poison Potion"},{"floor":12,"key":"SteroidPotion"},{"floor":19,"key":"BloodPotion"}],"is_trial":false,"path_per_floor":["M","$","?","?","M","R","E","R","T","M","M","M","?","?","R","B",null,"M","M","?","?","$","E","?"],"character_chosen":"IRONCLAD","items_purchased":["Blue Candle","PowerPotion"],"campfire_rested":0,"item_purchase_floors":[22,22],"current_hp_per_floor":[80,80,80,80,80,80,59,59,59,60,66,67,67,56,56,45,80,80,80,80,80,80,58,0],"gold":46,"neow_bonus":"UPGRADE_CARD","is_prod":false,"is_daily":false,"chose_seed":false,"campfire_upgraded":3,"win_rate":0,"timestamp":1559050029,"path_taken":["M","$","?","?","M","R","E","R","T","M","?","M","?","?","R","BOSS","M","M","?","?","$","E","?"],"build_version":"2019-01-23","purchased_purges":2,"victory":false,"max_hp_per_floor":[80,80,80,80,80,80,80,80,80,80,80,80,80,80,80,80,80,80,80,80,80,80,80,80],"card_choices":[{"not_picked":["Infernal Blade","Flex","True Grit"],"picked":"SKIP","floor":1.0},{"not_picked":["Infernal Blade","Flex","True Grit"],"picked":"SKIP","floor":1.0},{"not_picked":["Perfected Strike","Armaments","Headbutt"],"picked":"SKIP","floor":5.0},{"not_picked":["Searing Blow","Perfected Strike"],"picked":"Carnage","floor":7.0},{"not_picked":["Wild Strike","Pommel Strike","Iron Wave"],"picked":"SKIP","floor":10.0},{"not_picked":["Flex","Iron Wave"],"picked":"Ghostly Armor","floor":11},{"not_picked":["Pommel Strike","Flex"],"picked":"Cleave","floor":12},{"not_picked":["Barricade","Reaper"],"picked":"Fiend Fire","floor":16},{"not_picked":["Spot Weakness","Clash+1","Cleave"],"picked":"SKIP","floor":18},{"not_picked":["Inflame+1","Cleave","Armaments+1"],"picked":"SKIP","floor":19},{"not_picked":["Heavy Blade","Inflame","Armaments"],"picked":"SKIP","floor":23}],"player_experience":98738,"relics_obtained":[{"floor":7.0,"key":"Dead Branch"},{"floor":9.0,"key":"Mercury Hourglass"},{"floor":23,"key":"Art of War"}],"event_choices":[{"damage_healed":0.0,"max_hp_gain":0.0,"max_hp_loss":0.0,"gold_gain":0.0,"event_name":"The Cleric","player_choice":"Leave","floor":3.0,"gold_loss":0.0,"damage_taken":0.0},{"cards_removed":["Defend_R"],"damage_healed":0.0,"max_hp_gain":0.0,"max_hp_loss":0.0,"gold_gain":0.0,"event_name":"Purifier","player_choice":"Purged","floor":4.0,"gold_loss":0.0,"damage_taken":0.0},{"cards_removed":["Strike_R"],"damage_healed":0,"gold_gain":0,"player_choice":"Forget","damage_taken":0,"max_hp_gain":0,"max_hp_loss":0,"event_name":"Living Wall","floor":13,"gold_loss":0},{"damage_healed":0,"gold_gain":75,"player_choice":"Gather Gold","damage_taken":11,"max_hp_gain":0,"max_hp_loss":0,"event_name":"World of Goop","floor":14,"gold_loss":0},{"damage_healed":0,"gold_gain":0,"player_choice":"Read","damage_taken":0,"max_hp_gain":0,"max_hp_loss":0,"event_name":"The Library","floor":20,"gold_loss":0,"cards_obtained":["Shockwave"]},{"damage_healed":0,"gold_gain":99,"player_choice":"Stole From Cult","damage_taken":0,"max_hp_gain":0,"max_hp_loss":0,"event_name":"Nest","floor":21,"gold_loss":0},{"damage_healed":0,"gold_gain":0,"player_choice":"Fight","damage_taken":0,"max_hp_gain":0,"max_hp_loss":0,"event_name":"Colosseum","floor":24,"gold_loss":0},{"damage_healed":0,"gold_gain":0,"player_choice":"Fought Nobs","damage_taken":0,"max_hp_gain":0,"max_hp_loss":0,"event_name":"Colosseum","floor":24,"gold_loss":0}],"is_beta":false,"boss_relics":[{"not_picked":["Runic Dome","Velvet Choker"],"picked":"Empty Cage"}],"items_purged_floors":[2,22],"is_endless":false,"potions_floor_spawned":[1,11,12,19],"killed_by":"Colosseum Nobs","ascension_level":0}