{"gold_per_floor":[118,193,193,210,210,210,240,240,240,256,95,95,58,58,58,157,157,169,202,212,127,27,27,57,57,57,70,70,100,100,117,117,214,214,233,252,93,106,123,123,138,138,188,201,220,17,117,117,117,117],"floor_reached":51,"playtime":4948,"items_purged":["Strike_G","Strike_G","Strike_G","Defend_G"],"score":658,"play_id":"d3f1a35d-594a-4dbf-8390-0d35dcd7fe9f","local_time":"20190112142136","is_ascension_mode":false,"campfire_choices":[{"floor":6,"key":"REST"},{"floor":8,"key":"REST"},{"data":"Poisoned Stab","floor":12,"key":"SMITH"},{"data":"Noxious Fumes","floor":15,"key":"SMITH"},{"data":"Corpse Explosion","floor":23,"key":"SMITH"},{"data":"Neutralize","floor":25,"key":"SMITH"},{"data":"Blur","floor":28,"key":"SMITH"},{"floor":32,"key":"REST"},{"data":"Backflip","floor":40,"key":"SMITH"},{"data":"Defend_G","floor":49,"key":"PURGE"}],"neow_cost":"NONE","seed_source_timestamp":229172331106154,"circlet_count":0,"master_deck":["Defend_G","Defend_G","Defend_G","Strike_G","Strike_G","Survivor","Neutralize+1","Poisoned Stab+1","Blur+1","Poisoned Stab+1","Backflip+1","Flash of Steel+1","Noxious Fumes+1","Corpse Explosion+1","Bane+1","Quick Slash+1","Escape Plan","Footwork+1","Acrobatics+1","Backflip","Outmaneuver+1","Bane+1"],"relics":["Ring of the Snake","Regal Pillow","Molten Egg 2","Shuriken","Mercury Hourglass","Ornamental Fan","Busted Crown","Red Mask","Frozen Egg 2","Blood Vial","Pantograph","Peace Pipe","Eternal Feather","Lantern","StoneCalendar"],"potions_floor_usage":[50,50],"damage_taken":[{"damage":0,"enemies":"Jaw Worm","floor":1,"turns":7},{"damage":2,"enemies":"Small Slimes","floor":4,"turns":4},{"damage":44,"enemies":"Lagavulin","floor":7,"turns":12},{"damage":1,"enemies":"Cultist","floor":10,"turns":3},{"damage":22,"enemies":"Hexaghost","floor":16,"turns":7},{"damage":0,"enemies":"Chosen","floor":18,"turns":4},{"damage":5,"enemies":"Masked Bandits","floor":19,"turns":2},{"damage":0,"enemies":"Shell Parasite","floor":20,"turns":3},{"damage":13,"enemies":"Gremlin Leader","floor":24,"turns":4},{"damage":5,"enemies":"Snake Plant","floor":27,"turns":3},{"damage":19,"enemies":"Slavers","floor":29,"turns":2},{"damage":7,"enemies":"Snecko","floor":31,"turns":3},{"damage":24,"enemies":"Champ","floor":33,"turns":8},{"damage":8,"enemies":"3 Shapes","floor":35,"turns":4},{"damage":0,"enemies":"3 Darklings","floor":36,"turns":1},{"damage":0,"enemies":"Jaw Worm Horde","floor":38,"turns":2},{"damage":1,"enemies":"Spire Growth","floor":39,"turns":5},{"damage":11,"enemies":"4 Shapes","floor":41,"turns":3},{"damage":0,"enemies":"Transient","floor":44,"turns":5},{"damage":16,"enemies":"Jaw Worm Horde","floor":45,"turns":2},{"damage":7,"enemies":"Mind Bloom Boss Battle","floor":47,"turns":5},{"damage":68,"enemies":"Time Eater","floor":50,"turns":10}],"seed_played":"-39789944822883331","potions_obtained":[{"floor":16,"key":"Regen Potion"},{"floor":19,"key":"AttackPotion"},{"floor":27,"key":"EntropicBrew"},{"floor":31,"key":"Energy Potion"}],"is_trial":false,"path_per_floor":["M","?","?","M","?","R","E","R","T","M","$","R","$","T","R","B",null,"M","?","M","?","$","R","E","R","T","M","R","E","$","M","R","B",null,"M","M","$","M","M","R","M","?","T","M","M","$","?","?","R","B",null],"character_chosen":"THE_SILENT","items_purchased":["Flash of Steel+1","Noxious Fumes","Footwork+1","Bane+1"],"campfire_rested":3,"item_purchase_floors":[11,13,37,46],"current_hp_per_floor":[70,59,52,50,32,68,24,60,60,59,59,59,59,59,59,37,70,70,65,65,65,65,65,52,52,52,49,49,32,32,27,63,46,70,62,64,64,66,67,70,59,70,70,70,54,54,63,63,70,17],"gold":117,"neow_bonus":"RANDOM_COMMON_RELIC","is_prod":false,"is_daily":false,"chose_seed":false,"campfire_upgraded":6,"win_rate":0.0,"timestamp":1547324496,"path_taken":["M","?","?","?","?","R","E","R","T","M","$","R","?","?","R","BOSS","M","?","M","?","$","R","E","R","T","M","R","E","$","M","R","BOSS","M","M","$","M","M","R","M","?","T","M","?","$","?","?","R","BOSS"],"build_version":"2019-01-10","purchased_purges":4,"victory":true,"max_hp_per_floor":[70,70,70,70,70,70,70,70,70,70,70,70,70,70,70,70,70,70,70,70,70,70,70,70,70,70,70,70,70,70,70,70,70,70,70,70,70,70,70,70,70,70,70,70,70,70,70,70,70,70],"card_choices":[{"not_picked":["Sucker Punch","Dagger Spray"],"picked":"Poisoned Stab","floor":1},{"not_picked":["Slice","Bane"],"picked":"Blur","floor":4},{"not_picked":["Underhanded Strike+1","Slice+1"],"picked":"Poisoned Stab+1","floor":7},{"not_picked":["Reflex","Well Laid Plans"],"picked":"Backflip","floor":10},{"not_picked":["Bullet Time","A Thousand Cuts"],"picked":"Corpse Explosion","floor":16},{"not_picked":[],"picked":"Bane+1","floor":18},{"not_picked":[],"picked":"Quick Slash+1","floor":20},{"not_picked":[],"picked":"Escape Plan","floor":24},{"not_picked":["Sucker Punch+1"],"picked":"SKIP","floor":27},{"not_picked":[],"picked":"Infinite Blades+1","floor":29},{"not_picked":["PiercingWail"],"picked":"SKIP","floor":31},{"not_picked":["Masterful Stab+1"],"picked":"SKIP","floor":35},{"not_picked":["Sucker Punch+1"],"picked":"SKIP","floor":36},{"not_picked":[],"picked":"Acrobatics+1","floor":38},{"not_picked":["Tactician"],"picked":"SKIP","floor":39},{"not_picked":[],"picked":"Backflip","floor":41},{"not_picked":["Blade Dance"],"picked":"SKIP","floor":44},{"not_picked":[],"picked":"Outmaneuver+1","floor":45}],"player_experience":67444,"relics_obtained":[{"floor":7,"key":"Shuriken"},{"floor":9,"key":"Mercury Hourglass"},{"floor":14,"key":"Ornamental Fan"},{"floor":19,"key":"Red Mask"},{"floor":24,"key":"Blood Vial"},{"floor":26,"key":"Pantograph"},{"floor":29,"key":"Peace Pipe"},{"floor":43,"key":"Lantern"},{"floor":47,"key":"StoneCalendar"}],"event_choices":[{"damage_healed":0,"gold_gain":75,"player_choice":"Gather Gold","damage_taken":11,"max_hp_gain":0,"max_hp_loss":0,"event_name":"World of Goop","floor":2,"gold_loss":0},{"damage_healed":0,"gold_gain":0,"player_choice":"Damaged","damage_taken":7,"max_hp_gain":0,"max_hp_loss":0,"event_name":"Wheel of Change","floor":3,"gold_loss":0},{"damage_healed":0,"gold_gain":0,"player_choice":"Success","damage_taken":18,"relics_obtained":["Molten Egg 2"],"max_hp_gain":0,"max_hp_loss":0,"event_name":"Scrap Ooze","floor":5,"gold_loss":0},{"damage_healed":0,"gold_gain":0,"player_choice":"Fought Bandits","damage_taken":0,"max_hp_gain":0,"max_hp_loss":0,"event_name":"Masked Bandits","floor":19,"gold_loss":0},{"damage_healed":0,"gold_gain":0,"player_choice":"Obtained Relic","damage_taken":0,"relics_obtained":["Frozen Egg 2"],"max_hp_gain":0,"max_hp_loss":0,"event_name":"Addict","floor":21,"gold_loss":85},{"cards_removed":["Infinite Blades"],"damage_healed":11,"gold_gain":0,"player_choice":"Offered Uncommon","damage_taken":0,"max_hp_gain":0,"max_hp_loss":0,"event_name":"Bonfire Elementals","floor":42,"gold_loss":0},{"damage_healed":0,"gold_gain":0,"player_choice":"Fight","damage_taken":0,"max_hp_gain":0,"max_hp_loss":0,"event_name":"MindBloom","floor":47,"gold_loss":0},{"damage_healed":0,"gold_gain":0,"player_choice":"Leave","damage_taken":0,"max_hp_gain":0,"max_hp_loss":0,"event_name":"FaceTrader","floor":48,"gold_loss":0}],"is_beta":false,"boss_relics":[{"not_picked":["Astrolabe","Empty Cage"],"picked":"Busted Crown"},{"not_picked":["White Beast Statue","Runic Dome"],"picked":"Eternal Feather"}],"items_purged_floors":[11,22,37,46],"is_endless":false,"potions_floor_spawned":[16,19,27,29,31,38,44,47],"ascension_level":0}