{"gold_per_floor":[114,114,39,57,3,38,57,57,126,159,58,69,69,97,97,196,196,216,216,131,154,154,154,174,202,248,248,273,273,373,273,273,374,374,391,391,407,407,407,432,432,463,545,570,589,616,633,649,649,649,649,649,69,97,97],"floor_reached":55,"playtime":2602,"items_purged":["Strike_R","Strike_R","Anger","Bash+1"],"score":1552,"play_id":"3f20ce2a-d414-45a5-ad4e-d577646a0cdf","local_time":"20190404014544","is_ascension_mode":true,"campfire_choices":[{"data":"Body Slam","floor":8.0,"key":"SMITH"},{"data":"Armaments","floor":13.0,"key":"SMITH"},{"data":"Entrench","floor":15.0,"key":"SMITH"},{"data":"Shrug It Off","floor":23.0,"key":"SMITH"},{"data":"Feed","floor":27.0,"key":"SMITH"},{"data":"Body Slam","floor":29.0,"key":"SMITH"},{"data":"Metallicize","floor":32.0,"key":"SMITH"},{"floor":41.0,"key":"REST"},{"floor":49.0,"key":"RECALL"},{"data":"Impervious","floor":52.0,"key":"SMITH"}],"neow_cost":"NONE","seed_source_timestamp":1389161428295243,"circlet_count":0,"master_deck":["AscendersBane","Strike_R+1","Defend_R","Defend_R","Defend_R","Defend_R","Shrug It Off+1","Body Slam+1","Flame Barrier+1","Entrench+1","Armaments+1","Metallicize+1","Barricade+1","Warcry+1","Feed+1","Battle Trance","Body Slam+1","Impervious+1","True Grit+1","Good Instincts","Finesse","Evolve+1","Second Wind+1","Body Slam+1","Seeing Red","Exhume","Enlightenment","Bloodletting","Power Through"],"special_seed":0,"relics":["Burning Blood","NeowsBlessing","Ancient Tea Set","Question Card","Smiling Mask","Du-Vu Doll","Runic Pyramid","Blood Vial","War Paint","Mercury Hourglass","Juzu Bracelet","Bottled Lightning","Black Star","FaceOfCleric","Potion Belt","Bag of Marbles","Pen Nib","Vajra","Gambling Chip","Pantograph","Oddly Smooth Stone","Darkstone Periapt","Art of War","TheAbacus","Paper Frog","Whetstone"],"potions_floor_usage":[55,55],"damage_taken":[{"damage":0.0,"enemies":"Jaw Worm","floor":1.0,"turns":1.0},{"damage":0.0,"enemies":"Small Slimes","floor":4.0,"turns":1.0},{"damage":0.0,"enemies":"Lagavulin","floor":6.0,"turns":1.0},{"damage":5.0,"enemies":"Cultist","floor":7.0,"turns":4.0},{"damage":50.0,"enemies":"3 Sentries","floor":10.0,"turns":10.0},{"damage":5.0,"enemies":"Lots of Slimes","floor":12.0,"turns":3.0},{"damage":8.0,"enemies":"Lagavulin","floor":14.0,"turns":7.0},{"damage":0.0,"enemies":"The Guardian","floor":16.0,"turns":8.0},{"damage":6.0,"enemies":"Spheric Guardian","floor":18.0,"turns":5.0},{"damage":1.0,"enemies":"Shell Parasite","floor":24.0,"turns":6.0},{"damage":11.0,"enemies":"Book of Stabbing","floor":25.0,"turns":6.0},{"damage":22.0,"enemies":"Slavers","floor":28.0,"turns":9.0},{"damage":24.0,"enemies":"Collector","floor":33.0,"turns":9.0},{"damage":16.0,"enemies":"3 Darklings","floor":35.0,"turns":8.0},{"damage":16.0,"enemies":"3 Shapes","floor":37.0,"turns":5.0},{"damage":45.0,"enemies":"Reptomancer","floor":40.0,"turns":9.0},{"damage":0.0,"enemies":"Giant Head","floor":42.0,"turns":6.0},{"damage":0.0,"enemies":"Nemesis","floor":44.0,"turns":17.0},{"damage":0.0,"enemies":"Transient","floor":45.0,"turns":5.0},{"damage":18.0,"enemies":"Reptomancer","floor":46.0,"turns":6.0},{"damage":0.0,"enemies":"Jaw Worm Horde","floor":47.0,"turns":5.0},{"damage":0.0,"enemies":"Maw","floor":48.0,"turns":5.0},{"damage":3.0,"enemies":"Time Eater","floor":50.0,"turns":8.0},{"damage":50.0,"enemies":"Shield and Spear","floor":54.0,"turns":8.0},{"damage":162,"enemies":"The Heart","floor":55,"turns":18}],"seed_played":"226417304364399464","potions_obtained":[{"floor":1.0,"key":"Explosive Potion"},{"floor":6.0,"key":"Poison Potion"},{"floor":10.0,"key":"Dexterity Potion"},{"floor":12.0,"key":"PowerPotion"},{"floor":33.0,"key":"Strength Potion"},{"floor":42.0,"key":"Poison Potion"},{"floor":44.0,"key":"BloodPotion"}],"is_trial":false,"path_per_floor":["M","?","$","M","$","E","M","R","T","E","$","M","R","E","R","B",null,"M","?","?","T","?","R","M","E","T","R","E","R","?","$","R","B",null,"M","?","M","?","?","E","R","E","T","E","M","E","M","M","R","B",null,"R","$","E","B"],"character_chosen":"IRONCLAD","items_purchased":["Body Slam","Armaments","Dexterity Potion","Enlightenment","Art of War","TheAbacus","Bloodletting"],"campfire_rested":1,"item_purchase_floors":[5,11,31,53,53,53,53],"current_hp_per_floor":[78,62,62,68,68,74,75,75,75,31,31,32,32,30,30,36,69,69,69,69,69,69,69,80,81,81,81,71,71,71,71,71,55,83,79,79,76,76,66,30,60,69,69,82,91,82,95,108,108,121,121,121,121,82,0],"gold":97,"neow_bonus":"THREE_ENEMY_KILL","is_prod":false,"is_daily":false,"chose_seed":false,"campfire_upgraded":8,"win_rate":0,"timestamp":1554309944,"path_taken":["M","?","?","M","$","E","M","R","T","E","$","M","R","E","R","BOSS","M","?","?","?","?","R","M","E","T","R","E","R","?","$","R","BOSS","M","?","M","?","?","E","R","E","T","E","M","E","M","M","R","BOSS","R","$","E","BOSS"],"build_version":"2019-01-23","purchased_purges":4,"victory":false,"max_hp_per_floor":[80,80,80,80,80,80,80,80,80,80,80,80,80,80,80,80,80,80,80,80,80,80,80,84,88,88,88,92,92,92,92,92,92,92,96,96,101,101,101,102,102,103,103,108,109,110,115,120,120,121,121,121,121,126,126],"card_choices":[{"not_picked":["Burning Pact","Clothesline"],"picked":"Sword Boomerang","floor":1.0},{"not_picked":["Searing Blow","Power Through"],"picked":"Shrug It Off","floor":4.0},{"not_picked":["Perfected Strike","Warcry"],"picked":"Flame Barrier","floor":6.0},{"not_picked":["Intimidate","Body Slam"],"picked":"Anger","floor":7.0},{"not_picked":["Flex","Perfected Strike","Reckless Charge"],"picked":"Entrench","floor":10.0},{"not_picked":["Armaments","Fiend Fire","Thunderclap"],"picked":"Metallicize","floor":12.0},{"not_picked":["Havoc","Corruption","Heavy Blade","Anger"],"picked":"SKIP","floor":14.0},{"not_picked":["Reaper","Juggernaut","Double Tap"],"picked":"Barricade","floor":16.0},{"not_picked":["Headbutt","Sword Boomerang","Pommel Strike","Havoc"],"picked":"SKIP","floor":18.0},{"not_picked":["Thunderclap","Armaments","Clash","Headbutt"],"picked":"SKIP","floor":24.0},{"not_picked":["Pummel","Whirlwind","Thunderclap+1"],"picked":"Battle Trance","floor":25.0},{"not_picked":["Spot Weakness","Shrug It Off","Feed"],"picked":"Body Slam","floor":28.0},{"not_picked":["Barricade","Reaper","Berserk"],"picked":"Impervious","floor":33.0},{"not_picked":["Cleave+1","Body Slam+1","Twin Strike"],"picked":"True Grit+1","floor":35.0},{"not_picked":["Armaments","Rupture","Corruption","Twin Strike+1"],"picked":"SKIP","floor":37.0},{"not_picked":["Chrysalis","Flash of Steel","The Bomb"],"picked":"Good Instincts","floor":39.0},{"not_picked":["Dark Shackles","Swift Strike","Impatience"],"picked":"Finesse","floor":39.0},{"not_picked":["Pummel+1","Iron Wave","Armaments"],"picked":"Evolve+1","floor":40.0},{"not_picked":["Reckless Charge+1","Cleave","Demon Form","Thunderclap"],"picked":"SKIP","floor":42.0},{"not_picked":["True Grit","Iron Wave","Entrench"],"picked":"Second Wind+1","floor":44.0},{"not_picked":["Heavy Blade+1","Entrench","Carnage+1"],"picked":"Body Slam+1","floor":45.0},{"not_picked":["Uppercut+1","Body Slam","Dual Wield"],"picked":"Seeing Red","floor":46.0},{"not_picked":["Warcry+1","Carnage+1","Pommel Strike+1","Spot Weakness"],"picked":"SKIP","floor":47.0},{"not_picked":["Warcry+1","Whirlwind","Uppercut"],"picked":"Exhume","floor":48.0},{"not_picked":["Cleave+1","Body Slam+1","Sever Soul"],"picked":"Power Through","floor":54.0}],"player_experience":412748,"relics_obtained":[{"floor":6.0,"key":"Ancient Tea Set"},{"floor":9.0,"key":"Question Card"},{"floor":10.0,"key":"Smiling Mask"},{"floor":14.0,"key":"Du-Vu Doll"},{"floor":21.0,"key":"War Paint"},{"floor":25.0,"key":"Mercury Hourglass"},{"floor":26.0,"key":"Juzu Bracelet"},{"floor":28.0,"key":"Bottled Lightning"},{"floor":40.0,"key":"Potion Belt"},{"floor":40.0,"key":"Bag of Marbles"},{"floor":42.0,"key":"Pen Nib"},{"floor":42.0,"key":"Vajra"},{"floor":44.0,"key":"Gambling Chip"},{"floor":44.0,"key":"Pantograph"},{"floor":46.0,"key":"Oddly Smooth Stone"},{"floor":46.0,"key":"Darkstone Periapt"},{"floor":54.0,"key":"Paper Frog"},{"floor":54.0,"key":"Whetstone"}],"event_choices":[{"damage_healed":0.0,"max_hp_gain":0.0,"max_hp_loss":0.0,"gold_gain":0.0,"event_name":"Shining Light","player_choice":"Entered Light","floor":2.0,"gold_loss":0.0,"damage_taken":16.0,"cards_upgraded":["Bash","Strike_R"]},{"damage_healed":0.0,"max_hp_gain":0.0,"max_hp_loss":0.0,"gold_gain":0.0,"cards_transformed":["Strike_R","Strike_R"],"event_name":"Drug Dealer","player_choice":"Became Test Subject","floor":19.0,"gold_loss":0.0,"damage_taken":0.0,"cards_obtained":["Warcry","Feed"]},{"damage_healed":0.0,"max_hp_gain":0.0,"max_hp_loss":0.0,"gold_gain":0.0,"event_name":"Addict","player_choice":"Obtained Relic","floor":20.0,"gold_loss":85.0,"damage_taken":0.0,"relics_obtained":["Blood Vial"]},{"damage_healed":0.0,"max_hp_gain":0.0,"max_hp_loss":0.0,"gold_gain":0.0,"event_name":"Upgrade Shrine","player_choice":"Upgraded","floor":22.0,"gold_loss":0.0,"damage_taken":0.0,"cards_upgraded":["Barricade"]},{"damage_healed":0.0,"max_hp_gain":0.0,"max_hp_loss":0.0,"gold_gain":100.0,"event_name":"Golden Shrine","player_choice":"Pray","floor":30.0,"gold_loss":0.0,"damage_taken":0.0},{"damage_healed":0.0,"max_hp_gain":0.0,"max_hp_loss":0.0,"gold_gain":0.0,"event_name":"FaceTrader","player_choice":"Trade","floor":36.0,"gold_loss":0.0,"damage_taken":0.0,"relics_obtained":["FaceOfCleric"]},{"cards_removed":["Sword Boomerang"],"damage_healed":0.0,"max_hp_gain":0.0,"max_hp_loss":0.0,"gold_gain":0.0,"event_name":"Falling","player_choice":"Removed Attack","floor":38.0,"gold_loss":0.0,"damage_taken":0.0},{"damage_healed":0.0,"max_hp_gain":0.0,"max_hp_loss":0.0,"gold_gain":0.0,"event_name":"SensoryStone","player_choice":"Memory 3","floor":39.0,"gold_loss":0.0,"damage_taken":10.0}],"is_beta":false,"boss_relics":[{"not_picked":["Runic Dome","White Beast Statue"],"picked":"Runic Pyramid"},{"not_picked":["Black Blood","Snecko Eye"],"picked":"Black Star"}],"items_purged_floors":[3,11,31,53],"is_endless":false,"potions_floor_spawned":[1,6,10,12,14,33,42,44],"killed_by":"The Heart","ascension_level":11}