{"gold_per_floor":[109,4,4,4,20,54,68,68,68,106,7,48,48,71,71,71],"floor_reached":16,"playtime":390,"items_purged":[],"score":179,"play_id":"1cd3b67e-b186-48f1-b7a2-3f83cd1aa414","local_time":"20190520212931","is_ascension_mode":true,"campfire_choices":[{"data":"Bash","floor":8,"key":"SMITH"},{"data":"Perfected Strike","floor":13,"key":"SMITH"},{"floor":15,"key":"DIG"}],"neow_cost":"NONE","seed_source_timestamp":38588118841060,"circlet_count":0,"master_deck":["Strike_R","Strike_R","Strike_R","Strike_R","Strike_R","Defend_R","Defend_R","Defend_R","Defend_R","Bash+1","Pommel Strike","Cleave","Ghostly Armor","Perfected Strike+1","Wild Strike","Intimidate"],"special_seed":0,"relics":["Burning Blood","NeowsBlessing","Golden Idol","Ornamental Fan","Omamori","Shovel","Letter Opener","Strawberry"],"potions_floor_usage":[10,12,16,16,16,16],"damage_taken":[{"damage":0.0,"enemies":"Jaw Worm","floor":1.0,"turns":1.0},{"damage":0.0,"enemies":"2 Louse","floor":5.0,"turns":1.0},{"damage":0.0,"enemies":"Lagavulin","floor":6.0,"turns":1.0},{"damage":0,"enemies":"Cultist","floor":7,"turns":4},{"damage":22,"enemies":"Gremlin Nob","floor":10,"turns":4},{"damage":12,"enemies":"3 Sentries","floor":12,"turns":7},{"damage":4,"enemies":"3 Louse","floor":14,"turns":3},{"damage":81,"enemies":"Hexaghost","floor":16,"turns":10}],"seed_played":"107934972155737141","potions_obtained":[{"floor":1.0,"key":"SteroidPotion"},{"floor":6.0,"key":"Weak Potion"},{"floor":12,"key":"Regen Potion"}],"is_trial":false,"path_per_floor":["M","$","?","$","M","E","M","R","T","E","$","E","R","M","R","B"],"character_chosen":"IRONCLAD","items_purchased":["EntropicBrew","Wild Strike","PowerPotion"],"campfire_rested":0,"item_purchase_floors":[2,11,11],"current_hp_per_floor":[80,80,60,60,66,72,78,78,78,62,62,56,56,58,65,0],"gold":71,"neow_bonus":"THREE_ENEMY_KILL","is_prod":false,"is_daily":false,"chose_seed":false,"campfire_upgraded":2,"win_rate":0,"timestamp":1558380571,"path_taken":["M","$","?","?","M","E","M","R","T","E","$","E","R","M","R","BOSS"],"build_version":"2019-01-23","purchased_purges":0,"victory":false,"max_hp_per_floor":[80,80,80,80,80,80,80,80,80,80,80,80,80,80,87,87],"card_choices":[{"not_picked":["Perfected Strike","Bloodletting"],"picked":"Pommel Strike","floor":1.0},{"not_picked":["Perfected Strike","Intimidate"],"picked":"Cleave","floor":5.0},{"not_picked":["Clash","Heavy Blade","Bloodletting"],"picked":"SKIP","floor":6.0},{"not_picked":["Power Through","Wild Strike"],"picked":"Ghostly Armor","floor":7},{"not_picked":["Headbutt","Combust"],"picked":"Perfected Strike","floor":10},{"not_picked":["Burning Pact","Flex"],"picked":"Intimidate","floor":12},{"not_picked":["Anger","Hemokinesis","Combust"],"picked":"SKIP","floor":14}],"player_experience":81298,"relics_obtained":[{"floor":6.0,"key":"Ornamental Fan"},{"floor":9,"key":"Omamori"},{"floor":10,"key":"Shovel"},{"floor":12,"key":"Letter Opener"},{"floor":15,"key":"Strawberry"}],"event_choices":[{"damage_healed":0.0,"max_hp_gain":0.0,"max_hp_loss":0.0,"gold_gain":0.0,"event_name":"Golden Idol","player_choice":"Take Damage","floor":3.0,"gold_loss":0.0,"damage_taken":20.0,"relics_obtained":["Golden Idol"]}],"is_beta":false,"boss_relics":[],"items_purged_floors":[],"is_endless":false,"potions_floor_spawned":[1,6,12],"killed_by":"Hexaghost","ascension_level":5}