{"gold_per_floor":[118,45,60,21,38,69,80,80,80,107,107,134,146,146,146,248,248,262,177,206,206,206],"floor_reached":22,"playtime":1577,"items_purged":[],"score":293,"play_id":"323e5906-d851-4fb4-93d2-e9a4895284a1","local_time":"20190528150125","is_ascension_mode":true,"campfire_choices":[{"data":"Setup","floor":11,"key":"SMITH"},{"floor":15,"key":"REST"}],"neow_cost":"NONE","seed_source_timestamp":816983227904842,"circlet_count":0,"master_deck":["Defend_G","Defend_G","Defend_G","Defend_G","Defend_G","Strike_G","Strike_G","Strike_G","Strike_G","Survivor","Neutralize","Poisoned Stab","Noxious Fumes","Infinite Blades","Footwork","Leg Sweep","Crippling Poison","Setup+1","Bullet Time","Terror","Envenom","Backflip+1"],"relics":["Ring of the Snake","NeowsBlessing","Matryoshka","Blood Vial","Paper Crane","Smiling Mask","Regal Pillow","Cursed Key","Dream Catcher","Red Mask"],"potions_floor_usage":[6,10,10,10,18],"damage_taken":[{"damage":0,"enemies":"Cultist","floor":1,"turns":1},{"damage":0,"enemies":"Jaw Worm","floor":3,"turns":1},{"damage":0,"enemies":"2 Louse","floor":5,"turns":1},{"damage":18,"enemies":"3 Sentries","floor":6,"turns":6},{"damage":0,"enemies":"Blue Slaver","floor":7,"turns":6},{"damage":1,"enemies":"Lagavulin","floor":10,"turns":8},{"damage":35,"enemies":"3 Sentries","floor":12,"turns":8},{"damage":10,"enemies":"Gremlin Gang","floor":13,"turns":5},{"damage":32,"enemies":"Hexaghost","floor":16,"turns":12},{"damage":16,"enemies":"Spheric Guardian","floor":18,"turns":8},{"damage":54,"enemies":"Masked Bandits","floor":20,"turns":5},{"damage":18,"enemies":"Chosen","floor":22,"turns":4}],"seed_played":"-404912320575616290","potions_obtained":[{"floor":3,"key":"PowerPotion"},{"floor":6,"key":"EssenceOfSteel"},{"floor":8,"key":"SkillPotion"},{"floor":8,"key":"Energy Potion"},{"floor":13,"key":"Regen Potion"},{"floor":16,"key":"Strength Potion"},{"floor":18,"key":"Weak Potion"},{"floor":20,"key":"Strength Potion"}],"is_trial":false,"path_per_floor":["M","$","M","$","M","E","M","?","T","E","R","E","M","?","R","B",null,"M","?","?","?","M"],"character_chosen":"THE_SILENT","items_purchased":["Noxious Fumes","Footwork"],"campfire_rested":1,"item_purchase_floors":[2,4],"current_hp_per_floor":[63,63,63,63,63,45,45,45,45,46,46,13,5,2,38,8,55,56,56,4,4,0],"gold":206,"neow_bonus":"THREE_ENEMY_KILL","is_prod":false,"is_daily":false,"chose_seed":false,"campfire_upgraded":1,"win_rate":0,"timestamp":1559035885,"path_taken":["M","?","?","$","M","E","M","?","T","E","R","E","?","?","R","BOSS","M","?","?","?","?"],"build_version":"2019-01-23","purchased_purges":0,"victory":false,"max_hp_per_floor":[70,70,70,70,70,70,70,70,70,70,70,70,70,70,70,70,70,70,70,70,70,70],"card_choices":[{"not_picked":["Slice","Cloak And Dagger"],"picked":"Poisoned Stab","floor":1},{"not_picked":["Expertise","Dagger Throw"],"picked":"Infinite Blades","floor":3},{"not_picked":["Slice","Riddle With Holes"],"picked":"Leg Sweep","floor":5},{"not_picked":["Noxious Fumes","Flying Knee"],"picked":"Crippling Poison","floor":6},{"not_picked":["Deflect","Sucker Punch","All Out Attack"],"picked":"SKIP","floor":7},{"not_picked":["Calculated Gamble","Prepared"],"picked":"Setup","floor":10},{"not_picked":["Heel Hook","Deflect"],"picked":"Bullet Time","floor":12},{"not_picked":["Endless Agony","Prepared"],"picked":"Terror","floor":13},{"not_picked":["Phantasmal Killer","A Thousand Cuts"],"picked":"Envenom","floor":16},{"not_picked":["Tactician","Heel Hook+1","Deflect"],"picked":"SKIP","floor":18},{"not_picked":["Outmaneuver+1","Quick Slash+1"],"picked":"Backflip+1","floor":20}],"player_experience":878261,"relics_obtained":[{"floor":6,"key":"Matryoshka"},{"floor":9,"key":"Blood Vial"},{"floor":9,"key":"Paper Crane"},{"floor":10,"key":"Smiling Mask"},{"floor":12,"key":"Regal Pillow"},{"floor":20,"key":"Red Mask"}],"event_choices":[{"damage_healed":0,"gold_gain":0,"player_choice":"Got Potions","damage_taken":0,"max_hp_gain":0,"max_hp_loss":0,"event_name":"Lab","floor":8,"gold_loss":0},{"damage_healed":0,"gold_gain":0,"player_choice":"Fled","damage_taken":3,"max_hp_gain":0,"max_hp_loss":0,"event_name":"Scrap Ooze","floor":14,"gold_loss":0},{"damage_healed":0,"gold_gain":0,"player_choice":"Obtained Relic","damage_taken":0,"relics_obtained":["Dream Catcher"],"max_hp_gain":0,"max_hp_loss":0,"event_name":"Addict","floor":19,"gold_loss":85},{"damage_healed":0,"gold_gain":0,"player_choice":"Fought Bandits","damage_taken":0,"max_hp_gain":0,"max_hp_loss":0,"event_name":"Masked Bandits","floor":20,"gold_loss":0},{"cards_removed":["Strike_G"],"damage_healed":0,"gold_gain":0,"player_choice":"Offered Basic","damage_taken":0,"max_hp_gain":0,"max_hp_loss":0,"event_name":"Bonfire Elementals","floor":21,"gold_loss":0}],"is_beta":false,"boss_relics":[{"not_picked":["Lizard Tail","Philosopher\u0027s Stone"],"picked":"Cursed Key"}],"items_purged_floors":[],"is_endless":false,"potions_floor_spawned":[3,6,13,16,18,20],"killed_by":"Chosen","ascension_level":9}