{"gold_per_floor":[15,35,50,50,70,70,103,103,128,24,44,219,219,239,239,344,344,356,456,16,0,18,32,49,25,71,106,124,124,124,139,139,241,241,259,259,279,97,178,178,178,12,12,23,37,37,37,51,51,51],"floor_reached":51,"playtime":7126,"items_purged":["Doubt","Defend_G"],"score":774,"play_id":"cadde9f9-e52c-40c2-8fb4-ef48b161e910","local_time":"20190430205629","is_ascension_mode":false,"campfire_choices":[{"data":"After Image","floor":6,"key":"SMITH"},{"data":"Backflip","floor":8,"key":"SMITH"},{"floor":15,"key":"REST"},{"data":"Infinite Blades","floor":30,"key":"SMITH"},{"data":"Accuracy","floor":32,"key":"SMITH"},{"data":"Enlightenment","floor":40,"key":"SMITH"},{"floor":49,"key":"REST"}],"neow_cost":"NO_GOLD","seed_source_timestamp":1033629355646825,"circlet_count":0,"master_deck":["Defend_G","Defend_G","Defend_G","Survivor","Neutralize","Storm of Steel+1","Backflip+1","Acrobatics","After Image+1","Well Laid Plans+1","Flying Knee","Infinite Blades+1","Underhanded Strike","Underhanded Strike","Underhanded Strike","Corpse Explosion","Footwork","Prepared","Underhanded Strike","Panacea","Accuracy+1","Prepared+1","Prepared","Cloak And Dagger","Underhanded Strike+1","Prepared+1","Bite","Bite","Bite","Bite","Bite","Outmaneuver+1","After Image","Wraith Form v2","Enlightenment+1","Panache"],"relics":["Ring of the Snake","Regal Pillow","Orichalcum","Eternal Feather","Dead Branch","Dodecahedron","Lee\u0027s Waffle","Juzu Bracelet","PreservedInsect","Busted Crown","Tiny Chest","Darkstone Periapt"],"potions_floor_usage":[5,19,19,27,31,41,50,50],"damage_taken":[{"damage":4,"enemies":"2 Louse","floor":1,"turns":3},{"damage":0,"enemies":"Small Slimes","floor":2,"turns":3},{"damage":0,"enemies":"Jaw Worm","floor":3,"turns":8},{"damage":0,"enemies":"Lots of Slimes","floor":5,"turns":2},{"damage":12,"enemies":"3 Sentries","floor":7,"turns":13},{"damage":0,"enemies":"Blue Slaver","floor":11,"turns":4},{"damage":6,"enemies":"Exordium Thugs","floor":14,"turns":5},{"damage":21,"enemies":"Slime Boss","floor":16,"turns":9},{"damage":4,"enemies":"Shell Parasite","floor":18,"turns":6},{"damage":13,"enemies":"Colosseum Slavers","floor":19,"turns":5},{"damage":26,"enemies":"Colosseum Nobs","floor":19,"turns":4},{"damage":0,"enemies":"Chosen","floor":22,"turns":4},{"damage":0,"enemies":"Snecko","floor":23,"turns":5},{"damage":11,"enemies":"Snake Plant","floor":24,"turns":7},{"damage":26,"enemies":"Gremlin Leader","floor":27,"turns":6},{"damage":17,"enemies":"3 Cultists","floor":28,"turns":4},{"damage":7,"enemies":"Centurion and Healer","floor":31,"turns":8},{"damage":28,"enemies":"Automaton","floor":33,"turns":9},{"damage":3,"enemies":"3 Shapes","floor":35,"turns":5},{"damage":0,"enemies":"Orb Walker","floor":37,"turns":3},{"damage":0,"enemies":"Nemesis","floor":41,"turns":1},{"damage":0,"enemies":"Transient","floor":44,"turns":5},{"damage":7,"enemies":"3 Darklings","floor":45,"turns":4},{"damage":11,"enemies":"4 Shapes","floor":48,"turns":4},{"damage":43,"enemies":"Awakened One","floor":50,"turns":12}],"seed_played":"478938093090780936","potions_obtained":[{"floor":2,"key":"Explosive Potion"},{"floor":5,"key":"SteroidPotion"},{"floor":16,"key":"Swift Potion"},{"floor":24,"key":"AttackPotion"},{"floor":28,"key":"Poison Potion"},{"floor":31,"key":"Poison Potion"},{"floor":33,"key":"SmokeBomb"},{"floor":35,"key":"SpeedPotion"}],"is_trial":false,"path_per_floor":["?","?","?","?","?","$","?","?","T","$","?","?"],"character_chosen":"THE_SILENT","items_purchased":["Infinite Blades","Underhanded Strike","Lee\u0027s Waffle","Prepared","Underhanded Strike","Panacea","Cloak And Dagger","Enlightenment","Panache"],"campfire_rested":2,"item_purchase_floors":[10,10,20,20,20,20,25,38,42],"current_hp_per_floor":[66,66,66,66,66,66,54,54,54,54,54,54,40,34,70,49,70,66,27,77,77,77,77,66,66,66,40,23,23,41,42,53,29,53,53,53,53,53,53,53,53,53,53,53,48,48,48,41,50,15],"gold":51,"neow_bonus":"THREE_RARE_CARDS","is_prod":false,"is_daily":false,"chose_seed":false,"campfire_upgraded":5,"win_rate":0,"timestamp":1556672189,"path_taken":["M","M","M","?","M","R","E","R","T","$","M","?","?","M","R","BOSS","M","?","$","?","M","M","M","?","T","E","M","?","R","M","R","BOSS","M","?","M","$","?","R","E","?","T","M","M","?","?","M","R","BOSS"],"build_version":"2019-01-23","purchased_purges":2,"victory":true,"max_hp_per_floor":[70,70,70,70,70,70,70,70,70,70,70,70,70,70,70,70,70,70,70,77,77,77,77,77,77,77,77,77,53,53,53,53,53,53,53,53,53,53,53,53,53,53,53,53,53,53,50,50,50,50],"card_choices":[{"not_picked":["Bullet Time","Malaise"],"picked":"Storm of Steel","floor":0},{"not_picked":["Predator","Quick Slash"],"picked":"Backflip","floor":1},{"not_picked":["Sucker Punch","Bane"],"picked":"Acrobatics","floor":2},{"not_picked":["Cloak And Dagger","Sucker Punch"],"picked":"After Image","floor":3},{"not_picked":["Riddle With Holes","Bane"],"picked":"Well Laid Plans","floor":5},{"not_picked":["Bane","Flechettes"],"picked":"Flying Knee","floor":7},{"not_picked":["Footwork","Dodge and Roll"],"picked":"Underhanded Strike","floor":11},{"not_picked":["Crippling Poison","Quick Slash"],"picked":"Underhanded Strike","floor":14},{"not_picked":["Grand Finale","A Thousand Cuts"],"picked":"Corpse Explosion","floor":16},{"not_picked":["Riddle With Holes","Dodge and Roll","Backflip+1"],"picked":"SKIP","floor":18},{"not_picked":["Escape Plan","Heel Hook"],"picked":"Footwork","floor":19},{"not_picked":["Flechettes","Sucker Punch"],"picked":"Accuracy","floor":22},{"not_picked":["Masterful Stab","Heel Hook"],"picked":"Prepared+1","floor":23},{"not_picked":["Heel Hook+1","Predator"],"picked":"Prepared","floor":24},{"not_picked":["Flying Knee","Bullet Time"],"picked":"Underhanded Strike+1","floor":27},{"not_picked":["Dodge and Roll","Leg Sweep+1"],"picked":"Prepared+1","floor":28},{"not_picked":["Dodge and Roll+1","Deflect"],"picked":"Outmaneuver+1","floor":31},{"not_picked":["Grand Finale","A Thousand Cuts"],"picked":"After Image","floor":33},{"not_picked":["PiercingWail+1"],"picked":"SKIP","floor":35},{"not_picked":["PiercingWail"],"picked":"SKIP","floor":37},{"not_picked":["Poisoned Stab+1"],"picked":"SKIP","floor":44},{"not_picked":["Crippling Poison+1"],"picked":"SKIP","floor":45},{"not_picked":["PiercingWail"],"picked":"SKIP","floor":48}],"player_experience":442935,"relics_obtained":[{"floor":7,"key":"Regal Pillow"},{"floor":9,"key":"Orichalcum"},{"floor":19,"key":"Dead Branch"},{"floor":19,"key":"Dodecahedron"},{"floor":26,"key":"Juzu Bracelet"},{"floor":27,"key":"PreservedInsect"},{"floor":39,"key":"Tiny Chest"},{"floor":43,"key":"Darkstone Periapt"}],"event_choices":[{"damage_healed":0,"gold_gain":0,"player_choice":"Grow","damage_taken":0,"max_hp_gain":0,"max_hp_loss":0,"event_name":"Living Wall","floor":4,"gold_loss":0,"cards_upgraded":["Storm of Steel"]},{"damage_healed":0,"gold_gain":175,"player_choice":"AGREE","damage_taken":0,"max_hp_gain":0,"max_hp_loss":0,"event_name":"Liars Game","floor":12,"gold_loss":0,"cards_obtained":["Doubt"]},{"damage_healed":0,"gold_gain":0,"player_choice":"Entered Light","damage_taken":14,"max_hp_gain":0,"max_hp_loss":0,"event_name":"Shining Light","floor":13,"gold_loss":0,"cards_upgraded":["Strike_G","Well Laid Plans"]},{"damage_healed":0,"gold_gain":0,"player_choice":"Fight","damage_taken":0,"max_hp_gain":0,"max_hp_loss":0,"event_name":"Colosseum","floor":19,"gold_loss":0},{"damage_healed":0,"gold_gain":0,"player_choice":"Fought Nobs","damage_taken":0,"max_hp_gain":0,"max_hp_loss":0,"event_name":"Colosseum","floor":19,"gold_loss":0},{"damage_healed":0,"gold_gain":0,"player_choice":"Paid Fearfully","damage_taken":0,"max_hp_gain":0,"max_hp_loss":0,"event_name":"Masked Bandits","floor":21,"gold_loss":16},{"damage_healed":0,"gold_gain":0,"player_choice":"Became a vampire","damage_taken":0,"max_hp_gain":0,"max_hp_loss":24,"event_name":"Vampires","floor":29,"gold_loss":0,"cards_obtained":["Bite","Bite","Bite","Bite","Bite"]},{"damage_healed":0,"gold_gain":0,"cards_transformed":["Defend_G"],"player_choice":"Transformed","damage_taken":0,"max_hp_gain":0,"max_hp_loss":0,"event_name":"Transmorgrifier","floor":36,"gold_loss":0,"cards_obtained":["Wraith Form v2"]},{"damage_healed":0,"gold_gain":0,"player_choice":"Memory 1","damage_taken":0,"max_hp_gain":0,"max_hp_loss":0,"event_name":"SensoryStone","floor":46,"gold_loss":0},{"damage_healed":0,"gold_gain":0,"player_choice":"Max HP","damage_taken":0,"max_hp_gain":0,"max_hp_loss":3,"event_name":"Winding Halls","floor":47,"gold_loss":0}],"is_beta":false,"boss_relics":[{"not_picked":["Calling Bell","Ectoplasm"],"picked":"Eternal Feather"},{"not_picked":["Astrolabe","WristBlade"],"picked":"Busted Crown"}],"items_purged_floors":[20,38],"is_endless":false,"potions_floor_spawned":[2,5,16,19,24,28,31,33,35,41],"ascension_level":0}