{"gold_per_floor":[115,130,130,130,130,171,171,184,230,243,243,243,94,107,107,233,233,256,279,379,399,399,399,440,440,440,455,475,518,536,555,555,685,685,699,699,563,578,578,578,613,613,659,607,16,16,32,50,50,50,50,50,50,50],"floor_reached":54,"playtime":6114,"items_purged":["Strike_B","Strike_B+1","Strike_B+1"],"score":707,"play_id":"e17d41d4-8591-44e1-bacb-8b2783f62049","local_time":"20190301202600","is_ascension_mode":false,"campfire_choices":[{"data":"Sweeping Beam","floor":7.0,"key":"SMITH"},{"data":"FTL","floor":12.0,"key":"SMITH"},{"data":"Zap","floor":15.0,"key":"SMITH"},{"floor":23.0,"key":"RECALL"},{"floor":25.0,"key":"REST"},{"floor":32.0,"key":"REST"},{"floor":40.0,"key":"REST"},{"floor":42.0,"key":"REST"},{"floor":46.0,"key":"REST"},{"floor":49.0,"key":"REST"},{"floor":52.0,"key":"REST"}],"neow_cost":"NONE","seed_source_timestamp":0,"circlet_count":0,"master_deck":["Strike_B+1","Defend_B+1","Defend_B+1","Defend_B+1","Defend_B+1","Zap+1","Dualcast","Ball Lightning","Sweeping Beam+1","Leap","Melter","FTL+1","Reboot","Redo","Seek","Beam Cell","FTL","Static Discharge+1","Defragment","Hologram+1","Streamline+1","Beam Cell+1","Ball Lightning","Core Surge","Storm","Conserve Battery","Doom and Gloom+1","Defragment","Skim+1","Capacitor"],"special_seed":0,"relics":["Cracked Core","NeowsBlessing","Golden Idol","DataDisk","Bronze Scales","Fusion Hammer","Pear","Orichalcum","Inserter","StoneCalendar","Oddly Smooth Stone","Cables","Bottled Flame"],"potions_floor_usage":[],"damage_taken":[{"damage":0.0,"enemies":"Small Slimes","floor":1.0,"turns":1.0},{"damage":0.0,"enemies":"Jaw Worm","floor":2.0,"turns":1.0},{"damage":0.0,"enemies":"Lagavulin","floor":6.0,"turns":1.0},{"damage":1.0,"enemies":"Cultist","floor":8.0,"turns":3.0},{"damage":2.0,"enemies":"Blue Slaver","floor":10.0,"turns":3.0},{"damage":11.0,"enemies":"Exordium Thugs","floor":14.0,"turns":4.0},{"damage":14.0,"enemies":"Hexaghost","floor":16.0,"turns":7.0},{"damage":0.0,"enemies":"Spheric Guardian","floor":18.0,"turns":2.0},{"damage":6.0,"enemies":"2 Thieves","floor":19.0,"turns":3.0},{"damage":1.0,"enemies":"Cultist and Chosen","floor":21.0,"turns":4.0},{"damage":16.0,"enemies":"Gremlin Leader","floor":24.0,"turns":4.0},{"damage":25.0,"enemies":"Snake Plant","floor":27.0,"turns":2.0},{"damage":12.0,"enemies":"Centurion and Healer","floor":28.0,"turns":4.0},{"damage":14.0,"enemies":"Book of Stabbing","floor":29.0,"turns":3.0},{"damage":9.0,"enemies":"Chosen and Byrds","floor":30.0,"turns":3.0},{"damage":9.0,"enemies":"Snake Plant","floor":31.0,"turns":3.0},{"damage":20.0,"enemies":"Champ","floor":33.0,"turns":8.0},{"damage":5.0,"enemies":"Orb Walker","floor":35.0,"turns":2.0},{"damage":3.0,"enemies":"3 Shapes","floor":38.0,"turns":4.0},{"damage":35.0,"enemies":"Reptomancer","floor":41.0,"turns":5.0},{"damage":29.0,"enemies":"Maw","floor":47.0,"turns":5.0},{"damage":7.0,"enemies":"3 Darklings","floor":48.0,"turns":3.0},{"damage":60.0,"enemies":"Donu and Deca","floor":50.0,"turns":6.0},{"damage":0,"enemies":"Shield and Spear","floor":54,"turns":1}],"seed_played":"-6377698533017999880","potions_obtained":[{"floor":2.0,"key":"PowerPotion"},{"floor":6.0,"key":"FearPotion"},{"floor":18.0,"key":"LiquidBronze"},{"floor":24.0,"key":"Energy Potion"},{"floor":27.0,"key":"AttackPotion"},{"floor":30.0,"key":"SpeedPotion"},{"floor":31.0,"key":"Block Potion"},{"floor":35.0,"key":"Swift Potion"}],"is_trial":false,"path_per_floor":["M","M","?","?","?","E","R","M","T","M","?","R","$","M","R","B",null,"M","M","?","M","?","R","E","R","T","M","M","E","M","M","R","B",null,"M","?","$","M","?","R","E","R","T","?","$","R","M","M","R","B",null,"R","$","E"],"character_chosen":"DEFECT","items_purchased":["Hello World","Storm","Defragment","Bottled Flame","AttackPotion","FocusPotion"],"campfire_rested":7,"item_purchase_floors":[13,37,45,45,45,45],"current_hp_per_floor":[75,75,57,57,57,57,57,56,56,54,54,54,54,43,43,29,75,75,69,69,68,68,68,62,85,85,60,48,34,25,16,41,21,85,80,80,80,77,77,85,50,75,75,75,75,85,56,49,74,14,85,85,85,85],"gold":50,"neow_bonus":"THREE_ENEMY_KILL","is_prod":false,"is_daily":false,"chose_seed":false,"campfire_upgraded":3,"win_rate":0,"timestamp":1551493560,"path_taken":["M","M","?","?","?","E","R","M","T","?","?","R","?","?","R","BOSS","M","M","?","?","?","R","E","R","T","M","M","E","M","M","R","BOSS","M","?","$","M","?","R","E","R","T","?","$","R","M","M","R","BOSS","R","$","E"],"build_version":"2019-01-23","purchased_purges":3,"victory":false,"max_hp_per_floor":[75,75,75,75,75,75,75,75,75,75,75,75,75,75,75,75,75,75,75,75,75,75,75,85,85,85,85,85,85,85,85,85,85,85,85,85,85,85,85,85,85,85,85,85,85,85,85,85,85,85,85,85,85,85],"card_choices":[{"not_picked":["Double Energy","Leap"],"picked":"Ball Lightning","floor":1.0},{"not_picked":["Turbo","Rip and Tear"],"picked":"Sweeping Beam","floor":2.0},{"not_picked":["Barrage","Consume"],"picked":"Melter","floor":6.0},{"not_picked":["Stack","Steam","Reinforced Body"],"picked":"SKIP","floor":8.0},{"not_picked":["Double Energy","Sweeping Beam"],"picked":"FTL","floor":10.0},{"not_picked":["Hologram","Recycle"],"picked":"Redo","floor":14.0},{"not_picked":["Amplify","Buffer"],"picked":"Seek","floor":16.0},{"not_picked":["Force Field","Redo"],"picked":"Beam Cell","floor":18.0},{"not_picked":["Genetic Algorithm","Rebound"],"picked":"FTL","floor":19.0},{"not_picked":["Force Field","Capacitor"],"picked":"Static Discharge+1","floor":21.0},{"not_picked":["Self Repair","Doom and Gloom+1"],"picked":"Defragment","floor":24.0},{"not_picked":["Skim","Glacier"],"picked":"Hologram+1","floor":27.0},{"not_picked":["Stack+1","Barrage"],"picked":"Streamline+1","floor":28.0},{"not_picked":["Multi-Cast","Cold Snap","Gash"],"picked":"SKIP","floor":29.0},{"not_picked":["White Noise","Coolheaded"],"picked":"Beam Cell+1","floor":30.0},{"not_picked":["Redo","Beam Cell+1"],"picked":"Ball Lightning","floor":31.0},{"not_picked":["Biased Cognition","Reboot"],"picked":"Core Surge","floor":33.0},{"not_picked":["Rebound+1","Coolheaded","Sweeping Beam"],"picked":"SKIP","floor":35.0},{"not_picked":["Doom and Gloom+1","Fusion+1"],"picked":"Conserve Battery","floor":38.0},{"not_picked":["Double Energy+1","Turbo"],"picked":"Doom and Gloom+1","floor":41.0},{"not_picked":["Doom and Gloom","Gash"],"picked":"Skim+1","floor":47.0},{"not_picked":["Consume","Streamline"],"picked":"Capacitor","floor":48.0}],"player_experience":178964,"relics_obtained":[{"floor":6.0,"key":"DataDisk"},{"floor":9.0,"key":"Bronze Scales"},{"floor":24.0,"key":"Pear"},{"floor":29.0,"key":"Orichalcum"},{"floor":41.0,"key":"StoneCalendar"},{"floor":43.0,"key":"Oddly Smooth Stone"}],"event_choices":[{"damage_healed":0.0,"max_hp_gain":0.0,"max_hp_loss":0.0,"gold_gain":0.0,"event_name":"Golden Idol","player_choice":"Take Damage","floor":3.0,"gold_loss":0.0,"damage_taken":18.0,"relics_obtained":["Golden Idol"]},{"damage_healed":0.0,"max_hp_gain":0.0,"max_hp_loss":0.0,"gold_gain":0.0,"event_name":"Liars Game","player_choice":"Ignored","floor":4.0,"gold_loss":0.0,"damage_taken":0.0},{"damage_healed":0.0,"max_hp_gain":0.0,"max_hp_loss":0.0,"gold_gain":0.0,"event_name":"Match and Keep!","player_choice":"2 cards matched","floor":5.0,"gold_loss":0.0,"damage_taken":0.0,"cards_obtained":["Force Field","Leap"]},{"damage_healed":0.0,"max_hp_gain":0.0,"max_hp_loss":0.0,"gold_gain":0.0,"cards_transformed":["Force Field"],"event_name":"Living Wall","player_choice":"Change","floor":11.0,"gold_loss":0.0,"damage_taken":0.0,"cards_obtained":["Reboot"]},{"damage_healed":0.0,"max_hp_gain":0.0,"max_hp_loss":0.0,"gold_gain":100.0,"event_name":"Golden Shrine","player_choice":"Pray","floor":20.0,"gold_loss":0.0,"damage_taken":0.0},{"damage_healed":0.0,"max_hp_gain":0.0,"max_hp_loss":0.0,"gold_gain":0.0,"event_name":"Back to Basics","player_choice":"Simplicity","floor":22.0,"gold_loss":0.0,"damage_taken":0.0,"cards_upgraded":["Strike_B","Strike_B","Strike_B","Defend_B","Defend_B","Defend_B","Defend_B"]},{"damage_healed":0.0,"max_hp_gain":0.0,"max_hp_loss":0.0,"gold_gain":0.0,"event_name":"Tomb of Lord Red Mask","player_choice":"Ignored","floor":36.0,"gold_loss":0.0,"damage_taken":0.0},{"cards_removed":["Hello World"],"damage_healed":0.0,"max_hp_gain":0.0,"max_hp_loss":0.0,"gold_gain":0.0,"event_name":"Falling","player_choice":"Removed Power","floor":39.0,"gold_loss":0.0,"damage_taken":0.0},{"damage_healed":0.0,"max_hp_gain":0.0,"max_hp_loss":0.0,"gold_gain":0.0,"event_name":"WeMeetAgain","player_choice":"Paid Gold","floor":44.0,"gold_loss":52.0,"damage_taken":0.0,"relics_obtained":["Cables"]}],"is_beta":false,"boss_relics":[{"not_picked":["White Beast Statue","Velvet Choker"],"picked":"Fusion Hammer"},{"not_picked":["Astrolabe","Nuclear Battery"],"picked":"Inserter"}],"items_purged_floors":[13,37,45],"is_endless":false,"potions_floor_spawned":[2,6,18,24,27,30,31,35,48],"killed_by":"Shield and Spear","ascension_level":0}