{"gold_per_floor":[112,37,37,87,107,142,142,186,186,227,227,227,266,286,286,414,414,433,433,466,479,479,515,515,529,552,585,585,605,625,658,658,788,788,812,832,449,782,800,825,67,67,67,93,93,18,36,68,68,68,68,68,68,94,94],"floor_reached":55,"playtime":7425,"items_purged":["Strike_B"],"score":1339,"play_id":"dbaf306b-b334-42e2-89ba-c061741c2325","local_time":"20190528142856","is_ascension_mode":true,"campfire_choices":[{"data":"Static Discharge","floor":7.0,"key":"SMITH"},{"data":"Buffer","floor":11.0,"key":"SMITH"},{"data":"Zap","floor":15.0,"key":"SMITH"},{"data":"Consume","floor":24.0,"key":"SMITH"},{"data":"Hologram","floor":32.0,"key":"SMITH"},{"data":"Capacitor","floor":42.0,"key":"SMITH"},{"data":"Darkness","floor":45.0,"key":"SMITH"},{"floor":49.0,"key":"RECALL"},{"data":"Capacitor","floor":52.0,"key":"SMITH"}],"neow_cost":"NONE","seed_source_timestamp":808305268665853,"circlet_count":0,"master_deck":["Strike_B","Strike_B","Defend_B","Defend_B+1","Defend_B","Defend_B","Zap+1","Dualcast","Streamline","Self Repair","Coolheaded","Static Discharge+1","Hologram+1","Buffer+1","Compile Driver","Seek","Darkness+1","Consume+1","Loop","Seek+1","Reinforced Body+1","Core Surge","Darkness+1","Electrodynamics","Capacitor+1","Glacier","Loop+1","Glacier","Panacea","Capacitor+1","Defragment+1"],"special_seed":0,"relics":["Coffee Dripper","Unceasing Top","Gremlin Horn","Meat on the Bone","Bag of Preparation","PreservedInsect","Runic Dome","Red Mask","Pear","Juzu Bracelet","Vajra","Shuriken","War Paint","Sozu","Anchor","Blood Vial","DataDisk","Medical Kit","Mummified Hand","Strawberry","Pen Nib","Mercury Hourglass"],"potions_floor_usage":[],"damage_taken":[{"damage":0.0,"enemies":"2 Louse","floor":1.0,"turns":4.0},{"damage":0.0,"enemies":"Small Slimes","floor":5.0,"turns":3.0},{"damage":21.0,"enemies":"Lagavulin","floor":6.0,"turns":8.0},{"damage":24.0,"enemies":"Gremlin Nob","floor":8.0,"turns":4.0},{"damage":21.0,"enemies":"3 Sentries","floor":10.0,"turns":7.0},{"damage":0.0,"enemies":"Gremlin Nob","floor":13.0,"turns":4.0},{"damage":0.0,"enemies":"Cultist","floor":14.0,"turns":4.0},{"damage":7.0,"enemies":"Hexaghost","floor":16.0,"turns":9.0},{"damage":0.0,"enemies":"Shell Parasite","floor":18.0,"turns":5.0},{"damage":16.0,"enemies":"Masked Bandits","floor":20.0,"turns":3.0},{"damage":8.0,"enemies":"Chosen","floor":21.0,"turns":4.0},{"damage":25.0,"enemies":"Gremlin Leader","floor":23.0,"turns":5.0},{"damage":25.0,"enemies":"Shelled Parasite and Fungi","floor":25.0,"turns":4.0},{"damage":8.0,"enemies":"Book of Stabbing","floor":27.0,"turns":4.0},{"damage":0.0,"enemies":"Centurion and Healer","floor":29.0,"turns":6.0},{"damage":15.0,"enemies":"Snake Plant","floor":30.0,"turns":2.0},{"damage":12.0,"enemies":"Gremlin Leader","floor":31.0,"turns":6.0},{"damage":57.0,"enemies":"Automaton","floor":33.0,"turns":10.0},{"damage":0.0,"enemies":"3 Shapes","floor":35.0,"turns":6.0},{"damage":21.0,"enemies":"3 Darklings","floor":36.0,"turns":4.0},{"damage":0.0,"enemies":"Sphere and 2 Shapes","floor":39.0,"turns":4.0},{"damage":54.0,"enemies":"Nemesis","floor":40.0,"turns":9.0},{"damage":0.0,"enemies":"Giant Head","floor":44.0,"turns":6.0},{"damage":15.0,"enemies":"Spire Growth","floor":47.0,"turns":6.0},{"damage":0.0,"enemies":"Reptomancer","floor":48.0,"turns":5.0},{"damage":32.0,"enemies":"Awakened One","floor":50.0,"turns":13.0},{"damage":31,"enemies":"Shield and Spear","floor":54,"turns":4},{"damage":74,"enemies":"The Heart","floor":55,"turns":3}],"seed_played":"-6651243968760406574","potions_obtained":[{"floor":5.0,"key":"GamblersBrew"},{"floor":8.0,"key":"Dexterity Potion"},{"floor":13.0,"key":"EntropicBrew"},{"floor":14.0,"key":"FearPotion"},{"floor":18.0,"key":"Weak Potion"},{"floor":23.0,"key":"Block Potion"},{"floor":25.0,"key":"Dexterity Potion"},{"floor":29.0,"key":"SteroidPotion"}],"is_trial":false,"path_per_floor":["M","$","?","?","M","E","R","E","T","E","R","?","E","M","R","B",null,"M","?","?","M","?","E","R","M","T","E","T","M","M","E","R","B",null,"M","M","$","?","M","E","$","R","T","E","R","$","M","E","R","B",null,"R","$","E","B"],"character_chosen":"DEFECT","items_purchased":["Self Repair","Capacitor","Glacier","Anchor","DataDisk","Medical Kit","Glacier","Mummified Hand","Panacea","Capacitor"],"campfire_rested":0,"item_purchase_floors":[2,37,37,37,41,41,41,41,41,46],"current_hp_per_floor":[68,68,50,50,57,43,43,26,26,24,24,24,43,50,50,50,69,75,75,66,65,51,55,55,49,49,60,60,67,52,59,59,21,73,80,66,66,66,73,38,38,38,38,66,66,66,60,69,69,58,87,87,87,65,0],"gold":94,"neow_bonus":"BOSS_RELIC","is_prod":false,"is_daily":false,"chose_seed":false,"campfire_upgraded":8,"win_rate":0,"timestamp":1559033936,"path_taken":["M","$","?","?","M","E","R","E","T","E","R","?","E","M","R","BOSS","M","?","?","M","?","E","R","M","T","E","?","M","M","E","R","BOSS","M","M","$","?","M","E","$","R","T","E","R","?","M","E","R","BOSS","R","$","E","BOSS"],"build_version":"2019-01-23","purchased_purges":1,"victory":false,"max_hp_per_floor":[75,75,75,75,75,75,75,75,75,75,75,75,75,75,75,75,75,75,75,75,75,80,90,90,90,90,90,90,90,90,90,90,90,90,90,90,90,90,90,90,90,90,90,97,97,97,97,97,97,97,97,97,97,97,97],"card_choices":[{"not_picked":["Redo","Beam Cell"],"picked":"Streamline","floor":1.0},{"not_picked":["Go for the Eyes","Redo"],"picked":"Coolheaded","floor":5.0},{"not_picked":["Undo","Loop"],"picked":"Static Discharge","floor":6.0},{"not_picked":["Melter","Recycle"],"picked":"Hologram","floor":8.0},{"not_picked":["Redo","Turbo"],"picked":"Buffer","floor":10.0},{"not_picked":["Conserve Battery","Redo","Rebound"],"picked":"SKIP","floor":13.0},{"not_picked":["Streamline","Sweeping Beam","Go for the Eyes"],"picked":"SKIP","floor":14.0},{"not_picked":["Core Surge","Fission"],"picked":"Seek","floor":16.0},{"not_picked":["Conserve Battery","Beam Cell"],"picked":"Darkness+1","floor":18.0},{"not_picked":["Compile Driver","Sunder"],"picked":"Loop","floor":21.0},{"not_picked":["Cold Snap+1","Rebound"],"picked":"Seek","floor":23.0},{"not_picked":["Lockon","Streamline+1","Go for the Eyes"],"picked":"SKIP","floor":25.0},{"not_picked":["Scrape","Conserve Battery+1"],"picked":"Reinforced Body+1","floor":27.0},{"not_picked":["Conserve Battery","Steam","Rebound"],"picked":"SKIP","floor":29.0},{"not_picked":["Turbo","Steam"],"picked":"Core Surge","floor":30.0},{"not_picked":["Recycle","Self Repair+1"],"picked":"Darkness","floor":31.0},{"not_picked":["Reboot","Buffer"],"picked":"Electrodynamics","floor":33.0},{"not_picked":["Gash+1","Self Repair+1","Conserve Battery"],"picked":"SKIP","floor":35.0},{"not_picked":["Force Field+1","Cold Snap+1","Coolheaded"],"picked":"SKIP","floor":36.0},{"not_picked":["Tempest","Cold Snap","Beam Cell+1"],"picked":"SKIP","floor":39.0},{"not_picked":["Steam","Ball Lightning"],"picked":"Loop+1","floor":40.0},{"not_picked":["Cold Snap+1","Gash","Compile Driver+1"],"picked":"SKIP","floor":44.0},{"not_picked":["Compile Driver+1","Stack+1"],"picked":"Defragment+1","floor":47.0},{"not_picked":["Compile Driver+1","Auto Shields","Go for the Eyes"],"picked":"SKIP","floor":48.0},{"not_picked":["Rebound+1","Redo","Hologram+1"],"picked":"SKIP","floor":54}],"player_experience":870836,"relics_obtained":[{"floor":6.0,"key":"Unceasing Top"},{"floor":8.0,"key":"Gremlin Horn"},{"floor":9.0,"key":"Meat on the Bone"},{"floor":10.0,"key":"Bag of Preparation"},{"floor":13.0,"key":"PreservedInsect"},{"floor":20.0,"key":"Red Mask"},{"floor":23.0,"key":"Pear"},{"floor":26.0,"key":"Juzu Bracelet"},{"floor":27.0,"key":"Vajra"},{"floor":28.0,"key":"Shuriken"},{"floor":31.0,"key":"War Paint"},{"floor":40.0,"key":"Blood Vial"},{"floor":44.0,"key":"Strawberry"},{"floor":48.0,"key":"Pen Nib"},{"floor":54,"key":"Mercury Hourglass"}],"event_choices":[{"damage_healed":0.0,"max_hp_gain":0.0,"max_hp_loss":0.0,"gold_gain":0.0,"event_name":"Golden Idol","player_choice":"Take Damage","floor":3.0,"gold_loss":0.0,"damage_taken":18.0,"relics_obtained":["Golden Idol"]},{"damage_healed":0.0,"max_hp_gain":0.0,"max_hp_loss":0.0,"gold_gain":50.0,"event_name":"Golden Wing","player_choice":"Gained Gold","floor":4.0,"gold_loss":0.0,"damage_taken":0.0},{"damage_healed":0.0,"max_hp_gain":0.0,"max_hp_loss":0.0,"gold_gain":0.0,"cards_transformed":["Strike_B"],"event_name":"Living Wall","player_choice":"Change","floor":12.0,"gold_loss":0.0,"damage_taken":0.0,"cards_obtained":["Compile Driver"]},{"damage_healed":0.0,"max_hp_gain":0.0,"max_hp_loss":0.0,"gold_gain":0.0,"event_name":"The Library","player_choice":"Read","floor":19.0,"gold_loss":0.0,"damage_taken":0.0,"cards_obtained":["Consume"]},{"damage_healed":0.0,"max_hp_gain":0.0,"max_hp_loss":0.0,"gold_gain":0.0,"event_name":"Masked Bandits","player_choice":"Fought Bandits","floor":20.0,"gold_loss":0.0,"damage_taken":0.0},{"damage_healed":0.0,"max_hp_gain":5.0,"max_hp_loss":0.0,"gold_gain":0.0,"event_name":"Forgotten Altar","player_choice":"Shed Blood","floor":22.0,"gold_loss":0.0,"damage_taken":19.0},{"damage_healed":0.0,"max_hp_gain":0.0,"max_hp_loss":0.0,"gold_gain":333.0,"event_name":"The Moai Head","player_choice":"Gave Idol","floor":38.0,"relics_lost":["Golden Idol"],"gold_loss":0.0,"damage_taken":0.0}],"is_beta":false,"boss_relics":[{"not_picked":["Eternal Feather","Snecko Eye"],"picked":"Runic Dome"},{"not_picked":["Empty Cage","Black Star"],"picked":"Sozu"}],"items_purged_floors":[37],"is_endless":false,"potions_floor_spawned":[5,8,13,14,18,23,25,29,39,40,44,47],"killed_by":"The Heart","ascension_level":9}