{"gold_per_floor":[111,111,122,197,197,197,215,215,215,215,89,105,140,154,154,231,281,297,309,309,54,72,72,100,122,134,146],"floor_reached":27,"playtime":725,"items_purged":["Decay","Strike_R"],"score":477,"play_id":"b774452c-cc36-4ded-bc21-9970eb491280","local_time":"20190409040954","is_ascension_mode":true,"campfire_choices":[{"data":"Corruption","floor":6.0,"key":"SMITH"},{"floor":8.0,"key":"REST"},{"data":"Bash","floor":10.0,"key":"SMITH"},{"floor":15,"key":"REST"},{"data":"Limit Break","floor":23,"key":"SMITH"}],"neow_cost":"PERCENT_DAMAGE","seed_source_timestamp":193112262234054,"circlet_count":0,"master_deck":["AscendersBane","Strike_R","Strike_R","Strike_R","Defend_R","Defend_R+1","Defend_R","Bash+1","Metallicize","Corruption+1","Anger","Flex","Offering","Cleave","Sword Boomerang","Bludgeon","Iron Wave","Limit Break+1","Spot Weakness","Shrug It Off+1","Ghostly Armor","Exhume","Offering","Inflame","Armaments"],"special_seed":0,"relics":["Burning Blood","Question Card","Centennial Puzzle","Tiny House","MawBank","Mummified Hand"],"potions_floor_usage":[13,19,24,27],"damage_taken":[{"damage":7.0,"enemies":"Cultist","floor":1.0,"turns":4.0},{"damage":7.0,"enemies":"Small Slimes","floor":3.0,"turns":4.0},{"damage":22.0,"enemies":"2 Louse","floor":7.0,"turns":3.0},{"damage":35.0,"enemies":"Exordium Thugs","floor":12.0,"turns":4.0},{"damage":6,"enemies":"Gremlin Nob","floor":13,"turns":1},{"damage":12,"enemies":"Looter","floor":14,"turns":2},{"damage":19,"enemies":"Slime Boss","floor":16,"turns":8},{"damage":9,"enemies":"Spheric Guardian","floor":18,"turns":3},{"damage":17,"enemies":"2 Thieves","floor":19,"turns":4},{"damage":25,"enemies":"Sentry and Sphere","floor":22,"turns":5},{"damage":16,"enemies":"Slavers","floor":24,"turns":3},{"damage":12,"enemies":"3 Cultists","floor":25,"turns":4},{"damage":24,"enemies":"Chosen and Byrds","floor":27,"turns":3}],"seed_played":"8570092365858883248","potions_obtained":[{"floor":12.0,"key":"SteroidPotion"},{"floor":13,"key":"AttackPotion"},{"floor":14,"key":"AttackPotion"},{"floor":17,"key":"Energy Potion"},{"floor":22,"key":"Strength Potion"},{"floor":25,"key":"Block Potion"}],"is_trial":false,"path_per_floor":["M","?","M","?","?","R","M","R","T","R","$","M","E","M","R","B",null,"M","M","?","$","M","R","E","M","T","M"],"character_chosen":"IRONCLAD","items_purchased":["Cleave","Exhume"],"campfire_rested":2,"item_purchase_floors":[11,21],"current_hp_per_floor":[49,49,48,37,37,37,21,43,43,43,43,14,14,8,30,17,66,63,52,52,52,33,33,23,17,17,0],"gold":146,"neow_bonus":"TRANSFORM_TWO_CARDS","is_prod":false,"is_daily":false,"chose_seed":false,"campfire_upgraded":3,"win_rate":0,"timestamp":1554750594,"path_taken":["M","?","M","?","?","R","M","R","T","R","$","M","E","M","R","BOSS","M","M","?","$","M","R","E","M","T","M"],"build_version":"2019-01-23","purchased_purges":2,"victory":false,"max_hp_per_floor":[75,75,75,75,75,75,75,75,75,75,75,75,75,75,75,75,80,80,80,80,80,80,80,80,80,80,80],"card_choices":[{"not_picked":["Heavy Blade","Headbutt"],"picked":"Anger","floor":1.0},{"not_picked":["Clothesline","Perfected Strike"],"picked":"Flex","floor":3.0},{"not_picked":["Armaments","Headbutt"],"picked":"Offering","floor":7.0},{"not_picked":["True Grit","Second Wind","Clash"],"picked":"Sword Boomerang","floor":12.0},{"not_picked":["Dual Wield","Clash","Sentinel"],"picked":"Bludgeon","floor":13},{"not_picked":["Havoc","Warcry","Headbutt"],"picked":"Iron Wave","floor":14},{"not_picked":["Barricade","Reaper","Brutality"],"picked":"Limit Break","floor":16},{"not_picked":["Sever Soul","Headbutt","Clash"],"picked":"Spot Weakness","floor":17},{"not_picked":["Perfected Strike","Cleave","Sword Boomerang"],"picked":"Shrug It Off+1","floor":18},{"not_picked":["Havoc","Twin Strike","Heavy Blade+1"],"picked":"Ghostly Armor","floor":19},{"not_picked":["Twin Strike","Sentinel","Cleave+1"],"picked":"Offering","floor":22},{"not_picked":["Thunderclap","Power Through","Feel No Pain"],"picked":"Inflame","floor":24},{"not_picked":["Thunderclap","Dual Wield","Heavy Blade"],"picked":"Armaments","floor":25}],"player_experience":441593,"relics_obtained":[{"floor":9.0,"key":"Question Card"},{"floor":13,"key":"Centennial Puzzle"},{"floor":24,"key":"MawBank"},{"floor":26,"key":"Mummified Hand"}],"event_choices":[{"damage_healed":0.0,"max_hp_gain":0.0,"max_hp_loss":0.0,"gold_gain":0.0,"event_name":"Liars Game","player_choice":"Ignored","floor":2.0,"gold_loss":0.0,"damage_taken":0.0},{"damage_healed":0.0,"max_hp_gain":0.0,"max_hp_loss":0.0,"gold_gain":75.0,"event_name":"World of Goop","player_choice":"Gather Gold","floor":4.0,"gold_loss":0.0,"damage_taken":11.0},{"damage_healed":0.0,"max_hp_gain":0.0,"max_hp_loss":0.0,"gold_gain":0.0,"event_name":"Wheel of Change","player_choice":"Cursed","floor":5.0,"gold_loss":0.0,"damage_taken":0.0,"cards_obtained":["Decay"]},{"damage_healed":0,"gold_gain":0,"player_choice":"Ignored","damage_taken":0,"max_hp_gain":0,"max_hp_loss":0,"event_name":"Ghosts","floor":20,"gold_loss":0}],"is_beta":false,"boss_relics":[{"not_picked":["White Beast Statue","Calling Bell"],"picked":"Tiny House"}],"items_purged_floors":[11,21],"is_endless":false,"potions_floor_spawned":[12,13,14,16,22,25],"killed_by":"Chosen and Byrds","ascension_level":17}