{"gold_per_floor":[415,155,430,21,39,39,54,66,137,137,154,154,169,187,187,285,285,302,316,316,45,64,64,64,64,64,64,79,97,21,32,32,127,127,138,153,167,182,182,182,207,219,231,255,267],"floor_reached":45,"playtime":3649,"items_purged":["Strike_B","Regret","Regret"],"score":491,"play_id":"9ae7e4dc-8331-4c5e-a0fa-ee91603ca278","local_time":"20190504223245","is_ascension_mode":false,"campfire_choices":[{"data":"Fusion","floor":6.0,"key":"SMITH"},{"data":"Glacier","floor":10.0,"key":"SMITH"},{"data":"Doom and Gloom","floor":12.0,"key":"SMITH"},{"data":"Sunder","floor":15.0,"key":"SMITH"},{"floor":23.0,"key":"REST"},{"data":"Doom and Gloom","floor":25.0,"key":"SMITH"},{"data":"Dualcast","floor":27.0,"key":"SMITH"},{"floor":32.0,"key":"REST"},{"floor":40,"key":"REST"},{"floor":42,"key":"REST"}],"neow_cost":"PERCENT_DAMAGE","seed_source_timestamp":0,"circlet_count":0,"master_deck":["Strike_B","Strike_B","Defend_B","Defend_B","Defend_B","Defend_B","Zap","Dualcast+1","Conserve Battery","Self Repair+1","Fusion+1","Turbo","Conserve Battery","Force Field","Glacier+1","Doom and Gloom+1","Sunder+1","Echo Form+1","Creative AI+1","Writhe","Shame","Chaos+1","Tempest+1","Chill","Doom and Gloom+1","Darkness+1","Conserve Battery","Capacitor+1","Redo+1","Amplify","Storm+1","Glacier+1","Loop+1","Consume+1","Meteor Strike","Defragment+1","Shame","Parasite"],"special_seed":0,"relics":["Cracked Core","Old Coin","Gremlin Horn","Frozen Egg 2","Calling Bell","Regal Pillow","Pantograph","Calipers","Turnip","Cursed Key","MawBank","The Courier"],"potions_floor_usage":[41,45],"damage_taken":[{"damage":6.0,"enemies":"Jaw Worm","floor":1.0,"turns":3.0},{"damage":0.0,"enemies":"Cultist","floor":5.0,"turns":4.0},{"damage":0.0,"enemies":"2 Louse","floor":7.0,"turns":4.0},{"damage":11.0,"enemies":"Gremlin Gang","floor":8.0,"turns":7.0},{"damage":0.0,"enemies":"Lots of Slimes","floor":11.0,"turns":7.0},{"damage":2.0,"enemies":"Blue Slaver","floor":13.0,"turns":2.0},{"damage":1.0,"enemies":"Exordium Thugs","floor":14.0,"turns":2.0},{"damage":33.0,"enemies":"Hexaghost","floor":16.0,"turns":10.0},{"damage":18.0,"enemies":"3 Byrds","floor":18.0,"turns":3.0},{"damage":12.0,"enemies":"Spheric Guardian","floor":19.0,"turns":8.0},{"damage":39.0,"enemies":"Shelled Parasite and Fungi","floor":22.0,"turns":8.0},{"damage":23.0,"enemies":"Snake Plant","floor":28.0,"turns":4.0},{"damage":25.0,"enemies":"Centurion and Healer","floor":29.0,"turns":7.0},{"damage":29.0,"enemies":"Shelled Parasite and Fungi","floor":31.0,"turns":8.0},{"damage":51.0,"enemies":"Champ","floor":33.0,"turns":12.0},{"damage":9.0,"enemies":"Orb Walker","floor":35.0,"turns":6.0},{"damage":43,"enemies":"3 Darklings","floor":36,"turns":3},{"damage":17,"enemies":"Sphere and 2 Shapes","floor":37,"turns":8},{"damage":30,"enemies":"Maw","floor":38,"turns":10},{"damage":52,"enemies":"Nemesis","floor":41,"turns":7},{"damage":17,"enemies":"Writhing Mass","floor":44,"turns":6},{"damage":42,"enemies":"3 Darklings","floor":45,"turns":3}],"seed_played":"5092749310799834541","potions_obtained":[{"floor":1.0,"key":"Block Potion"},{"floor":5.0,"key":"SpeedPotion"},{"floor":11.0,"key":"AttackPotion"},{"floor":13.0,"key":"FearPotion"},{"floor":16.0,"key":"LiquidBronze"},{"floor":18.0,"key":"GamblersBrew"},{"floor":29.0,"key":"FearPotion"},{"floor":31.0,"key":"Ancient Potion"},{"floor":36,"key":"SkillPotion"},{"floor":41,"key":"Explosive Potion"}],"is_trial":false,"path_per_floor":["?","?","?","M","M","?"],"character_chosen":"DEFECT","items_purchased":["Self Repair","Fusion","Turbo","Conserve Battery","Gremlin Horn","Chill","Doom and Gloom","Capacitor+1"],"campfire_rested":4,"item_purchase_floors":[2,2,2,4,4,21,21,30],"current_hp_per_floor":[48,48,48,48,55,55,62,58,58,58,65,65,63,69,69,43,75,64,66,66,66,34,71,71,71,71,71,58,33,33,24,61,24,75,75,42,45,25,25,62,20,57,57,40,0],"gold":267,"neow_bonus":"ONE_RARE_RELIC","is_prod":false,"is_daily":false,"chose_seed":false,"campfire_upgraded":6,"win_rate":0,"timestamp":1557023565,"path_taken":["M","$","?","$","M","R","M","M","T","R","M","R","M","M","R","BOSS","M","M","?","$","M","R","?","R","T","R","M","?","$","M","R","BOSS","M","?","M","M","?","R","E","R","T","M","M"],"build_version":"2019-01-23","purchased_purges":3,"victory":false,"max_hp_per_floor":[75,75,75,75,75,75,75,75,75,75,75,75,75,75,75,75,75,75,75,75,75,75,75,75,75,75,75,75,75,75,75,75,75,75,75,75,75,75,75,75,75,75,75,75,75],"card_choices":[{"not_picked":["Rip and Tear","Hello World"],"picked":"Conserve Battery","floor":1.0},{"not_picked":["Aggregate","Auto Shields"],"picked":"Force Field","floor":5.0},{"not_picked":["Sweeping Beam","Turbo"],"picked":"Glacier","floor":7.0},{"not_picked":["Rebound","Leap","Sweeping Beam"],"picked":"SKIP","floor":8.0},{"not_picked":["Compile Driver","Redo"],"picked":"Doom and Gloom","floor":11.0},{"not_picked":["Leap","Rebound"],"picked":"Sunder","floor":13.0},{"not_picked":["Steam","Reinforced Body"],"picked":"Echo Form+1","floor":14.0},{"not_picked":["All For One","Machine Learning+1"],"picked":"Creative AI+1","floor":16.0},{"not_picked":["Conserve Battery","Sweeping Beam"],"picked":"Chaos+1","floor":18.0},{"not_picked":["Beam Cell","Scrape"],"picked":"Tempest+1","floor":19.0},{"not_picked":["Static Discharge+1","Steam+1"],"picked":"Darkness+1","floor":22.0},{"not_picked":["Beam Cell","Gash"],"picked":"Conserve Battery","floor":28.0},{"not_picked":["Doom and Gloom","Hello World+1","Steam+1"],"picked":"SKIP","floor":29.0},{"not_picked":["Thunder Strike","Sweeping Beam"],"picked":"Redo+1","floor":31.0},{"not_picked":["Thunder Strike","Multi-Cast"],"picked":"Amplify","floor":33.0},{"not_picked":["Conserve Battery+1","Undo+1"],"picked":"Storm+1","floor":35.0},{"not_picked":["Storm+1","Scrape"],"picked":"Glacier+1","floor":36},{"not_picked":["Rip and Tear","Double Energy"],"picked":"Loop+1","floor":37},{"not_picked":["Lockon+1","Scrape"],"picked":"Consume+1","floor":38},{"not_picked":["Go for the Eyes","Steam+1"],"picked":"Defragment+1","floor":41},{"not_picked":["BootSequence","Cold Snap+1","Aggregate+1"],"picked":"SKIP","floor":44}],"player_experience":469182,"relics_obtained":[{"floor":9.0,"key":"Frozen Egg 2"},{"floor":17.0,"key":"Regal Pillow"},{"floor":17.0,"key":"Pantograph"},{"floor":17.0,"key":"Calipers"},{"floor":26.0,"key":"Turnip"},{"floor":41,"key":"MawBank"},{"floor":43,"key":"The Courier"}],"event_choices":[{"damage_healed":0.0,"max_hp_gain":0.0,"max_hp_loss":0.0,"gold_gain":275.0,"event_name":"Golden Shrine","player_choice":"Desecrate","floor":3.0,"gold_loss":0.0,"damage_taken":0.0,"cards_obtained":["Regret"]},{"damage_healed":0.0,"max_hp_gain":0.0,"max_hp_loss":0.0,"gold_gain":0.0,"event_name":"Vampires","player_choice":"Ignored","floor":20.0,"gold_loss":0.0,"damage_taken":0.0},{"damage_healed":0.0,"max_hp_gain":0.0,"max_hp_loss":0.0,"gold_gain":0.0,"event_name":"Upgrade Shrine","player_choice":"Upgraded","floor":24.0,"gold_loss":0.0,"damage_taken":0.0,"cards_upgraded":["Self Repair"]},{"damage_healed":0,"gold_gain":0,"cards_transformed":["Strike_B"],"player_choice":"Transformed","damage_taken":0,"max_hp_gain":0,"max_hp_loss":0,"event_name":"Transmorgrifier","floor":39,"gold_loss":0,"cards_obtained":["Meteor Strike"]}],"is_beta":false,"boss_relics":[{"not_picked":["Lizard Tail","Runic Dome"],"picked":"Calling Bell"},{"not_picked":["Tiny House","FrozenCore"],"picked":"Cursed Key"}],"items_purged_floors":[2,4,21],"is_endless":false,"potions_floor_spawned":[1,5,11,13,16,18,29,31,36,37,41],"killed_by":"3 Darklings","ascension_level":0}