{"gold_per_floor":[113,128,146,221,221,250,250,275,327,356,371,20,20,51,51,147,147,164,164,164,183,108,139,139,158,185,211,211,211,230,246,246,246],"floor_reached":33,"playtime":6092,"items_purged":["Shame"],"score":624,"play_id":"0f61e3c5-03b0-4066-b96f-aa91fb95b42e","local_time":"20190528114528","is_ascension_mode":true,"campfire_choices":[{"floor":7.0,"key":"REST"},{"data":"Coolheaded","floor":13.0,"key":"SMITH"},{"data":"Biased Cognition","floor":15.0,"key":"SMITH"},{"data":"Dualcast","floor":24.0,"key":"SMITH"},{"data":"Biased Cognition","floor":28.0,"key":"SMITH"},{"data":"Coolheaded","floor":32.0,"key":"SMITH"}],"neow_cost":"NONE","seed_source_timestamp":798624572916248,"circlet_count":0,"master_deck":["Strike_B","Strike_B+1","Strike_B","Strike_B","Defend_B","Defend_B","Defend_B","Defend_B","Zap+1","Dualcast+1","Sweeping Beam","Coolheaded+1","Ball Lightning","Conserve Battery","FTL+1","Injury","Coolheaded+1","Electrodynamics","Biased Cognition+1","Echo Form","Ball Lightning+1","Biased Cognition+1","Normality","Glacier"],"special_seed":0,"relics":["Cursed Key","Molten Egg 2","Anchor","Bag of Marbles","Darkstone Periapt","Bag of Preparation","Mummified Hand","White Beast Statue","Gremlin Horn","Oddly Smooth Stone","Boot","Pear"],"potions_floor_usage":[33,33],"damage_taken":[{"damage":2.0,"enemies":"2 Louse","floor":1.0,"turns":3.0},{"damage":8.0,"enemies":"Jaw Worm","floor":2.0,"turns":4.0},{"damage":0.0,"enemies":"Cultist","floor":3.0,"turns":3.0},{"damage":18.0,"enemies":"Lagavulin","floor":6.0,"turns":6.0},{"damage":15.0,"enemies":"Gremlin Nob","floor":8.0,"turns":3.0},{"damage":4.0,"enemies":"3 Sentries","floor":10.0,"turns":5.0},{"damage":0.0,"enemies":"2 Fungi Beasts","floor":11.0,"turns":1.0},{"damage":2.0,"enemies":"Gremlin Nob","floor":14.0,"turns":4.0},{"damage":0.0,"enemies":"Slime Boss","floor":16.0,"turns":5.0},{"damage":1.0,"enemies":"2 Thieves","floor":18.0,"turns":3.0},{"damage":0.0,"enemies":"Shell Parasite","floor":21.0,"turns":3.0},{"damage":0.0,"enemies":"Gremlin Leader","floor":23.0,"turns":3.0},{"damage":0.0,"enemies":"Cultist and Chosen","floor":25.0,"turns":3.0},{"damage":0.0,"enemies":"Book of Stabbing","floor":27.0,"turns":5.0},{"damage":0.0,"enemies":"Sentry and Sphere","floor":30.0,"turns":3.0},{"damage":0.0,"enemies":"3 Cultists","floor":31.0,"turns":3.0},{"damage":56,"enemies":"Champ","floor":33,"turns":5}],"seed_played":"7129279422723616213","potions_obtained":[{"floor":2.0,"key":"Energy Potion"},{"floor":8.0,"key":"EssenceOfSteel"},{"floor":11.0,"key":"Dexterity Potion"},{"floor":14.0,"key":"SmokeBomb"},{"floor":16.0,"key":"Explosive Potion"},{"floor":18.0,"key":"Ancient Potion"},{"floor":21.0,"key":"Block Potion"},{"floor":23.0,"key":"Fire Potion"},{"floor":25.0,"key":"Energy Potion"},{"floor":27.0,"key":"FearPotion"},{"floor":30.0,"key":"FairyPotion"},{"floor":31.0,"key":"LiquidBronze"}],"is_trial":false,"path_per_floor":["M","M","M","?","?","E","R","E","T","E","M","$","R","E","R","B",null,"M","?","?","M","$","E","R","M","T","E","R","?","M","M","R","B"],"character_chosen":"DEFECT","items_purchased":["Bag of Preparation","Electrodynamics","AttackPotion"],"campfire_rested":1,"item_purchase_floors":[12,12,12],"current_hp_per_floor":[66,58,58,47,32,14,36,21,21,17,17,17,17,15,15,15,60,59,65,50,50,50,50,50,50,56,66,66,56,56,56,56,0],"gold":246,"neow_bonus":"BOSS_RELIC","is_prod":false,"is_daily":false,"chose_seed":false,"campfire_upgraded":5,"win_rate":0,"timestamp":1559024128,"path_taken":["M","M","M","?","?","E","R","E","T","E","M","$","R","E","R","BOSS","M","?","?","M","$","E","R","M","T","E","R","?","M","M","R","BOSS"],"build_version":"2019-01-23","purchased_purges":1,"victory":false,"max_hp_per_floor":[75,75,75,75,75,75,75,75,75,75,75,75,75,75,75,75,75,75,81,86,86,86,86,86,86,92,102,102,102,102,102,102,102],"card_choices":[{"not_picked":["Stack","Redo"],"picked":"Sweeping Beam","floor":1.0},{"not_picked":["Compile Driver","Go for the Eyes"],"picked":"Coolheaded","floor":2.0},{"not_picked":["Rebound","Leap"],"picked":"Ball Lightning","floor":3.0},{"not_picked":["Rip and Tear","Recycle"],"picked":"Conserve Battery","floor":6.0},{"not_picked":["Rebound+1","Conserve Battery"],"picked":"FTL+1","floor":8.0},{"not_picked":["Conserve Battery","Stack","Darkness"],"picked":"SKIP","floor":10.0},{"not_picked":["Undo","Steam"],"picked":"Coolheaded","floor":11.0},{"not_picked":["Self Repair","Redo"],"picked":"Biased Cognition","floor":14.0},{"not_picked":["Fission","Meteor Strike+1"],"picked":"Echo Form","floor":16.0},{"not_picked":["Reprogram","Conserve Battery"],"picked":"Ball Lightning+1","floor":18.0},{"not_picked":["Recycle","Stack","Ball Lightning+1"],"picked":"SKIP","floor":21.0},{"not_picked":["Recycle","Hologram","Beam Cell+1"],"picked":"SKIP","floor":23.0},{"not_picked":["Undo","Conserve Battery+1"],"picked":"Biased Cognition","floor":25.0},{"not_picked":["Ball Lightning+1","Skim","Undo"],"picked":"SKIP","floor":27.0},{"not_picked":["Coolheaded","Steam+1"],"picked":"Glacier","floor":30.0},{"not_picked":["Reinforced Body","Tempest","Go for the Eyes+1"],"picked":"SKIP","floor":31.0}],"player_experience":864744,"relics_obtained":[{"floor":6.0,"key":"Molten Egg 2"},{"floor":8.0,"key":"Anchor"},{"floor":9.0,"key":"Bag of Marbles"},{"floor":10.0,"key":"Darkstone Periapt"},{"floor":14.0,"key":"Mummified Hand"},{"floor":23.0,"key":"Oddly Smooth Stone"},{"floor":26.0,"key":"Boot"},{"floor":27.0,"key":"Pear"}],"event_choices":[{"damage_healed":0.0,"max_hp_gain":0.0,"max_hp_loss":0.0,"gold_gain":75.0,"event_name":"World of Goop","player_choice":"Gather Gold","floor":4.0,"gold_loss":0.0,"damage_taken":11.0},{"damage_healed":0.0,"max_hp_gain":0.0,"max_hp_loss":0.0,"gold_gain":0.0,"event_name":"Shining Light","player_choice":"Entered Light","floor":5.0,"gold_loss":0.0,"damage_taken":15.0,"cards_upgraded":["Strike_B","Zap"]},{"damage_healed":0.0,"max_hp_gain":0.0,"max_hp_loss":0.0,"gold_gain":0.0,"event_name":"Addict","player_choice":"Stole Relic","floor":19.0,"gold_loss":0.0,"damage_taken":0.0,"relics_obtained":["Gremlin Horn"],"cards_obtained":["Shame"]},{"damage_healed":0.0,"max_hp_gain":5.0,"max_hp_loss":0.0,"gold_gain":0.0,"event_name":"Forgotten Altar","player_choice":"Shed Blood","floor":20.0,"gold_loss":0.0,"damage_taken":20.0},{"damage_healed":0.0,"max_hp_gain":0.0,"max_hp_loss":0.0,"gold_gain":0.0,"event_name":"Knowing Skull","player_choice":"","floor":29.0,"potions_obtained":[],"gold_loss":0.0,"damage_taken":10.0,"cards_obtained":[]}],"is_beta":false,"boss_relics":[{"not_picked":["Eternal Feather","Velvet Choker"],"picked":"White Beast Statue"}],"items_purged_floors":[22],"is_endless":false,"potions_floor_spawned":[2,8,11,14,16,18,21,23,25,27,30,31],"killed_by":"Champ","ascension_level":9}