{"gold_per_floor":[112,37,55,55,74,74,108,8,8,19,50,50,50,83,83,179,179,198,113,127,144,162,197,209,234,234,234,252,281,281,311,311,311],"floor_reached":33,"playtime":5628,"items_purged":["Pain","Strike_B"],"score":456,"play_id":"a84843f9-51ed-44c4-a48b-87294e79cf4a","local_time":"20190521205543","is_ascension_mode":true,"campfire_choices":[{"data":"Dualcast","floor":6.0,"key":"SMITH"},{"data":"Chill","floor":12.0,"key":"SMITH"},{"data":"Storm","floor":15.0,"key":"SMITH"},{"floor":32,"key":"REST"}],"neow_cost":"CURSE","seed_source_timestamp":217930546535706,"circlet_count":0,"master_deck":["Strike_B+1","Strike_B","Defend_B","Defend_B","Defend_B","Defend_B","Zap","Dualcast+1","Chill+1","Ball Lightning","Ball Lightning+1","Ball Lightning","Consume","Hologram","Cold Snap","Storm+1","Electrodynamics","Conserve Battery","Capacitor","Conserve Battery+1","Loop","BootSequence","Buffer","Genetic Algorithm+1"],"special_seed":0,"relics":["Cracked Core","Dead Branch","Shuriken","Whetstone","Prayer Wheel","Velvet Choker","Omamori","Centennial Puzzle","Bottled Tornado","The Courier","Strawberry","Frozen Egg 2","Bottled Lightning"],"potions_floor_usage":[],"damage_taken":[{"damage":9.0,"enemies":"Jaw Worm","floor":1.0,"turns":5.0},{"damage":0.0,"enemies":"Cultist","floor":3.0,"turns":3.0},{"damage":0.0,"enemies":"Small Slimes","floor":5.0,"turns":3.0},{"damage":2.0,"enemies":"Gremlin Nob","floor":7.0,"turns":3.0},{"damage":0.0,"enemies":"2 Fungi Beasts","floor":10.0,"turns":2.0},{"damage":5.0,"enemies":"3 Sentries","floor":11.0,"turns":3.0},{"damage":6.0,"enemies":"Lagavulin","floor":14.0,"turns":5.0},{"damage":18.0,"enemies":"The Guardian","floor":16.0,"turns":11.0},{"damage":2.0,"enemies":"Chosen","floor":18.0,"turns":4.0},{"damage":0.0,"enemies":"Spheric Guardian","floor":20.0,"turns":3.0},{"damage":5.0,"enemies":"Shelled Parasite and Fungi","floor":21.0,"turns":3.0},{"damage":0.0,"enemies":"3 Cultists","floor":22.0,"turns":3.0},{"damage":3.0,"enemies":"Slavers","floor":23.0,"turns":3.0},{"damage":4.0,"enemies":"Snecko","floor":24.0,"turns":5.0},{"damage":34.0,"enemies":"Gremlin Leader","floor":25.0,"turns":7.0},{"damage":11.0,"enemies":"Sentry and Sphere","floor":28.0,"turns":4.0},{"damage":2.0,"enemies":"Slavers","floor":29.0,"turns":2.0},{"damage":20,"enemies":"Gremlin Leader","floor":31,"turns":6},{"damage":50,"enemies":"Champ","floor":33,"turns":11}],"seed_played":"-8600638292704008817","potions_obtained":[{"floor":3.0,"key":"FocusPotion"},{"floor":5.0,"key":"PowerPotion"},{"floor":7.0,"key":"Strength Potion"},{"floor":11.0,"key":"AttackPotion"},{"floor":14.0,"key":"Block Potion"},{"floor":20.0,"key":"Fire Potion"},{"floor":24.0,"key":"Swift Potion"},{"floor":28.0,"key":"Dexterity Potion"}],"is_trial":false,"path_per_floor":["M","$","M","?","M","R","E","$","T","M","E","R","?","E","R","B",null,"M","?","M","M","M","E","M","E","T","?","M","E","?","E","R","B"],"character_chosen":"DEFECT","items_purchased":[],"campfire_rested":1,"item_purchase_floors":[],"current_hp_per_floor":[80,80,80,80,80,80,78,78,78,78,73,73,78,72,72,54,84,82,82,82,77,77,74,70,36,36,43,32,30,30,10,40,0],"gold":311,"neow_bonus":"TWENTY_PERCENT_HP_BONUS","is_prod":false,"is_daily":false,"chose_seed":false,"campfire_upgraded":3,"win_rate":0,"timestamp":1558452343,"path_taken":["M","$","M","?","?","R","E","?","T","M","E","R","?","E","R","BOSS","M","?","M","M","M","E","M","E","T","?","?","E","?","E","R","BOSS"],"build_version":"2019-01-23","purchased_purges":2,"victory":false,"max_hp_per_floor":[89,89,89,89,89,89,89,89,89,89,89,89,94,94,94,94,94,94,94,94,94,94,94,94,94,94,101,101,101,101,101,101,101],"card_choices":[{"not_picked":["Auto Shields","Sweeping Beam"],"picked":"Chill","floor":1.0},{"not_picked":["Scrape","Gash"],"picked":"Ball Lightning","floor":3.0},{"not_picked":["Static Discharge","Redo"],"picked":"Ball Lightning","floor":5.0},{"not_picked":["Gash","Aggregate"],"picked":"Consume","floor":7.0},{"not_picked":["Turbo","Lockon"],"picked":"Hologram","floor":10.0},{"not_picked":["Scrape","Turbo"],"picked":"Cold Snap","floor":11.0},{"not_picked":["Barrage","Beam Cell"],"picked":"Storm","floor":14.0},{"not_picked":["Biased Cognition","Meteor Strike"],"picked":"Electrodynamics","floor":16.0},{"not_picked":["Go for the Eyes","Leap"],"picked":"Conserve Battery","floor":18.0},{"not_picked":["Redo","Leap"],"picked":"Capacitor","floor":18.0},{"not_picked":["Barrage","Force Field+1"],"picked":"Conserve Battery+1","floor":20.0},{"not_picked":["Barrage","Chill","FTL+1"],"picked":"SKIP","floor":20.0},{"not_picked":["Steam","Stack+1","Ball Lightning"],"picked":"SKIP","floor":21.0},{"not_picked":["Stack","Cold Snap","Streamline"],"picked":"SKIP","floor":21.0},{"not_picked":["Gash","Reboot"],"picked":"Loop","floor":22.0},{"not_picked":["Steam Power","Streamline"],"picked":"BootSequence","floor":22.0},{"not_picked":["Ball Lightning","Scrape","Beam Cell"],"picked":"SKIP","floor":23.0},{"not_picked":["Lockon","Rebound","Steam+1"],"picked":"SKIP","floor":24.0},{"not_picked":["Coolheaded+1","Streamline+1","Heatsinks"],"picked":"SKIP","floor":24.0},{"not_picked":["Chaos","Melter+1"],"picked":"Buffer","floor":25.0},{"not_picked":["Chaos+1","Gash"],"picked":"Genetic Algorithm+1","floor":28.0},{"not_picked":["Conserve Battery","Cold Snap","Chaos"],"picked":"SKIP","floor":28.0},{"not_picked":["Stack","Go for the Eyes","Sunder+1"],"picked":"SKIP","floor":29.0},{"not_picked":["Sweeping Beam+1","Redo","Reboot"],"picked":"SKIP","floor":31}],"player_experience":593725,"relics_obtained":[{"floor":7.0,"key":"Dead Branch"},{"floor":9.0,"key":"Shuriken"},{"floor":11.0,"key":"Whetstone"},{"floor":14.0,"key":"Prayer Wheel"},{"floor":23.0,"key":"Centennial Puzzle"},{"floor":25.0,"key":"Bottled Tornado"},{"floor":26.0,"key":"The Courier"},{"floor":29.0,"key":"Frozen Egg 2"},{"floor":31,"key":"Bottled Lightning"}],"event_choices":[{"damage_healed":0.0,"max_hp_gain":0.0,"max_hp_loss":0.0,"gold_gain":0.0,"cards_transformed":["Strike_B"],"event_name":"Transmorgrifier","player_choice":"Transformed","floor":4.0,"gold_loss":0.0,"damage_taken":0.0,"cards_obtained":["Ball Lightning"]},{"damage_healed":0.0,"max_hp_gain":5.0,"max_hp_loss":0.0,"gold_gain":0.0,"event_name":"Big Fish","player_choice":"Donut","floor":13.0,"gold_loss":0.0,"damage_taken":0.0},{"damage_healed":0.0,"max_hp_gain":0.0,"max_hp_loss":0.0,"gold_gain":0.0,"event_name":"Addict","player_choice":"Obtained Relic","floor":19.0,"gold_loss":85.0,"damage_taken":0.0,"relics_obtained":["Omamori"]},{"damage_healed":0.0,"max_hp_gain":0.0,"max_hp_loss":0.0,"gold_gain":0.0,"event_name":"WeMeetAgain","player_choice":"Gave Potion","floor":27.0,"gold_loss":0.0,"damage_taken":0.0,"relics_obtained":["Strawberry"]},{"damage_healed":0.0,"max_hp_gain":0.0,"max_hp_loss":0.0,"gold_gain":0.0,"event_name":"Forgotten Altar","player_choice":"Smashed Altar","floor":30.0,"gold_loss":0.0,"damage_taken":0.0,"cards_obtained":["Decay"]}],"is_beta":false,"boss_relics":[{"not_picked":["Calling Bell","FrozenCore"],"picked":"Velvet Choker"}],"items_purged_floors":[2,8],"is_endless":false,"potions_floor_spawned":[3,5,7,11,14,20,24,28],"killed_by":"Champ","ascension_level":5}