{"path_per_floor":["M","?","M","M","$","E","R","?","T","M","M","T","R","M","R","B",null,"M","?","M","$","M","M","E","?","T","R","M","R","$","M","R","B",null,"M","?","M"],"character_chosen":"THE_SILENT","items_purchased":["Explosive Potion","Poisoned Stab","Well Laid Plans"],"gold_per_floor":[20,20,40,54,3,35,35,35,35,55,65,91,91,111,111,214,214,234,234,250,123,134,147,174,174,226,226,245,245,125,135,135,230,260,272,272,292,292],"floor_reached":38,"campfire_rested":5,"playtime":12433,"current_hp_per_floor":[70,70,70,70,70,47,68,54,54,54,49,49,49,46,67,46,70,70,70,63,63,41,18,10,33,33,54,37,58,58,37,58,14,75,59,50,1,0],"items_purged":["Defend_G","Strike_G"],"gold":292,"score":423,"play_id":"52b6a199-805b-4dc2-b714-e82e7c749ed4","local_time":"20180505031023","is_prod":false,"is_daily":false,"chose_seed":false,"is_ascension_mode":false,"campfire_upgraded":1,"timestamp":1525504223,"path_taken":["M","?","M","M","$","E","R","?","T","?","M","?","R","M","R","BOSS","M","?","M","$","?","M","E","?","T","R","M","R","$","M","R","BOSS","M","?","M","M"],"build_version":"2018-05-03","seed_source_timestamp":18407756182725,"purchased_purges":2,"victory":false,"master_deck":["Defend_G","Defend_G","Defend_G","Defend_G","Strike_G","Survivor","Neutralize+1","Bouncing Flask","Choke","Prepared","Dodge and Roll","Calculated Gamble","Catalyst+1","Noxious Fumes+1","Expertise","Infinite Blades","Burst","Deadly Poison","Neutralize","Envenom","Deadly Poison","Poisoned Stab","Bane","Infinite Blades+1","Well Laid Plans","Burst+1","Prepared","Catalyst+1","Madness","Madness","Deflect+1"],"max_hp_per_floor":[70,70,70,70,70,70,70,70,70,70,70,70,70,70,70,70,70,70,70,70,70,70,70,70,70,70,70,70,70,70,70,70,70,75,75,75,75,75],"relics":["Ring of the Snake","Question Card","Ice Cream","Happy Flower","Black Star","Toolbox","Smiling Mask","Bag of Marbles","Tiny House"],"card_choices":[{"not_picked":["Deadly Poison","PiercingWail"],"picked":"Prepared","floor":1},{"not_picked":["Flying Knee","Skewer"],"picked":"Dodge and Roll","floor":3},{"not_picked":["Malaise","Night Terror"],"picked":"Calculated Gamble","floor":4},{"not_picked":["Escape Plan","Dodge and Roll"],"picked":"Catalyst","floor":6},{"not_picked":["Backflip","Underhanded Strike","Terror"],"picked":"Noxious Fumes","floor":10},{"not_picked":["Noxious Fumes","Eviscerate","Acrobatics"],"picked":"Expertise","floor":11},{"not_picked":["Flying Knee","Quick Slash","Finisher"],"picked":"Infinite Blades","floor":14},{"not_picked":["Wraith Form v2","Venomology","Envenom"],"picked":"Burst","floor":16},{"not_picked":["Noxious Fumes","PiercingWail","Deflect"],"picked":"Deadly Poison","floor":18},{"not_picked":["Poisoned Stab","Acrobatics","Phantasmal Killer"],"picked":"Bane","floor":22},{"not_picked":["Flying Knee","Deflect","Poisoned Stab"],"picked":"Infinite Blades","floor":24},{"not_picked":["Glass Knife","Tools of the Trade","Envenom"],"picked":"Burst","floor":33},{"not_picked":["Outmaneuver","Bane","Poisoned Stab"],"picked":"Prepared","floor":34},{"not_picked":["Dagger Throw","Well Laid Plans","Slice"],"picked":"Catalyst","floor":35},{"not_picked":["Noxious Fumes","Flying Knee","Deadly Poison"],"picked":"Deflect","floor":37}],"player_experience":100621,"potions_floor_usage":[23,24,24,33,37,38,38],"damage_taken":[{"damage":0,"enemies":"Jaw Worm","floor":1,"turns":3},{"damage":0,"enemies":"Small Slimes","floor":3,"turns":4},{"damage":0,"enemies":"Cultist","floor":4,"turns":4},{"damage":23,"enemies":"Lagavulin","floor":6,"turns":8},{"damage":0,"enemies":"Gremlin Gang","floor":10,"turns":7},{"damage":5,"enemies":"Exordium Wildlife","floor":11,"turns":5},{"damage":3,"enemies":"Looter","floor":14,"turns":3},{"damage":21,"enemies":"Hexaghost","floor":16,"turns":6},{"damage":0,"enemies":"Spheric Guardian","floor":18,"turns":3},{"damage":7,"enemies":"Chosen","floor":20,"turns":5},{"damage":22,"enemies":"Snake Plant","floor":22,"turns":5},{"damage":23,"enemies":"Sentry and Sphere","floor":23,"turns":5},{"damage":8,"enemies":"Book of Stabbing","floor":24,"turns":5},{"damage":17,"enemies":"Cultist and Chosen","floor":28,"turns":4},{"damage":21,"enemies":"Chosen and Byrds","floor":31,"turns":5},{"damage":44,"enemies":"Collector","floor":33,"turns":6},{"damage":16,"enemies":"3 Shapes","floor":35,"turns":7},{"damage":49,"enemies":"3 Darklings","floor":37,"turns":7},{"damage":2,"enemies":"Maw","floor":38,"turns":4}],"event_choices":[{"event_name":"Living Wall","player_choice":"Forget","floor":2,"damage_taken":0},{"event_name":"Shining Light","player_choice":"Entered Light","floor":8,"damage_taken":0},{"event_name":"Match and Keep!","player_choice":"3 cards matched","floor":19,"damage_taken":0},{"event_name":"Match and Keep!","player_choice":"3 cards matched","floor":19,"damage_taken":0},{"event_name":"The Library","player_choice":"Heal","floor":25,"damage_taken":0},{"event_name":"Winding Halls","player_choice":"Embrace Madness","floor":36,"damage_taken":0}],"boss_relics":[{"not_picked":["Cursed Key","Runic Dome"],"picked":"Black Star"},{"not_picked":["Philosopher\u0027s Stone","White Beast Statue"],"picked":"Tiny House"}],"potions_floor_spawned":[1,10,14,22,23,24,28,35],"seed_played":"-7240056133305345038","killed_by":"Maw","ascension_level":0,"is_trial":false}