{"gold_per_floor":[114,289,364,364,382,382,407,417,417,450,209,235,235,255,255,352,352,363,363,363,5,22,22,36,36,61,76,88,120,137,155,155,155],"floor_reached":33,"playtime":2248,"items_purged":["Strike_B"],"score":362,"play_id":"35906fee-2ec4-4a44-8ffe-77e294af38ca","local_time":"20190405201320","is_ascension_mode":true,"campfire_choices":[{"floor":6,"key":"REST"},{"floor":15,"key":"REST"},{"data":"Fission","floor":23,"key":"SMITH"},{"floor":25,"key":"REST"},{"floor":32,"key":"REST"}],"neow_cost":"NONE","seed_source_timestamp":1291977743285393,"circlet_count":0,"master_deck":["Strike_B","Strike_B","Strike_B","Defend_B","Defend_B","Defend_B","Defend_B","Zap","Dualcast","Static Discharge","Double Energy+1","Coolheaded","Tempest","Fusion","Loop","Rebound","Heatsinks","Fission+1","Biased Cognition","Force Field","Self Repair","Double Energy","Capacitor","Leap","Master of Strategy","Storm","Leap","Self Repair","Coolheaded+1"],"relics":["Cracked Core","NeowsBlessing","Mercury Hourglass","Darkstone Periapt","Mummified Hand","Orichalcum","Odd Mushroom","Nuclear Battery","Potion Belt","Thread and Needle"],"potions_floor_usage":[12,14,16,31,33],"damage_taken":[{"damage":0,"enemies":"Small Slimes","floor":1,"turns":1},{"damage":0,"enemies":"Jaw Worm","floor":5,"turns":1},{"damage":0,"enemies":"Gremlin Nob","floor":7,"turns":1},{"damage":1,"enemies":"2 Louse","floor":8,"turns":2},{"damage":31,"enemies":"Lagavulin","floor":10,"turns":6},{"damage":16,"enemies":"The Mushroom Lair","floor":12,"turns":4},{"damage":7,"enemies":"2 Fungi Beasts","floor":14,"turns":2},{"damage":37,"enemies":"Slime Boss","floor":16,"turns":7},{"damage":14,"enemies":"Shell Parasite","floor":18,"turns":4},{"damage":30,"enemies":"2 Thieves","floor":22,"turns":3},{"damage":10,"enemies":"Snake Plant","floor":24,"turns":3},{"damage":0,"enemies":"Centurion and Healer","floor":27,"turns":1},{"damage":11,"enemies":"3 Cultists","floor":28,"turns":4},{"damage":36,"enemies":"Book of Stabbing","floor":29,"turns":5},{"damage":11,"enemies":"Snake Plant","floor":30,"turns":4},{"damage":0,"enemies":"Shelled Parasite and Fungi","floor":31,"turns":3},{"damage":66,"enemies":"Champ","floor":33,"turns":14}],"seed_played":"7193651645738456847","potions_obtained":[{"floor":7,"key":"Energy Potion"},{"floor":12,"key":"Regen Potion"},{"floor":14,"key":"FocusPotion"},{"floor":16,"key":"Energy Potion"},{"floor":18,"key":"SpeedPotion"},{"floor":22,"key":"Strength Potion"},{"floor":28,"key":"Dexterity Potion"},{"floor":31,"key":"Poison Potion"}],"is_trial":false,"path_per_floor":["?","?","?","M","?","?","M","?","?"],"character_chosen":"DEFECT","items_purchased":["Orichalcum","Loop","Rebound","Capacitor","Leap","Master of Strategy"],"campfire_rested":4,"item_purchase_floors":[11,11,11,21,21,21],"current_hp_per_floor":[75,75,64,64,64,75,75,74,74,43,43,27,27,25,47,10,75,61,61,61,61,38,38,35,57,57,57,53,31,34,34,56,0],"gold":155,"neow_bonus":"THREE_ENEMY_KILL","is_prod":false,"is_daily":false,"chose_seed":false,"campfire_upgraded":1,"win_rate":0,"timestamp":1554509600,"path_taken":["M","?","?","?","?","R","E","M","T","E","$","?","?","?","R","BOSS","M","?","?","$","M","R","M","R","T","M","M","E","M","M","R","BOSS"],"build_version":"2019-01-23","purchased_purges":1,"victory":false,"max_hp_per_floor":[75,75,75,75,75,75,75,75,75,75,75,75,75,75,75,75,75,75,75,75,75,75,75,75,75,75,75,75,75,75,75,75,75],"card_choices":[{"not_picked":["Redo","Recycle"],"picked":"Static Discharge","floor":1},{"not_picked":["Hello World","Redo"],"picked":"Double Energy","floor":5},{"not_picked":["Double Energy","Beam Cell"],"picked":"Coolheaded","floor":7},{"not_picked":["Scrape","Coolheaded"],"picked":"Tempest","floor":8},{"not_picked":["Melter","Rip and Tear"],"picked":"Fusion","floor":10},{"not_picked":["Stack","Go for the Eyes"],"picked":"Heatsinks","floor":12},{"not_picked":["Barrage","Sweeping Beam"],"picked":"Fission","floor":14},{"not_picked":["Hyperbeam","Machine Learning"],"picked":"Biased Cognition","floor":16},{"not_picked":["White Noise","Aggregate"],"picked":"Force Field","floor":18},{"not_picked":["Chill","Leap"],"picked":"Storm","floor":22},{"not_picked":["Steam","Barrage+1"],"picked":"Leap","floor":24},{"not_picked":["Melter","Steam","Sweeping Beam"],"picked":"SKIP","floor":27},{"not_picked":["Conserve Battery","Sweeping Beam+1"],"picked":"Self Repair","floor":28},{"not_picked":["Leap","Turbo"],"picked":"Coolheaded+1","floor":29},{"not_picked":["Compile Driver","Leap+1","Sweeping Beam+1"],"picked":"SKIP","floor":30},{"not_picked":["Barrage+1","Steam","Streamline"],"picked":"SKIP","floor":31}],"player_experience":359963,"relics_obtained":[{"floor":7,"key":"Mercury Hourglass"},{"floor":9,"key":"Darkstone Periapt"},{"floor":10,"key":"Mummified Hand"},{"floor":12,"key":"Odd Mushroom"},{"floor":26,"key":"Potion Belt"},{"floor":29,"key":"Thread and Needle"}],"event_choices":[{"damage_healed":0,"gold_gain":175,"player_choice":"AGREE","damage_taken":0,"max_hp_gain":0,"max_hp_loss":0,"event_name":"Liars Game","floor":2,"gold_loss":0,"cards_obtained":["Doubt"]},{"damage_healed":0,"gold_gain":75,"player_choice":"Gather Gold","damage_taken":11,"max_hp_gain":0,"max_hp_loss":0,"event_name":"World of Goop","floor":3,"gold_loss":0},{"cards_removed":["Doubt"],"damage_healed":0,"gold_gain":0,"player_choice":"Forget","damage_taken":0,"max_hp_gain":0,"max_hp_loss":0,"event_name":"Living Wall","floor":4,"gold_loss":0},{"damage_healed":0,"gold_gain":0,"player_choice":"Fought Mushrooms","damage_taken":0,"max_hp_gain":0,"max_hp_loss":0,"event_name":"Mushrooms","floor":12,"gold_loss":0},{"damage_healed":0,"gold_gain":0,"player_choice":"Forge","damage_taken":0,"max_hp_gain":0,"max_hp_loss":0,"event_name":"Accursed Blacksmith","floor":13,"gold_loss":0,"cards_upgraded":["Double Energy"]},{"damage_healed":0,"gold_gain":0,"player_choice":"Read","damage_taken":0,"max_hp_gain":0,"max_hp_loss":0,"event_name":"The Library","floor":19,"gold_loss":0,"cards_obtained":["Self Repair"]},{"damage_healed":0,"gold_gain":0,"player_choice":"1 cards matched","damage_taken":0,"max_hp_gain":0,"max_hp_loss":0,"event_name":"Match and Keep!","floor":20,"gold_loss":0,"cards_obtained":["Double Energy"]}],"is_beta":false,"boss_relics":[{"not_picked":["Velvet Choker","Eternal Feather"],"picked":"Nuclear Battery"}],"items_purged_floors":[21],"is_endless":false,"potions_floor_spawned":[7,12,14,16,18,22,28,31],"killed_by":"Champ","ascension_level":4}