{"gold_per_floor":[110,128,128,138,138,138,167,183,213,213,213,225,225,237,237,337,337,354,329,341,556,321,321,321,65,92,92,103,117,117,117],"floor_reached":31,"playtime":2657,"items_purged":[],"score":237,"play_id":"133b0f60-7732-4ac9-8c56-619f7fbfbeef","local_time":"20190216132258","is_ascension_mode":false,"campfire_choices":[{"data":"Burst","floor":6,"key":"SMITH"},{"data":"Caltrops","floor":13,"key":"SMITH"},{"data":"Predator","floor":15,"key":"SMITH"},{"floor":23,"key":"REST"},{"floor":27,"key":"REST"}],"neow_cost":"NONE","seed_source_timestamp":316180198498044,"circlet_count":0,"master_deck":["Defend_G","Defend_G","Defend_G","Defend_G","Defend_G","Strike_G","Strike_G","Strike_G","Strike_G","Survivor","Neutralize","Burst+1","Backflip","Noxious Fumes","Die Die Die","Poisoned Stab","Regret","Predator+1","Caltrops+1","Parasite","Escape Plan","Deflect","Malaise","Leg Sweep+1","Deadly Poison","PiercingWail","Catalyst","RitualDagger","Catalyst","Cloak And Dagger","Mayhem","Backflip","Dash"],"relics":["Ring of the Snake","Juzu Bracelet","Pantograph","Tiny Chest","Thread and Needle","Philosopher\u0027s Stone","Old Coin","Snake Skull","Happy Flower"],"potions_floor_usage":[],"damage_taken":[{"damage":0,"enemies":"Jaw Worm","floor":1,"turns":6},{"damage":0,"enemies":"Small Slimes","floor":2,"turns":4},{"damage":0,"enemies":"2 Louse","floor":4,"turns":3},{"damage":32,"enemies":"Lagavulin","floor":7,"turns":9},{"damage":3,"enemies":"2 Fungi Beasts","floor":8,"turns":4},{"damage":5,"enemies":"Blue Slaver","floor":12,"turns":3},{"damage":7,"enemies":"Large Slime","floor":14,"turns":7},{"damage":32,"enemies":"The Guardian","floor":16,"turns":10},{"damage":19,"enemies":"Chosen","floor":18,"turns":6},{"damage":20,"enemies":"2 Thieves","floor":19,"turns":5},{"damage":5,"enemies":"Snecko","floor":20,"turns":4},{"damage":21,"enemies":"Shelled Parasite and Fungi","floor":28,"turns":4},{"damage":22,"enemies":"Sentry and Sphere","floor":29,"turns":8},{"damage":4,"enemies":"3 Cultists","floor":31,"turns":1}],"seed_played":"2268724303852744091","potions_obtained":[{"floor":4,"key":"SteroidPotion"},{"floor":7,"key":"Block Potion"},{"floor":8,"key":"Poison Potion"},{"floor":18,"key":"Regen Potion"}],"is_trial":false,"path_per_floor":["?","?","?","T","?","?","?"],"character_chosen":"THE_SILENT","items_purchased":["Catalyst","Snake Skull","Catalyst","Cloak And Dagger","Mayhem"],"campfire_rested":2,"item_purchase_floors":[22,22,25,25,25],"current_hp_per_floor":[70,70,70,70,70,70,38,35,35,52,52,47,47,40,40,33,70,51,31,26,26,26,47,41,41,41,62,41,19,3,0],"gold":117,"neow_bonus":"ONE_RANDOM_RARE_CARD","is_prod":false,"is_daily":false,"chose_seed":false,"campfire_upgraded":3,"win_rate":0.0,"timestamp":1550341378,"path_taken":["M","M","?","M","?","R","E","M","T","?","?","M","R","M","R","BOSS","M","M","M","?","$","R","?","$","T","R","M","M","?","M"],"build_version":"2019-01-23","purchased_purges":0,"victory":false,"max_hp_per_floor":[70,70,70,70,70,70,70,70,70,70,70,70,70,70,70,70,70,70,70,70,70,70,70,70,70,70,70,70,70,70,70],"card_choices":[{"not_picked":["Outmaneuver","Acrobatics"],"picked":"Backflip","floor":1},{"not_picked":["Backstab","Backflip"],"picked":"Noxious Fumes","floor":2},{"not_picked":["Deflect","Prepared"],"picked":"Poisoned Stab","floor":4},{"not_picked":["Quick Slash","Endless Agony"],"picked":"Predator","floor":7},{"not_picked":["Bane","Slice"],"picked":"Caltrops","floor":8},{"not_picked":["Bane","Deflect"],"picked":"Escape Plan","floor":12},{"not_picked":["Bane","Underhanded Strike"],"picked":"Deflect","floor":14},{"not_picked":["Phantasmal Killer","Unload"],"picked":"Malaise","floor":16},{"not_picked":["Dagger Spray","Crippling Poison"],"picked":"Leg Sweep+1","floor":18},{"not_picked":["Reflex+1","Dagger Throw"],"picked":"Deadly Poison","floor":19},{"not_picked":["Endless Agony","Dodge and Roll"],"picked":"PiercingWail","floor":20},{"not_picked":["Distraction+1","Slice"],"picked":"Backflip","floor":28},{"not_picked":["Quick Slash","Noxious Fumes+1"],"picked":"Dash","floor":29}],"player_experience":43364,"relics_obtained":[{"floor":7,"key":"Pantograph"},{"floor":9,"key":"Tiny Chest"},{"floor":11,"key":"Thread and Needle"},{"floor":26,"key":"Happy Flower"}],"event_choices":[{"damage_healed":0,"gold_gain":0,"cards_transformed":["Strike_G"],"player_choice":"Change","damage_taken":0,"max_hp_gain":0,"max_hp_loss":0,"event_name":"Living Wall","floor":3,"gold_loss":0,"cards_obtained":["Die Die Die"]},{"damage_healed":0,"gold_gain":0,"player_choice":"Box","damage_taken":0,"relics_obtained":["Juzu Bracelet"],"max_hp_gain":0,"max_hp_loss":0,"event_name":"Big Fish","floor":5,"gold_loss":0,"cards_obtained":["Regret"]},{"damage_healed":17,"gold_gain":0,"player_choice":"Healed and dodged fight","damage_taken":0,"max_hp_gain":0,"max_hp_loss":0,"event_name":"Mushrooms","floor":10,"gold_loss":0,"cards_obtained":["Parasite"]},{"damage_healed":0,"gold_gain":0,"player_choice":"Obtained Relic","damage_taken":0,"relics_obtained":["Old Coin"],"max_hp_gain":0,"max_hp_loss":0,"event_name":"Addict","floor":21,"gold_loss":85},{"damage_healed":0,"gold_gain":0,"player_choice":"Joined the Cult","damage_taken":6,"max_hp_gain":0,"max_hp_loss":0,"event_name":"Nest","floor":24,"gold_loss":0,"cards_obtained":["RitualDagger"]},{"damage_healed":0,"gold_gain":0,"player_choice":"Obtained Book","damage_taken":16,"max_hp_gain":0,"max_hp_loss":0,"event_name":"Cursed Tome","floor":30,"gold_loss":0}],"is_beta":false,"boss_relics":[{"not_picked":["Runic Pyramid","Velvet Choker"],"picked":"Philosopher\u0027s Stone"}],"items_purged_floors":[],"is_endless":false,"potions_floor_spawned":[4,7,8,12,18,28,29],"killed_by":"3 Cultists","ascension_level":0}