{"gold_per_floor":[115,134,134,154,166,166,195,195,195,206,306,139,139,149,149,251,251,266,248,261,275,286,286,296,309,335,335,335,349,349,2,2,2],"floor_reached":33,"playtime":1001,"items_purged":["Strike_R","Strike_R"],"score":342,"play_id":"502a55a6-9d3a-4aeb-a561-5577870f01b1","local_time":"20190329012410","is_ascension_mode":true,"campfire_choices":[{"data":"Body Slam","floor":6,"key":"SMITH"},{"data":"Bash","floor":8,"key":"SMITH"},{"data":"Armaments","floor":13,"key":"SMITH"},{"data":"Juggernaut","floor":15,"key":"SMITH"},{"data":"Body Slam","floor":23,"key":"SMITH"},{"data":"Second Wind","floor":28,"key":"SMITH"},{"data":"Flame Barrier","floor":30,"key":"SMITH"},{"data":"Impervious","floor":32,"key":"SMITH"}],"neow_cost":"TEN_PERCENT_HP_LOSS","seed_source_timestamp":871231884145926,"circlet_count":0,"master_deck":["Strike_R","Strike_R","Defend_R","Defend_R","Defend_R","Defend_R","Bash+1","Clash","Anger","Body Slam+1","Clothesline","Dropkick","Juggernaut+1","Armaments+1","Ghostly Armor","Impervious+1","Seeing Red","Body Slam+1","Flame Barrier+1","Second Wind+1"],"relics":["Burning Blood","StoneCalendar","Pen Nib","Smiling Mask","Coffee Dripper","Incense Burner"],"potions_floor_usage":[22,33,33,33],"damage_taken":[{"damage":14,"enemies":"Jaw Worm","floor":1,"turns":5},{"damage":7,"enemies":"Small Slimes","floor":2,"turns":2},{"damage":0,"enemies":"Cultist","floor":4,"turns":3},{"damage":1,"enemies":"Exordium Wildlife","floor":5,"turns":3},{"damage":35,"enemies":"3 Sentries","floor":7,"turns":7},{"damage":8,"enemies":"Blue Slaver","floor":10,"turns":2},{"damage":5,"enemies":"Gremlin Gang","floor":14,"turns":5},{"damage":25,"enemies":"Slime Boss","floor":16,"turns":7},{"damage":11,"enemies":"Spheric Guardian","floor":18,"turns":3},{"damage":12,"enemies":"2 Thieves","floor":19,"turns":4},{"damage":16,"enemies":"Sentry and Sphere","floor":20,"turns":5},{"damage":21,"enemies":"Centurion and Healer","floor":21,"turns":4},{"damage":17,"enemies":"Snecko","floor":22,"turns":5},{"damage":5,"enemies":"3 Cultists","floor":24,"turns":5},{"damage":2,"enemies":"Chosen and Byrds","floor":25,"turns":7},{"damage":9,"enemies":"Sentry and Sphere","floor":29,"turns":4},{"damage":29,"enemies":"Collector","floor":33,"turns":8}],"seed_played":"-8213117371616620953","potions_obtained":[{"floor":2,"key":"Dexterity Potion"},{"floor":4,"key":"Dexterity Potion"},{"floor":7,"key":"Block Potion"},{"floor":14,"key":"Energy Potion"},{"floor":22,"key":"Regen Potion"}],"is_trial":false,"path_per_floor":["M","M","?","M","M","R","E","R","T","M","?","$","R","M","R","B",null,"M","M","M","M","M","R","M","M","T","?","R","M","R","$","R","B"],"character_chosen":"IRONCLAD","items_purchased":["Juggernaut","Armaments","Incense Burner"],"campfire_rested":0,"item_purchase_floors":[12,12,31],"current_hp_per_floor":[64,63,56,62,67,67,38,38,38,36,36,36,36,37,37,18,59,54,48,38,23,12,12,13,17,17,17,17,14,14,14,14,0],"gold":2,"neow_bonus":"ONE_RARE_RELIC","is_prod":false,"is_daily":false,"chose_seed":false,"campfire_upgraded":8,"win_rate":0,"timestamp":1553790250,"path_taken":["M","M","?","M","M","R","E","R","T","M","?","$","R","M","R","BOSS","M","?","M","M","M","R","M","M","T","?","R","M","R","$","R","BOSS"],"build_version":"2019-01-23","purchased_purges":2,"victory":false,"max_hp_per_floor":[72,72,72,72,72,72,72,72,72,72,72,72,72,72,72,72,72,72,72,72,72,72,72,72,72,72,72,72,72,72,72,72,72],"card_choices":[{"not_picked":["Battle Trance","Heavy Blade"],"picked":"Clash","floor":1},{"not_picked":["Thunderclap","Perfected Strike"],"picked":"Anger","floor":2},{"not_picked":["True Grit","Fire Breathing"],"picked":"Body Slam","floor":4},{"not_picked":["Heavy Blade","Rampage","Hemokinesis"],"picked":"SKIP","floor":5},{"not_picked":["Wild Strike","Twin Strike"],"picked":"Clothesline","floor":7},{"not_picked":["Clash","Perfected Strike"],"picked":"Dropkick","floor":10},{"not_picked":["Twin Strike","Disarm"],"picked":"Ghostly Armor","floor":14},{"not_picked":["Berserk","Double Tap"],"picked":"Impervious","floor":16},{"not_picked":["Pommel Strike","Sentinel"],"picked":"Seeing Red","floor":18},{"not_picked":["Fire Breathing+1","Wild Strike","Thunderclap"],"picked":"SKIP","floor":19},{"not_picked":["Flex+1","Dropkick"],"picked":"Body Slam","floor":20},{"not_picked":["Clash+1","Perfected Strike"],"picked":"Flame Barrier","floor":21},{"not_picked":["Clash","Reckless Charge","Bloodletting"],"picked":"SKIP","floor":22},{"not_picked":["Iron Wave","Sword Boomerang"],"picked":"Second Wind","floor":24},{"not_picked":["Thunderclap","Corruption","Warcry"],"picked":"SKIP","floor":25},{"not_picked":["Cleave","Wild Strike","Twin Strike"],"picked":"SKIP","floor":29}],"player_experience":391554,"relics_obtained":[{"floor":7,"key":"Pen Nib"},{"floor":9,"key":"Smiling Mask"}],"event_choices":[{"cards_removed":["Strike_R"],"damage_healed":0,"gold_gain":0,"player_choice":"Card Removal","damage_taken":7,"max_hp_gain":0,"max_hp_loss":0,"event_name":"Golden Wing","floor":3,"gold_loss":0},{"damage_healed":0,"gold_gain":100,"player_choice":"Pray","damage_taken":0,"max_hp_gain":0,"max_hp_loss":0,"event_name":"Golden Shrine","floor":11,"gold_loss":0},{"damage_healed":0,"gold_gain":0,"player_choice":"Ignored","damage_taken":0,"max_hp_gain":0,"max_hp_loss":0,"event_name":"Vampires","floor":27,"gold_loss":0}],"is_beta":false,"boss_relics":[{"not_picked":["Black Blood","Calling Bell"],"picked":"Coffee Dripper"}],"items_purged_floors":[12,31],"is_endless":false,"potions_floor_spawned":[2,4,7,14,20,21,22],"killed_by":"Collector","ascension_level":7}