{"gold_per_floor":[111,128,140,140,151,151,76,96,165,165,165,178,178,203,203,308,308,327,341,137,137,18,18,29,29,84,49,49,63,63,76,76,76],"floor_reached":33,"playtime":2413,"items_purged":["Regret"],"score":247,"play_id":"0b8f2c93-0f36-4b51-b725-1a717ebc59dc","local_time":"20190505114802","is_ascension_mode":false,"campfire_choices":[{"data":"Infernal Blade","floor":6.0,"key":"SMITH"},{"data":"Feed","floor":11.0,"key":"SMITH"},{"floor":15.0,"key":"REST"},{"floor":23.0,"key":"REST"},{"floor":25.0,"key":"REST"},{"data":"Demon Form","floor":30.0,"key":"SMITH"},{"data":"Rampage","floor":32.0,"key":"SMITH"}],"neow_cost":"NONE","seed_source_timestamp":233556958478571,"circlet_count":0,"master_deck":["Strike_R","Strike_R","Strike_R","Strike_R","Defend_R","Defend_R","Defend_R","Defend_R","Bash","Cleave","Sentinel","Anger","Infernal Blade+1","Feed+1","Heavy Blade","Entrench","Exhume","Demon Form+1","Armaments","Rampage+1","Shrug It Off","Sentinel","Armaments","Armaments","Ghostly Armor","Disarm","Feel No Pain","Shrug It Off","Regret"],"special_seed":0,"relics":["Burning Blood","Dream Catcher","Turnip","The Courier","Juzu Bracelet","Regal Pillow","Cursed Key","Oddly Smooth Stone","SsserpentHead","Happy Flower","Lantern"],"potions_floor_usage":[],"damage_taken":[{"damage":4.0,"enemies":"Small Slimes","floor":1.0,"turns":4.0},{"damage":6.0,"enemies":"Jaw Worm","floor":2.0,"turns":3.0},{"damage":5.0,"enemies":"Cultist","floor":3.0,"turns":4.0},{"damage":6.0,"enemies":"Gremlin Gang","floor":5.0,"turns":3.0},{"damage":3.0,"enemies":"2 Fungi Beasts","floor":8.0,"turns":3.0},{"damage":8.0,"enemies":"Lots of Slimes","floor":12.0,"turns":2.0},{"damage":29.0,"enemies":"3 Sentries","floor":14.0,"turns":8.0},{"damage":71.0,"enemies":"Hexaghost","floor":16.0,"turns":9.0},{"damage":20.0,"enemies":"2 Thieves","floor":18.0,"turns":4.0},{"damage":22.0,"enemies":"Shell Parasite","floor":19.0,"turns":5.0},{"damage":34.0,"enemies":"Shelled Parasite and Fungi","floor":24.0,"turns":10.0},{"damage":13.0,"enemies":"Snake Plant","floor":29.0,"turns":8.0},{"damage":15.0,"enemies":"Cultist and Chosen","floor":31.0,"turns":7.0},{"damage":65,"enemies":"Automaton","floor":33,"turns":12}],"seed_played":"4811097740988361520","potions_obtained":[{"floor":3.0,"key":"AttackPotion"},{"floor":8.0,"key":"PowerPotion"},{"floor":14.0,"key":"Regen Potion"},{"floor":16.0,"key":"Swift Potion"},{"floor":29.0,"key":"SmokeBomb"}],"is_trial":false,"path_per_floor":["?","?","T","?","$","?","?"],"character_chosen":"IRONCLAD","items_purchased":["Shrug It Off","Sentinel","Oddly Smooth Stone","Armaments","Armaments","Ghostly Armor","Disarm"],"campfire_rested":3,"item_purchase_floors":[20,20,20,22,22,22,22],"current_hp_per_floor":[80,80,80,80,80,80,80,80,80,80,80,82,82,59,84,29,84,70,54,54,54,54,84,60,88,88,88,88,81,81,72,72,7],"gold":76,"neow_bonus":"RANDOM_COMMON_RELIC","is_prod":false,"is_daily":false,"chose_seed":false,"campfire_upgraded":4,"win_rate":0,"timestamp":1557071282,"path_taken":["M","M","M","?","M","R","$","M","T","?","R","M","?","E","R","BOSS","M","M","$","?","?","R","M","R","T","?","?","M","R","M","R","BOSS"],"build_version":"2019-01-23","purchased_purges":1,"victory":false,"max_hp_per_floor":[80,80,80,80,80,80,80,80,80,80,80,84,84,84,84,84,84,84,84,84,84,84,84,88,88,88,88,88,88,88,88,88,88],"card_choices":[{"not_picked":["Carnage","Clothesline"],"picked":"Cleave","floor":1.0},{"not_picked":["Flex","Thunderclap"],"picked":"Sentinel","floor":2.0},{"not_picked":["Havoc","Rupture"],"picked":"Anger","floor":3.0},{"not_picked":["Twin Strike","Warcry"],"picked":"Infernal Blade","floor":5.0},{"not_picked":["Intimidate","Cleave","Wild Strike"],"picked":"SKIP","floor":8.0},{"not_picked":["Pommel Strike","Ghostly Armor"],"picked":"Heavy Blade","floor":12.0},{"not_picked":["Dropkick","Uppercut"],"picked":"Entrench","floor":14.0},{"not_picked":["Havoc","Flex"],"picked":"Exhume","floor":15.0},{"not_picked":["Feed","Offering"],"picked":"Demon Form","floor":16.0},{"not_picked":["Fire Breathing","Rage"],"picked":"Armaments","floor":18.0},{"not_picked":["Flex","Headbutt"],"picked":"Rampage","floor":19.0},{"not_picked":["Sword Boomerang+1","Bloodletting"],"picked":"Feel No Pain","floor":23.0},{"not_picked":["Feel No Pain","Twin Strike+1"],"picked":"Shrug It Off","floor":24.0},{"not_picked":["Perfected Strike+1","Iron Wave","Armaments"],"picked":"SKIP","floor":29.0},{"not_picked":["Wild Strike","Bloodletting","Thunderclap"],"picked":"SKIP","floor":31.0}],"player_experience":489496,"relics_obtained":[{"floor":9.0,"key":"The Courier"},{"floor":13.0,"key":"Juzu Bracelet"},{"floor":14.0,"key":"Regal Pillow"},{"floor":26.0,"key":"Happy Flower"}],"event_choices":[{"damage_healed":0.0,"max_hp_gain":0.0,"max_hp_loss":0.0,"gold_gain":0.0,"event_name":"Big Fish","player_choice":"Box","floor":4.0,"gold_loss":0.0,"damage_taken":0.0,"relics_obtained":["Turnip"],"cards_obtained":["Regret"]},{"damage_healed":0.0,"max_hp_gain":0.0,"max_hp_loss":0.0,"gold_gain":0.0,"cards_transformed":["Strike_R"],"event_name":"Living Wall","player_choice":"Change","floor":10.0,"gold_loss":0.0,"damage_taken":0.0,"cards_obtained":["Feed"]},{"damage_healed":0.0,"max_hp_gain":0.0,"max_hp_loss":0.0,"gold_gain":0.0,"event_name":"FaceTrader","player_choice":"Trade","floor":21.0,"gold_loss":0.0,"damage_taken":0.0,"relics_obtained":["SsserpentHead"]},{"damage_healed":0.0,"max_hp_gain":0.0,"max_hp_loss":0.0,"gold_gain":0.0,"event_name":"Addict","player_choice":"Obtained Relic","floor":27.0,"gold_loss":85.0,"damage_taken":0.0,"relics_obtained":["Lantern"]},{"damage_healed":0.0,"max_hp_gain":0.0,"max_hp_loss":0.0,"gold_gain":0.0,"event_name":"The Joust","player_choice":"Bet on Murderer","floor":28.0,"gold_loss":50.0,"damage_taken":0.0}],"is_beta":false,"boss_relics":[{"not_picked":["Velvet Choker","Runic Dome"],"picked":"Cursed Key"}],"items_purged_floors":[7],"is_endless":false,"potions_floor_spawned":[3,8,14,16,29],"killed_by":"Automaton","ascension_level":0}