{"gold_per_floor":[114,130,150,162,40,72,72,2,28,56,56,76,130,159,159,261,261,276,242,242,73,73,73,106,106,132,163,163,178,178],"floor_reached":30,"playtime":2372,"items_purged":["Strike_B"],"score":343,"play_id":"e055f1d4-0ec7-440b-9238-23f3ee8156ca","local_time":"20190331081206","is_ascension_mode":true,"campfire_choices":[{"floor":7,"key":"REST"},{"floor":15,"key":"REST"},{"data":"Fission","floor":23,"key":"SMITH"},{"floor":25,"key":"REST"},{"floor":28,"key":"REST"}],"neow_cost":"NONE","seed_source_timestamp":0,"circlet_count":0,"master_deck":["Strike_B","Strike_B","Defend_B","Defend_B","Defend_B","Defend_B","Zap","Dualcast","Multi-Cast","Sunder","Leap","Gash","Ball Lightning","Conserve Battery","BootSequence","White Noise","Glacier","Double Energy","Glacier","Self Repair","Fission+1","Cold Snap","Tempest","Fusion","Capacitor","Turbo","Decay","Conserve Battery","Cold Snap+1","Steam Power"],"special_seed":0,"relics":["Cracked Core","Anchor","Boot","PreservedInsect","Ancient Tea Set","Nuclear Battery","The Courier","Lantern","Bird Faced Urn"],"potions_floor_usage":[6,16,16,16,16,16],"damage_taken":[{"damage":9.0,"enemies":"Jaw Worm","floor":1.0,"turns":4.0},{"damage":3,"enemies":"Small Slimes","floor":2,"turns":3},{"damage":0,"enemies":"2 Louse","floor":3,"turns":1},{"damage":7,"enemies":"Large Slime","floor":4,"turns":5},{"damage":14,"enemies":"3 Sentries","floor":6,"turns":7},{"damage":19,"enemies":"Gremlin Nob","floor":10,"turns":4},{"damage":7,"enemies":"Lots of Slimes","floor":12,"turns":4},{"damage":2,"enemies":"Lagavulin","floor":14,"turns":6},{"damage":8,"enemies":"Hexaghost","floor":16,"turns":13},{"damage":0,"enemies":"Chosen","floor":18,"turns":6},{"damage":19,"enemies":"2 Thieves","floor":19,"turns":5},{"damage":36,"enemies":"Book of Stabbing","floor":24,"turns":6},{"damage":41,"enemies":"Slavers","floor":27,"turns":7},{"damage":33,"enemies":"Centurion and Healer","floor":29,"turns":6},{"damage":31,"enemies":"3 Cultists","floor":30,"turns":5}],"seed_played":"4214512679510485732","potions_obtained":[{"floor":2,"key":"Strength Potion"},{"floor":3,"key":"AttackPotion"},{"floor":6,"key":"Weak Potion"},{"floor":14,"key":"EntropicBrew"},{"floor":19,"key":"FearPotion"}],"is_trial":false,"path_per_floor":["?","?","?","?"],"character_chosen":"DEFECT","items_purchased":["Conserve Battery","BootSequence","Glacier","Capacitor","Turbo"],"campfire_rested":4,"item_purchase_floors":[5,5,8,21,21],"current_hp_per_floor":[66,63,63,56,56,42,64,64,64,45,45,38,38,36,58,57,75,75,63,63,63,63,63,34,56,56,22,44,24,0],"gold":178,"neow_bonus":"TRANSFORM_CARD","is_prod":false,"is_daily":false,"chose_seed":false,"campfire_upgraded":1,"win_rate":0,"timestamp":1554034326,"path_taken":["M","M","M","M","$","E","R","$","T","E","?","M","?","E","R","BOSS","M","M","?","$","?","R","E","R","T","E","R","M","M"],"build_version":"2019-01-23","purchased_purges":1,"victory":false,"max_hp_per_floor":[75,75,75,75,75,75,75,75,75,75,75,75,75,75,75,75,75,75,75,75,75,75,75,75,75,75,75,75,75,75],"card_choices":[{"not_picked":["Rebound","Tempest"],"picked":"Sunder","floor":1},{"not_picked":["Stack","BootSequence"],"picked":"Leap","floor":2},{"not_picked":["Compile Driver","Rebound"],"picked":"Gash","floor":3},{"not_picked":["Compile Driver","Skim"],"picked":"Ball Lightning","floor":4},{"not_picked":["Skim","Reprogram"],"picked":"White Noise","floor":6},{"not_picked":["Amplify","Beam Cell"],"picked":"Double Energy","floor":10},{"not_picked":["Hologram","Stack"],"picked":"Glacier","floor":12},{"not_picked":["Compile Driver","Reprogram"],"picked":"Self Repair","floor":14},{"not_picked":["Thunder Strike","Biased Cognition"],"picked":"Fission","floor":16},{"not_picked":["Steam","Stack"],"picked":"Cold Snap","floor":18},{"not_picked":["Compile Driver","Sweeping Beam"],"picked":"Tempest","floor":19},{"not_picked":["Genetic Algorithm","Compile Driver+1"],"picked":"Conserve Battery","floor":24},{"not_picked":["Stack+1","Rebound"],"picked":"Cold Snap+1","floor":27},{"not_picked":["Darkness","Beam Cell"],"picked":"Steam Power","floor":29}],"player_experience":341798,"relics_obtained":[{"floor":6,"key":"Anchor"},{"floor":9,"key":"Boot"},{"floor":10,"key":"PreservedInsect"},{"floor":14,"key":"Ancient Tea Set"},{"floor":24,"key":"The Courier"},{"floor":26,"key":"Lantern"},{"floor":27,"key":"Bird Faced Urn"}],"event_choices":[{"damage_healed":0,"gold_gain":0,"player_choice":"Ignored","damage_taken":0,"max_hp_gain":0,"max_hp_loss":0,"event_name":"Shining Light","floor":11,"gold_loss":0},{"damage_healed":0,"gold_gain":54,"player_choice":"Gained Gold","damage_taken":0,"max_hp_gain":0,"max_hp_loss":0,"event_name":"Golden Wing","floor":13,"gold_loss":0},{"damage_healed":0,"gold_gain":0,"player_choice":"Read","damage_taken":0,"max_hp_gain":0,"max_hp_loss":0,"event_name":"The Library","floor":20,"gold_loss":0,"cards_obtained":["Fusion"]},{"damage_healed":0,"gold_gain":0,"player_choice":"Smashed Altar","damage_taken":0,"max_hp_gain":0,"max_hp_loss":0,"event_name":"Forgotten Altar","floor":22,"gold_loss":0,"cards_obtained":["Decay"]}],"is_beta":false,"boss_relics":[{"not_picked":["Eternal Feather","White Beast Statue"],"picked":"Nuclear Battery"}],"items_purged_floors":[21],"is_endless":false,"potions_floor_spawned":[2,3,6,14,19],"killed_by":"3 Cultists","ascension_level":4}