{"gold_per_floor":[111,131,150,150,100,100,144,144,199,199,2,2,27,47,47,178,178,194,209,222,222,297,297,317,317,343,354,368,368,5,5],"floor_reached":31,"playtime":3399,"items_purged":[],"score":237,"play_id":"96f02b88-4c82-46ce-899c-18ae80894dac","local_time":"20190214180102","is_ascension_mode":false,"campfire_choices":[{"data":"Caltrops","floor":6,"key":"SMITH"},{"floor":12,"key":"REST"},{"floor":15,"key":"REST"},{"floor":23,"key":"REST"},{"floor":25,"key":"REST"},{"data":"After Image","floor":29,"key":"SMITH"}],"neow_cost":"NONE","seed_source_timestamp":159353350764718,"circlet_count":0,"master_deck":["Defend_G","Defend_G","Defend_G","Defend_G","Strike_G","Strike_G","Strike_G","Strike_G+1","Survivor","Neutralize+1","Bullet Time","Backflip","Caltrops+1","Noxious Fumes","Malaise","Storm of Steel","Mayhem","Dash","Poisoned Stab","After Image+1","Cloak And Dagger+1","Crippling Poison","Choke","Sucker Punch+1","Outmaneuver","Choke+1","Panache"],"relics":["Ring of the Snake","Bloody Idol","Smiling Mask","Pen Nib","Lizard Tail","Whetstone","Lee\u0027s Waffle"],"potions_floor_usage":[],"damage_taken":[{"damage":1,"enemies":"Cultist","floor":1,"turns":6},{"damage":0,"enemies":"Jaw Worm","floor":2,"turns":6},{"damage":0,"enemies":"2 Louse","floor":3,"turns":3},{"damage":44,"enemies":"Gremlin Nob","floor":7,"turns":6},{"damage":1,"enemies":"2 Fungi Beasts","floor":13,"turns":4},{"damage":0,"enemies":"Looter","floor":14,"turns":3},{"damage":26,"enemies":"Hexaghost","floor":16,"turns":11},{"damage":6,"enemies":"Shell Parasite","floor":18,"turns":8},{"damage":16,"enemies":"3 Byrds","floor":19,"turns":3},{"damage":25,"enemies":"Cultist and Chosen","floor":20,"turns":10},{"damage":9,"enemies":"Sentry and Sphere","floor":24,"turns":8},{"damage":22,"enemies":"Centurion and Healer","floor":27,"turns":9},{"damage":9,"enemies":"Shelled Parasite and Fungi","floor":28,"turns":7},{"damage":49,"enemies":"Cultist and Chosen","floor":31,"turns":7}],"seed_played":"-3502538893714894425","potions_obtained":[{"floor":1,"key":"LiquidBronze"},{"floor":13,"key":"Dexterity Potion"},{"floor":14,"key":"Strength Potion"},{"floor":24,"key":"Block Potion"}],"is_trial":false,"path_per_floor":["?","?","?","?","$","?","?","M"],"character_chosen":"THE_SILENT","items_purchased":["Mayhem","Panache","Lee\u0027s Waffle"],"campfire_rested":4,"item_purchase_floors":[11,30,30],"current_hp_per_floor":[69,69,69,52,52,52,8,8,8,8,8,29,28,28,49,23,70,64,48,23,23,21,42,38,59,64,47,43,43,77,28],"gold":5,"neow_bonus":"ONE_RANDOM_RARE_CARD","is_prod":false,"is_daily":false,"chose_seed":false,"campfire_upgraded":2,"win_rate":0.0,"timestamp":1550185262,"path_taken":["M","M","M","?","?","R","E","?","T","?","?","R","M","M","R","BOSS","M","M","M","?","?","R","M","R","T","M","M","R","$","?"],"build_version":"2019-01-23","purchased_purges":0,"victory":false,"max_hp_per_floor":[70,70,70,70,70,70,70,70,70,70,70,70,70,70,70,70,70,70,70,70,70,70,70,70,70,70,70,70,70,77,77],"card_choices":[{"not_picked":["Tactician","Cloak And Dagger"],"picked":"Backflip","floor":1},{"not_picked":["Deadly Poison","Crippling Poison"],"picked":"Caltrops","floor":2},{"not_picked":["All Out Attack","Blade Dance"],"picked":"Noxious Fumes","floor":3},{"not_picked":["Crippling Poison","PiercingWail"],"picked":"Malaise","floor":7},{"not_picked":["All Out Attack","Dodge and Roll"],"picked":"Dash","floor":13},{"not_picked":["Expertise","Dagger Throw"],"picked":"Poisoned Stab","floor":14},{"not_picked":["Die Die Die","A Thousand Cuts"],"picked":"After Image","floor":16},{"not_picked":["Slice","Dagger Throw"],"picked":"Cloak And Dagger+1","floor":18},{"not_picked":["Prepared+1","Distraction"],"picked":"Crippling Poison","floor":19},{"not_picked":["Flying Knee","Dagger Spray+1"],"picked":"Choke","floor":20},{"not_picked":["Distraction","Acrobatics"],"picked":"Sucker Punch+1","floor":24},{"not_picked":["PiercingWail","Underhanded Strike"],"picked":"Outmaneuver","floor":27},{"not_picked":["Acrobatics+1","Catalyst"],"picked":"Choke+1","floor":28}],"player_experience":24270,"relics_obtained":[{"floor":7,"key":"Smiling Mask"},{"floor":9,"key":"Pen Nib"},{"floor":26,"key":"Whetstone"}],"event_choices":[{"damage_healed":0,"gold_gain":0,"player_choice":"Take Damage","damage_taken":17,"relics_obtained":["Golden Idol"],"max_hp_gain":0,"max_hp_loss":0,"event_name":"Golden Idol","floor":4,"gold_loss":0},{"cards_removed":["Defend_G"],"damage_healed":0,"gold_gain":0,"player_choice":"Card Removal","damage_taken":0,"max_hp_gain":0,"max_hp_loss":0,"event_name":"The Cleric","floor":5,"gold_loss":50},{"damage_healed":0,"gold_gain":0,"player_choice":"Fled","damage_taken":0,"max_hp_gain":0,"max_hp_loss":0,"event_name":"Scrap Ooze","floor":8,"gold_loss":0},{"damage_healed":0,"gold_gain":0,"cards_transformed":["Strike_G"],"player_choice":"Change","damage_taken":0,"max_hp_gain":0,"max_hp_loss":0,"event_name":"Living Wall","floor":10,"gold_loss":0,"cards_obtained":["Storm of Steel"]},{"damage_healed":0,"gold_gain":0,"player_choice":"Gave Idol","damage_taken":0,"relics_obtained":["Bloody Idol"],"max_hp_gain":0,"max_hp_loss":0,"event_name":"Forgotten Altar","floor":21,"relics_lost":["Golden Idol"],"gold_loss":0},{"damage_healed":0,"gold_gain":75,"player_choice":"Touch","damage_taken":7,"max_hp_gain":0,"max_hp_loss":0,"event_name":"FaceTrader","floor":22,"gold_loss":0}],"is_beta":false,"boss_relics":[{"not_picked":["Coffee Dripper","Snecko Eye"],"picked":"Lizard Tail"}],"items_purged_floors":[],"is_endless":false,"potions_floor_spawned":[1,13,14,16,18,24,27],"killed_by":"Cultist and Chosen","ascension_level":0}