{"gold_per_floor":[116,116,127,143,17,17,45,45,71,89,118,130,130,142,142,241,241,261,261,271,289,308,308,308],"floor_reached":24,"playtime":2601,"items_purged":["Strike_B"],"score":263,"play_id":"dba3fcf8-a36e-4de0-96c3-f162d97543a7","local_time":"20190531154019","is_ascension_mode":true,"campfire_choices":[{"floor":6.0,"key":"REST"},{"data":"Redo","floor":8.0,"key":"SMITH"},{"data":"Zap","floor":13.0,"key":"SMITH"},{"data":"Coolheaded","floor":15.0,"key":"SMITH"},{"floor":23,"key":"REST"}],"neow_cost":"PERCENT_DAMAGE","seed_source_timestamp":2174004285148774,"circlet_count":0,"master_deck":["Strike_B","Strike_B","Defend_B","Defend_B","Defend_B","Zap+1","Dualcast","Lockon","Coolheaded+1","Coolheaded","Ball Lightning","Cold Snap","Redo+1","Rebound","Loop","Storm","Skim","Reboot","Compile Driver"],"special_seed":0,"relics":["Cracked Core","Blood Vial","Regal Pillow","Peace Pipe","Lizard Tail"],"potions_floor_usage":[20,20,21,22],"damage_taken":[{"damage":5.0,"enemies":"2 Louse","floor":1.0,"turns":2.0},{"damage":0.0,"enemies":"Cultist","floor":3.0,"turns":2.0},{"damage":6.0,"enemies":"Small Slimes","floor":4.0,"turns":3.0},{"damage":12.0,"enemies":"3 Sentries","floor":7.0,"turns":8.0},{"damage":1.0,"enemies":"Looter","floor":10.0,"turns":2.0},{"damage":8.0,"enemies":"Gremlin Nob","floor":11.0,"turns":3.0},{"damage":1.0,"enemies":"Blue Slaver","floor":12.0,"turns":2.0},{"damage":13.0,"enemies":"3 Louse","floor":14.0,"turns":2.0},{"damage":18.0,"enemies":"The Guardian","floor":16.0,"turns":12.0},{"damage":19,"enemies":"2 Thieves","floor":18,"turns":5},{"damage":15,"enemies":"Shell Parasite","floor":20,"turns":7},{"damage":8,"enemies":"Snecko","floor":21,"turns":5},{"damage":47,"enemies":"Centurion and Healer","floor":22,"turns":10},{"damage":70,"enemies":"Slavers","floor":24,"turns":4}],"seed_played":"4155811114360902942","potions_obtained":[{"floor":3.0,"key":"PowerPotion"},{"floor":10.0,"key":"Strength Potion"},{"floor":12.0,"key":"SteroidPotion"},{"floor":14.0,"key":"PowerPotion"},{"floor":16.0,"key":"Weak Potion"},{"floor":18,"key":"Poison Potion"},{"floor":19,"key":"Block Potion"},{"floor":19,"key":"Block Potion"},{"floor":21,"key":"Fire Potion"}],"is_trial":false,"path_per_floor":["M","?","M","M","$","R","E","R","T","M","E","M","R","M","R","B",null,"M","?","M","M","M","R","E"],"character_chosen":"DEFECT","items_purchased":["Cold Snap"],"campfire_rested":2,"item_purchase_floors":[5],"current_hp_per_floor":[49,49,49,43,43,65,53,53,53,54,48,49,49,38,38,22,62,45,45,32,26,26,63,0],"gold":308,"neow_bonus":"TRANSFORM_TWO_CARDS","is_prod":false,"is_daily":false,"chose_seed":false,"campfire_upgraded":3,"win_rate":0,"timestamp":1559331619,"path_taken":["M","?","M","M","$","R","E","R","T","M","E","M","R","M","R","BOSS","M","?","M","M","M","R","E"],"build_version":"2019-01-23","purchased_purges":1,"victory":false,"max_hp_per_floor":[75,75,75,75,75,75,75,75,75,75,75,75,75,75,75,75,75,75,75,75,75,75,75,75],"card_choices":[{"not_picked":["Streamline","Sweeping Beam"],"picked":"Coolheaded","floor":1.0},{"not_picked":["Rip and Tear","Barrage"],"picked":"Coolheaded","floor":3.0},{"not_picked":["Hologram","Blizzard"],"picked":"Ball Lightning","floor":4.0},{"not_picked":["Gash","Coolheaded"],"picked":"Redo","floor":7.0},{"not_picked":["Glacier","Hyperbeam"],"picked":"Rebound","floor":10.0},{"not_picked":["Cold Snap","Rebound"],"picked":"Loop","floor":11.0},{"not_picked":["Rebound","Undo"],"picked":"Storm","floor":12.0},{"not_picked":["Steam","Go for the Eyes"],"picked":"Skim","floor":14.0},{"not_picked":["Core Surge","Thunder Strike"],"picked":"Reboot","floor":16.0},{"not_picked":["Genetic Algorithm","Redo","Skim"],"picked":"SKIP","floor":18},{"not_picked":["Ball Lightning","Rip and Tear"],"picked":"Compile Driver","floor":20},{"not_picked":["Static Discharge","Scrape+1","Cold Snap"],"picked":"SKIP","floor":21},{"not_picked":["Storm","Lockon","Stack+1"],"picked":"SKIP","floor":22}],"player_experience":344568,"relics_obtained":[{"floor":7.0,"key":"Blood Vial"},{"floor":9.0,"key":"Regal Pillow"},{"floor":11.0,"key":"Peace Pipe"}],"event_choices":[{"cards_removed":["Aggregate"],"damage_healed":0.0,"max_hp_gain":0.0,"max_hp_loss":0.0,"gold_gain":0.0,"event_name":"Purifier","player_choice":"Purged","floor":2.0,"gold_loss":0.0,"damage_taken":0.0},{"damage_healed":0,"gold_gain":0,"player_choice":"Got Potions","damage_taken":0,"max_hp_gain":0,"max_hp_loss":0,"event_name":"Lab","floor":19,"gold_loss":0}],"is_beta":false,"boss_relics":[{"not_picked":["FrozenCore","Velvet Choker"],"picked":"Lizard Tail"}],"items_purged_floors":[5],"is_endless":false,"potions_floor_spawned":[3,10,12,14,16,18,21],"killed_by":"Slavers","ascension_level":5}