{"gold_per_floor":[114,124,124,89,164,205,205,219,266,37,56,77,77,92,92,221,221,240,253,115,115],"floor_reached":21,"playtime":452,"items_purged":[],"score":181,"play_id":"f526d80e-5ebd-49d9-86a7-460e908926db","local_time":"20190601125404","is_ascension_mode":false,"campfire_choices":[{"data":"Bash","floor":7,"key":"SMITH"},{"floor":15,"key":"REST"}],"neow_cost":"NONE","seed_source_timestamp":91768193766875,"circlet_count":0,"master_deck":["Strike_R","Strike_R","Strike_R","Strike_R","Strike_R","Defend_R","Defend_R","Defend_R","Defend_R","Bash+1","Cleave","Inflame","Inflame","Demon Form","Heavy Blade","Offering"],"relics":["Burning Blood","Golden Idol","Centennial Puzzle","Dream Catcher","OrangePellets","Snecko Eye"],"potions_floor_usage":[],"damage_taken":[{"damage":3,"enemies":"2 Louse","floor":1,"turns":4},{"damage":10,"enemies":"Small Slimes","floor":2,"turns":4},{"damage":28,"enemies":"Gremlin Nob","floor":6,"turns":4},{"damage":1,"enemies":"Cultist","floor":8,"turns":3},{"damage":16,"enemies":"Lots of Slimes","floor":11,"turns":3},{"damage":26,"enemies":"3 Louse","floor":12,"turns":4},{"damage":6,"enemies":"Exordium Thugs","floor":14,"turns":3},{"damage":35,"enemies":"Slime Boss","floor":16,"turns":8},{"damage":40,"enemies":"2 Thieves","floor":18,"turns":4},{"damage":18,"enemies":"3 Byrds","floor":19,"turns":3},{"damage":41,"enemies":"Snecko","floor":21,"turns":4}],"seed_played":"2102571308710548685","potions_obtained":[{"floor":0,"key":"SteroidPotion"},{"floor":0,"key":"FearPotion"},{"floor":0,"key":"BloodPotion"}],"is_trial":false,"path_per_floor":["M","M","?","?","?","E","R","M","T","$","M","M","$","M","R","B",null,"M","M","$","M"],"character_chosen":"IRONCLAD","items_purchased":["Inflame","OrangePellets","Offering"],"campfire_rested":1,"item_purchase_floors":[10,10,20],"current_hp_per_floor":[80,76,56,76,68,46,46,51,51,51,41,21,21,21,45,16,80,46,34,34,0],"gold":115,"neow_bonus":"THREE_SMALL_POTIONS","is_prod":false,"is_daily":false,"chose_seed":false,"campfire_upgraded":1,"win_rate":0,"timestamp":1559386444,"path_taken":["M","M","?","?","?","E","R","M","T","$","?","M","$","M","R","BOSS","M","M","?","M"],"build_version":"2019-01-23","purchased_purges":0,"victory":false,"max_hp_per_floor":[80,80,80,80,80,80,80,80,80,80,80,80,80,80,80,80,80,80,80,80,80],"card_choices":[{"not_picked":["Anger","True Grit","Sword Boomerang"],"picked":"SKIP","floor":1},{"not_picked":["Body Slam","Bloodletting"],"picked":"Cleave","floor":2},{"not_picked":["Twin Strike","Infernal Blade","Dark Embrace"],"picked":"SKIP","floor":6},{"not_picked":["Wild Strike","Cleave","Warcry"],"picked":"SKIP","floor":8},{"not_picked":["Anger","Dual Wield"],"picked":"Inflame","floor":11},{"not_picked":["Havoc","Shockwave","Heavy Blade"],"picked":"SKIP","floor":12},{"not_picked":["Armaments","Ghostly Armor","Disarm"],"picked":"SKIP","floor":14},{"not_picked":["Flex","Havoc"],"picked":"Demon Form","floor":15},{"not_picked":["Heavy Blade","Rupture","True Grit"],"picked":"SKIP","floor":18},{"not_picked":["Heavy Blade","Rupture","True Grit"],"picked":"SKIP","floor":18},{"not_picked":["Rupture","True Grit"],"picked":"Heavy Blade","floor":18},{"not_picked":["Thunderclap+1","Feel No Pain","Flex+1"],"picked":"SKIP","floor":19}],"player_experience":106551,"relics_obtained":[{"floor":6,"key":"Centennial Puzzle"},{"floor":9,"key":"Dream Catcher"}],"event_choices":[{"damage_healed":0,"gold_gain":0,"player_choice":"Take Damage","damage_taken":20,"relics_obtained":["Golden Idol"],"max_hp_gain":0,"max_hp_loss":0,"event_name":"Golden Idol","floor":3,"gold_loss":0},{"damage_healed":20,"gold_gain":0,"player_choice":"Healed","damage_taken":0,"max_hp_gain":0,"max_hp_loss":0,"event_name":"The Cleric","floor":4,"gold_loss":35},{"damage_healed":0,"gold_gain":75,"player_choice":"Touch","damage_taken":8,"max_hp_gain":0,"max_hp_loss":0,"event_name":"FaceTrader","floor":5,"gold_loss":0}],"is_beta":false,"boss_relics":[{"not_picked":["Tiny House","Black Star"],"picked":"Snecko Eye"}],"items_purged_floors":[],"is_endless":false,"potions_floor_spawned":[6,8,11,14,16,18],"killed_by":"Snecko","ascension_level":0}