{"gold_per_floor":[116,116,191,141,154,154,169,169,196,196,196,230,55,66,66,164,164,183,208,208,61,71,71,86,111,111,131,131,131,145,160,160,265,265,276,236,458,458,478,478,491,491,561,561,581,599,402,0,0,0],"floor_reached":50,"playtime":2992,"items_purged":["Strike_B","Strike_B"],"score":460,"play_id":"f86e65aa-98aa-43fe-bf4e-9d24a58c384e","local_time":"20190502232059","is_ascension_mode":false,"campfire_choices":[{"data":"Conserve Battery","floor":6,"key":"SMITH"},{"data":"Zap","floor":8,"key":"SMITH"},{"data":"Ball Lightning","floor":10,"key":"SMITH"},{"data":"Doom and Gloom","floor":15,"key":"SMITH"},{"data":"Sweeping Beam","floor":23,"key":"SMITH"},{"data":"Conserve Battery","floor":28,"key":"SMITH"},{"data":"Echo Form","floor":32,"key":"SMITH"},{"floor":40,"key":"RECALL"},{"data":"Apotheosis","floor":44,"key":"SMITH"},{"floor":49,"key":"REST"}],"neow_cost":"NONE","seed_source_timestamp":262964472509400,"circlet_count":0,"master_deck":["Strike_B+1","Defend_B","Defend_B","Defend_B+1","Defend_B+1","Zap+1","Dualcast+1","Conserve Battery+1","Ball Lightning+1","Doom and Gloom+1","Sweeping Beam+1","Go for the Eyes","Echo Form","FTL","Hologram","Conserve Battery+1","Loop","Lockon+1","Go for the Eyes+1","Echo Form+1","Sweeping Beam","Thunder Strike","Beam Cell","Defragment","Beam Cell","Ball Lightning","Apotheosis+1","Deep Breath+1","Steam+1","Leap+1","Conserve Battery","BootSequence","Panache"],"relics":["Pen Nib","Nuclear Battery","Red Mask","Question Card","Art of War","Thread and Needle","Nloth\u0027s Gift","Snecko Eye","Bottled Tornado","Anchor","War Paint"],"potions_floor_usage":[22,25,27,41,50],"damage_taken":[{"damage":0,"enemies":"2 Louse","floor":1,"turns":1},{"damage":0,"enemies":"Small Slimes","floor":5,"turns":3},{"damage":1,"enemies":"Jaw Worm","floor":7,"turns":3},{"damage":9,"enemies":"3 Sentries","floor":12,"turns":6},{"damage":4,"enemies":"2 Fungi Beasts","floor":14,"turns":2},{"damage":16,"enemies":"Hexaghost","floor":16,"turns":8},{"damage":1,"enemies":"Chosen","floor":18,"turns":3},{"damage":19,"enemies":"Masked Bandits","floor":19,"turns":3},{"damage":0,"enemies":"2 Thieves","floor":22,"turns":3},{"damage":7,"enemies":"Centurion and Healer","floor":24,"turns":4},{"damage":15,"enemies":"Slavers","floor":25,"turns":3},{"damage":4,"enemies":"Sentry and Sphere","floor":27,"turns":4},{"damage":9,"enemies":"3 Cultists","floor":30,"turns":4},{"damage":0,"enemies":"Snecko","floor":31,"turns":4},{"damage":21,"enemies":"Automaton","floor":33,"turns":8},{"damage":0,"enemies":"Orb Walker","floor":35,"turns":5},{"damage":1,"enemies":"3 Darklings","floor":39,"turns":4},{"damage":5,"enemies":"Writhing Mass","floor":41,"turns":8},{"damage":20,"enemies":"Jaw Worm Horde","floor":45,"turns":4},{"damage":10,"enemies":"Spire Growth","floor":46,"turns":5},{"damage":51,"enemies":"Donu and Deca","floor":50,"turns":5}],"seed_played":"-5451855512283940002","potions_obtained":[{"floor":1,"key":"Dexterity Potion"},{"floor":5,"key":"Energy Potion"},{"floor":12,"key":"GamblersBrew"},{"floor":16,"key":"Energy Potion"},{"floor":19,"key":"EssenceOfSteel"},{"floor":25,"key":"SkillPotion"},{"floor":31,"key":"Strength Potion"},{"floor":39,"key":"SneckoOil"}],"is_trial":false,"path_per_floor":["M","?","?","?","M","R","M","R","T","R","?","E","$","M","R","B",null,"M","?","?","$","M","R","M","E","T","M","R","?","M","M","R","B",null,"M","$","?","?","M","R","M","?","T","R","M","M","$","$","R","B"],"character_chosen":"DEFECT","items_purchased":["Sweeping Beam","Go for the Eyes","Conserve Battery","Defragment","Anchor","Conserve Battery","War Paint","BootSequence","Panache"],"campfire_rested":1,"item_purchase_floors":[13,13,21,36,47,47,48,48,48],"current_hp_per_floor":[82,82,71,71,71,71,70,70,70,70,54,45,45,41,41,25,82,81,62,62,62,62,62,55,40,40,36,36,36,27,27,27,6,82,82,82,82,82,81,81,76,66,66,66,46,36,36,36,60,9],"gold":0,"neow_bonus":"TEN_PERCENT_HP_BONUS","is_prod":false,"is_daily":false,"chose_seed":false,"campfire_upgraded":8,"win_rate":0,"timestamp":1556857259,"path_taken":["M","?","?","?","M","R","M","R","T","R","?","E","$","M","R","BOSS","M","?","?","$","M","R","M","E","T","M","R","?","?","M","R","BOSS","M","$","?","?","M","R","M","?","T","R","M","M","?","$","R","BOSS"],"build_version":"2019-01-23","purchased_purges":2,"victory":false,"max_hp_per_floor":[82,82,82,82,82,82,82,82,82,82,82,82,82,82,82,82,82,82,82,82,82,82,82,82,82,82,82,82,82,82,82,82,82,82,82,82,82,82,82,82,82,82,82,82,82,82,82,82,82,82],"card_choices":[{"not_picked":["Genetic Algorithm","Undo"],"picked":"Conserve Battery","floor":1},{"not_picked":["Cold Snap","Compile Driver"],"picked":"Ball Lightning","floor":5},{"not_picked":["Compile Driver","Turbo"],"picked":"Stack","floor":7},{"not_picked":["Amplify","Fusion"],"picked":"Doom and Gloom","floor":12},{"not_picked":["Barrage","Aggregate","Steam"],"picked":"SKIP","floor":14},{"not_picked":["Biased Cognition","Rainbow"],"picked":"Echo Form","floor":16},{"not_picked":["Double Energy","Storm+1"],"picked":"FTL","floor":18},{"not_picked":["Blizzard","Sunder"],"picked":"Hologram","floor":19},{"not_picked":["Consume","Force Field","Streamline","Cold Snap"],"picked":"SKIP","floor":22},{"not_picked":["Turbo","Fusion","Melter"],"picked":"Loop","floor":24},{"not_picked":["Sunder","Glacier","Tempest"],"picked":"Lockon+1","floor":25},{"not_picked":["Rebound","Coolheaded","Compile Driver+1"],"picked":"Go for the Eyes+1","floor":27},{"not_picked":["Conserve Battery","Sweeping Beam","Turbo+1"],"picked":"Echo Form","floor":30},{"not_picked":["Barrage","Gash+1","Streamline"],"picked":"Sweeping Beam","floor":31},{"not_picked":["Biased Cognition","Reboot","Hyperbeam"],"picked":"Thunder Strike","floor":33},{"not_picked":["Skim+1","Rebound+1","Sweeping Beam+1"],"picked":"Beam Cell","floor":35},{"not_picked":["Go for the Eyes","Sweeping Beam+1","Storm+1"],"picked":"Beam Cell","floor":39},{"not_picked":["Rebound+1","Skim","Aggregate+1"],"picked":"Ball Lightning","floor":41},{"not_picked":["Blind","Dark Shackles","Deep Breath"],"picked":"Apotheosis","floor":42},{"not_picked":["Good Instincts","Swift Strike","PanicButton"],"picked":"Deep Breath","floor":42},{"not_picked":["Coolheaded+1","Go for the Eyes+1","Leap"],"picked":"Steam+1","floor":45},{"not_picked":["All For One","Blizzard","Buffer"],"picked":"Leap+1","floor":46}],"player_experience":256977,"relics_obtained":[{"floor":12,"key":"Pen Nib"},{"floor":19,"key":"Red Mask"},{"floor":25,"key":"Art of War"},{"floor":26,"key":"Thread and Needle"},{"floor":43,"key":"Bottled Tornado"}],"event_choices":[{"damage_healed":0,"gold_gain":0,"player_choice":"Grow","damage_taken":0,"max_hp_gain":0,"max_hp_loss":0,"event_name":"Living Wall","floor":2,"gold_loss":0,"cards_upgraded":["Dualcast"]},{"damage_healed":0,"gold_gain":75,"player_choice":"Gather Gold","damage_taken":11,"max_hp_gain":0,"max_hp_loss":0,"event_name":"World of Goop","floor":3,"gold_loss":0},{"cards_removed":["Strike_B"],"damage_healed":0,"gold_gain":0,"player_choice":"Card Removal","damage_taken":0,"max_hp_gain":0,"max_hp_loss":0,"event_name":"The Cleric","floor":4,"gold_loss":50},{"damage_healed":0,"gold_gain":0,"player_choice":"Entered Light","damage_taken":16,"max_hp_gain":0,"max_hp_loss":0,"event_name":"Shining Light","floor":11,"gold_loss":0,"cards_upgraded":["Strike_B","Defend_B"]},{"damage_healed":0,"gold_gain":0,"player_choice":"Fought Bandits","damage_taken":0,"max_hp_gain":0,"max_hp_loss":0,"event_name":"Masked Bandits","floor":19,"gold_loss":0},{"damage_healed":0,"gold_gain":0,"player_choice":"Opened","damage_taken":0,"relics_obtained":["Question Card"],"max_hp_gain":0,"max_hp_loss":0,"event_name":"The Mausoleum","floor":20,"gold_loss":0},{"damage_healed":0,"gold_gain":0,"player_choice":"Traded Relic","damage_taken":0,"relics_obtained":["Nloth\u0027s Gift"],"max_hp_gain":0,"max_hp_loss":0,"event_name":"N\u0027loth","floor":29,"relics_lost":["Cracked Core"],"gold_loss":0},{"damage_healed":0,"gold_gain":222,"player_choice":"Wore Mask","damage_taken":0,"max_hp_gain":0,"max_hp_loss":0,"event_name":"Tomb of Lord Red Mask","floor":37,"gold_loss":0},{"cards_removed":["Stack"],"damage_healed":0,"gold_gain":0,"player_choice":"Removed Skill","damage_taken":0,"max_hp_gain":0,"max_hp_loss":0,"event_name":"Falling","floor":38,"gold_loss":0},{"damage_healed":0,"gold_gain":0,"player_choice":"Memory 3","damage_taken":10,"max_hp_gain":0,"max_hp_loss":0,"event_name":"SensoryStone","floor":42,"gold_loss":0}],"is_beta":false,"boss_relics":[{"not_picked":["Calling Bell","Lizard Tail"],"picked":"Nuclear Battery"},{"not_picked":["Empty Cage","Runic Dome"],"picked":"Snecko Eye"}],"items_purged_floors":[13,21],"is_endless":false,"potions_floor_spawned":[1,5,12,14,16,19,25,31,39],"killed_by":"Donu and Deca","ascension_level":0}