{"path_per_floor":["M","?","M","M","M","R","$","R","T","R","M","?","$","M","R","B",null,"M","M","M","$","?","R","?","M","T","R","M","R","$","M","R"],"character_chosen":"DEFECT","items_purchased":["Skim","White Noise","Capacitor","Prime"],"gold_per_floor":[109,109,120,140,153,153,25,25,25,25,35,110,19,29,29,130,130,145,157,176,13,13,13,13,23,23,23,34,34,34,51,51,51],"floor_reached":33,"campfire_rested":4,"playtime":2413,"current_hp_per_floor":[72,54,52,52,49,49,49,49,49,49,45,34,34,27,49,8,75,71,66,42,42,42,42,28,24,24,48,31,55,55,36,60,0],"items_purged":["Strike_B"],"gold":51,"score":239,"play_id":"464121c7-9402-48d0-af86-d28c4314bd42","local_time":"20180502174636","is_prod":false,"is_daily":false,"chose_seed":false,"is_ascension_mode":false,"campfire_upgraded":4,"timestamp":1525297596,"path_taken":["M","?","M","M","M","R","$","R","T","R","M","?","$","M","R","BOSS","M","M","M","$","?","R","?","M","T","R","M","R","$","M","R","BOSS"],"build_version":"2018-05-01v2","seed_source_timestamp":59447707138459,"purchased_purges":1,"victory":false,"master_deck":["Strike_B","Strike_B","Strike_B","Defend_B","Defend_B","Defend_B","Defend_B","Zap+1","Dualcast+1","Reprieve+1","Ball Lightning","Coolheaded+1","Axe Kick","Skim","Barrage","White Noise","Capacitor+1","Creative AI+1","Loop+1","Impulse+1","Cold Snap","Prime+1","Creative AI+1","Ball Lightning","Blaster+1","Static Discharge+1","Genetic Algorithm","Beam Cell"],"max_hp_per_floor":[75,75,75,75,75,75,75,75,75,75,75,75,75,75,75,75,75,75,75,75,75,75,75,80,80,80,80,80,80,80,80,80,80],"relics":["Cracked Core","Bronze Scales","Frozen Egg 2","Nuclear Battery","Dream Catcher"],"card_choices":[{"not_picked":["Impulse","Axe Kick"],"picked":"Reprieve","floor":1},{"not_picked":["Skim","Sweeping Beam"],"picked":"Ball Lightning","floor":3},{"not_picked":["Scrape","Gash"],"picked":"Coolheaded","floor":4},{"not_picked":["Tempest","Skim"],"picked":"Axe Kick","floor":5},{"not_picked":["Chaos","Impulse"],"picked":"Barrage","floor":11},{"not_picked":["Multi-Cast","Thunder Strike"],"picked":"Creative AI","floor":16},{"not_picked":["Streamline","Aggregate"],"picked":"Loop","floor":18},{"not_picked":["Axe Kick","Barrage"],"picked":"Impulse","floor":19},{"not_picked":["Axe Kick","Reinforced Body"],"picked":"Cold Snap","floor":20},{"not_picked":["Sweeping Beam","Leap"],"picked":"Creative AI","floor":25},{"not_picked":["Blizzard","Steam Power"],"picked":"Ball Lightning","floor":27},{"not_picked":["Axe Kick","Sweeping Beam"],"picked":"Blaster","floor":28},{"not_picked":["Chaos","Flux Capacitor"],"picked":"Static Discharge","floor":29},{"not_picked":["Flux Capacitor","Doom and Gloom"],"picked":"Genetic Algorithm","floor":31},{"not_picked":["Ball Lightning","Streamline"],"picked":"Beam Cell","floor":32}],"player_experience":14953,"potions_floor_usage":[25,25,25,33],"damage_taken":[{"damage":3,"enemies":"Small Slimes","floor":1,"turns":3},{"damage":2,"enemies":"2 Louse","floor":3,"turns":2},{"damage":0,"enemies":"Cultist","floor":4,"turns":3},{"damage":3,"enemies":"Looter","floor":5,"turns":3},{"damage":4,"enemies":"3 Louse","floor":11,"turns":3},{"damage":7,"enemies":"2 Fungi Beasts","floor":14,"turns":3},{"damage":41,"enemies":"Hexaghost","floor":16,"turns":9},{"damage":4,"enemies":"Spheric Guardian","floor":18,"turns":4},{"damage":5,"enemies":"3 Byrds","floor":19,"turns":3},{"damage":24,"enemies":"Sentry and Sphere","floor":20,"turns":4},{"damage":13,"enemies":"Snake Plant","floor":25,"turns":4},{"damage":17,"enemies":"Centurion and Healer","floor":28,"turns":7},{"damage":19,"enemies":"3 Cultists","floor":31,"turns":4},{"damage":61,"enemies":"Champ","floor":33,"turns":9}],"event_choices":[{"event_name":"Scrap Ooze","player_choice":"success","floor":2,"damage_taken":18},{"event_name":"World of Goop","player_choice":"Gather Gold","floor":12,"damage_taken":0},{"event_name":"The Mausoleum","player_choice":"No","floor":22,"damage_taken":0},{"event_name":"Forgotten Altar","player_choice":"Shed Blood","floor":24,"damage_taken":0}],"boss_relics":[{"not_picked":["Velvet Choker","Orrery"],"picked":"Nuclear Battery"}],"potions_floor_spawned":[4,14,16,20,28],"seed_played":"-2768961972388616830","killed_by":"Champ","ascension_level":0,"is_trial":false}