{"gold_per_floor":[110,35,50,65,65,95,95,5,30,42,54,86,111,135,147,159],"floor_reached":16,"playtime":414,"items_purged":["Strike_R"],"score":102,"play_id":"8c3ebb7c-bda7-4b0e-9f32-9a9ba6e68826","local_time":"20190429151825","is_ascension_mode":false,"campfire_choices":[{"data":"Seeing Red","floor":7,"key":"SMITH"},{"data":"Impatience","floor":11,"key":"SMITH"},{"floor":15,"key":"RECALL"}],"neow_cost":"NONE","seed_source_timestamp":340743514950900,"circlet_count":0,"master_deck":["Strike_R","Strike_R+1","Strike_R+1","Defend_R","Defend_R","Defend_R","Defend_R","Bash","Seeing Red+1","Dropkick","Impatience+1"],"relics":["Burning Blood","NeowsBlessing","Whetstone","MawBank"],"potions_floor_usage":[1],"damage_taken":[{"damage":0,"enemies":"Cultist","floor":1,"turns":1},{"damage":0,"enemies":"Small Slimes","floor":3,"turns":1},{"damage":0,"enemies":"Jaw Worm","floor":4,"turns":1},{"damage":35,"enemies":"Lagavulin","floor":6,"turns":7},{"damage":7,"enemies":"Large Slime","floor":12,"turns":4},{"damage":2,"enemies":"3 Louse","floor":13,"turns":2},{"damage":18,"enemies":"Lots of Slimes","floor":14,"turns":4},{"damage":0,"enemies":"Hexaghost","floor":16,"turns":1}],"seed_played":"-4172932932999358567","potions_obtained":[{"floor":1,"key":"Fruit Juice"},{"floor":13,"key":"Poison Potion"},{"floor":14,"key":"FearPotion"}],"is_trial":false,"path_per_floor":["M","$","M","M","?","E","R","$","T","$","R","M","M","M","R","B"],"character_chosen":"IRONCLAD","items_purchased":["Impatience"],"campfire_rested":0,"item_purchase_floors":[8],"current_hp_per_floor":[85,85,85,85,78,49,49,49,49,49,49,48,52,40,40,40],"gold":159,"neow_bonus":"THREE_ENEMY_KILL","is_prod":false,"is_daily":false,"chose_seed":false,"campfire_upgraded":2,"win_rate":0,"timestamp":1556565505,"path_taken":["M","$","M","?","?","E","R","$","T","?","R","M","M","M","R","BOSS"],"build_version":"2019-01-23","purchased_purges":1,"victory":false,"max_hp_per_floor":[85,85,85,85,85,85,85,85,85,85,85,85,85,85,85,85],"card_choices":[{"not_picked":["Warcry","Shrug It Off"],"picked":"Seeing Red","floor":1},{"not_picked":["Blood for Blood","Havoc"],"picked":"Dropkick","floor":3},{"not_picked":["Corruption","Iron Wave","Twin Strike"],"picked":"SKIP","floor":4},{"not_picked":["Flame Barrier","Wild Strike","Fire Breathing"],"picked":"SKIP","floor":6},{"not_picked":["Whirlwind","Cleave","Anger"],"picked":"SKIP","floor":12},{"not_picked":["Heavy Blade","Searing Blow","Dual Wield"],"picked":"SKIP","floor":13},{"not_picked":["Warcry","Demon Form","Reckless Charge"],"picked":"SKIP","floor":14}],"player_experience":718130,"relics_obtained":[{"floor":6,"key":"Whetstone"},{"floor":9,"key":"MawBank"}],"event_choices":[{"cards_removed":["Strike_R"],"damage_healed":0,"gold_gain":0,"player_choice":"Card Removal","damage_taken":7,"max_hp_gain":0,"max_hp_loss":0,"event_name":"Golden Wing","floor":5,"gold_loss":0}],"is_beta":false,"boss_relics":[],"items_purged_floors":[2],"is_endless":false,"potions_floor_spawned":[1,13,14],"killed_by":"Hexaghost","ascension_level":0}