{"gold_per_floor":[117,117,15,190,90,118,118,149,224,259,259,274,294,325,325,423,423,438,450,450,466,391,423,423,399,451,451,461,794,812,381,381,484,484,500,178,196,196,212,237,237,271,271,284,309,327,343,148,148,148,148,148,21,53,53],"floor_reached":55,"playtime":5944,"items_purged":["Strike_R","Doubt"],"score":1220,"play_id":"4d53df3b-163f-4fae-9bb8-896e71c95866","local_time":"20190524091217","is_ascension_mode":true,"campfire_choices":[{"data":"Bash","floor":7.0,"key":"SMITH"},{"data":"Pommel Strike","floor":11.0,"key":"SMITH"},{"data":"Inflame","floor":15.0,"key":"SMITH"},{"data":"Clothesline","floor":27.0,"key":"SMITH"},{"data":"Inflame","floor":32.0,"key":"SMITH"},{"floor":41.0,"key":"RECALL"},{"floor":49.0,"key":"REST"},{"floor":52.0,"key":"REST"}],"neow_cost":"NONE","seed_source_timestamp":445474859609678,"circlet_count":0,"master_deck":["Strike_R+1","Strike_R+1","Strike_R+1","Defend_R+1","Defend_R+1","Defend_R+1","Defend_R+1","Bash+1","Flame Barrier","Pommel Strike+1","Ghostly Armor","Shrug It Off","Clothesline+1","Inflame+1","Impervious","Cleave+1","Inflame+1","Shrug It Off","Inflame+1","Metallicize","Impervious","Twin Strike+1","Whirlwind+1","Heavy Blade+1"],"special_seed":0,"relics":["Burning Blood","NeowsBlessing","Orichalcum","Champion Belt","Singing Bowl","Mercury Hourglass","Omamori","Boot","Busted Crown","Mummified Hand","Vajra","Old Coin","Happy Flower","Brimstone","Fusion Hammer","Molten Egg 2","Strawberry","Prayer Wheel","Toxic Egg 2","Chemical X","Lantern"],"potions_floor_usage":[55,55,55],"damage_taken":[{"damage":0.0,"enemies":"Small Slimes","floor":1.0,"turns":1.0},{"damage":0.0,"enemies":"Lagavulin","floor":6.0,"turns":1.0},{"damage":0.0,"enemies":"Gremlin Nob","floor":8.0,"turns":1.0},{"damage":5.0,"enemies":"3 Sentries","floor":10.0,"turns":8.0},{"damage":0.0,"enemies":"Jaw Worm","floor":12.0,"turns":3.0},{"damage":0.0,"enemies":"2 Louse","floor":13.0,"turns":2.0},{"damage":12.0,"enemies":"Lagavulin","floor":14.0,"turns":10.0},{"damage":77.0,"enemies":"Hexaghost","floor":16.0,"turns":15.0},{"damage":2.0,"enemies":"Chosen","floor":18.0,"turns":4.0},{"damage":2.0,"enemies":"Shell Parasite","floor":19.0,"turns":6.0},{"damage":0.0,"enemies":"Snecko","floor":21.0,"turns":5.0},{"damage":30.0,"enemies":"Slavers","floor":23.0,"turns":5.0},{"damage":0.0,"enemies":"Shelled Parasite and Fungi","floor":28.0,"turns":7.0},{"damage":4.0,"enemies":"Book of Stabbing","floor":29.0,"turns":6.0},{"damage":0.0,"enemies":"3 Cultists","floor":30.0,"turns":4.0},{"damage":6.0,"enemies":"Collector","floor":33.0,"turns":6.0},{"damage":0.0,"enemies":"3 Darklings","floor":35.0,"turns":5.0},{"damage":9.0,"enemies":"Orb Walker","floor":37.0,"turns":2.0},{"damage":2.0,"enemies":"Writhing Mass","floor":39.0,"turns":3.0},{"damage":15.0,"enemies":"Reptomancer","floor":40.0,"turns":4.0},{"damage":14.0,"enemies":"Giant Head","floor":42.0,"turns":7.0},{"damage":0.0,"enemies":"Spire Growth","floor":44.0,"turns":3.0},{"damage":0.0,"enemies":"Reptomancer","floor":45.0,"turns":4.0},{"damage":8.0,"enemies":"Sphere and 2 Shapes","floor":46.0,"turns":3.0},{"damage":4.0,"enemies":"4 Shapes","floor":47.0,"turns":4.0},{"damage":70.0,"enemies":"Awakened One","floor":50.0,"turns":7.0},{"damage":16.0,"enemies":"Shield and Spear","floor":54.0,"turns":4.0},{"damage":113,"enemies":"The Heart","floor":55,"turns":5}],"seed_played":"2816578809360246909","potions_obtained":[{"floor":1.0,"key":"Block Potion"},{"floor":8.0,"key":"SteroidPotion"},{"floor":10.0,"key":"GamblersBrew"},{"floor":14.0,"key":"BloodPotion"},{"floor":21.0,"key":"EntropicBrew"},{"floor":23.0,"key":"EssenceOfSteel"},{"floor":29.0,"key":"EssenceOfSteel"},{"floor":30.0,"key":"Strength Potion"},{"floor":35.0,"key":"Strength Potion"},{"floor":40.0,"key":"Energy Potion"}],"is_trial":false,"path_per_floor":["M","?","$","?","$","E","R","E","T","E","R","M","M","E","R","B",null,"M","M","?","M","?","E","?","$","T","R","M","E","M","$","R","B",null,"M","$","M","?","M","E","R","E","T","M","E","M","M","$","R","B",null,"R","$","E","B"],"character_chosen":"IRONCLAD","items_purchased":["Pommel Strike","Shrug It Off","Metallicize","Happy Flower","Brimstone","AttackPotion","Molten Egg 2","Whirlwind+1","Chemical X","Heavy Blade+1","Ancient Potion"],"campfire_rested":2,"item_purchase_floors":[3,25,31,31,31,31,36,36,48,53,53],"current_hp_per_floor":[78,60,60,60,60,66,66,72,72,73,73,81,82,76,76,13,65,71,75,75,83,83,61,61,61,61,61,69,73,79,79,79,79,89,92,92,91,89,91,91,91,85,85,95,103,105,111,111,116,52,100,116,116,108,0],"gold":53,"neow_bonus":"THREE_ENEMY_KILL","is_prod":false,"is_daily":false,"chose_seed":false,"campfire_upgraded":5,"win_rate":0,"timestamp":1558669337,"path_taken":["M","?","$","?","?","E","R","E","T","E","R","M","M","E","R","BOSS","M","M","?","?","?","E","?","?","T","R","M","E","M","$","R","BOSS","M","$","M","?","M","E","R","E","T","M","E","M","M","$","R","BOSS","R","$","E","BOSS"],"build_version":"2019-01-23","purchased_purges":2,"victory":false,"max_hp_per_floor":[80,80,80,80,80,80,80,80,80,80,80,82,82,82,82,82,82,84,84,84,86,86,88,88,88,88,88,90,92,92,92,92,92,92,92,92,94,89,91,100,100,102,102,106,108,112,116,116,116,116,116,116,116,118,118],"card_choices":[{"not_picked":["Thunderclap","Sentinel"],"picked":"Flame Barrier","floor":1.0},{"not_picked":["Second Wind","Barricade","Cleave"],"picked":"SKIP","floor":6.0},{"not_picked":["Brutality","Body Slam"],"picked":"Ghostly Armor","floor":8.0},{"not_picked":["Infernal Blade","Rage"],"picked":"Shrug It Off","floor":10.0},{"not_picked":["Wild Strike","Reckless Charge","Pommel Strike"],"picked":"Singing Bowl","floor":12.0},{"not_picked":["Entrench","Hemokinesis"],"picked":"Clothesline","floor":13.0},{"not_picked":["Sword Boomerang","Disarm"],"picked":"Inflame","floor":14.0},{"not_picked":["Brutality","Berserk"],"picked":"Impervious","floor":16.0},{"not_picked":["Sever Soul+1"],"picked":"Singing Bowl","floor":18.0},{"not_picked":[],"picked":"Cleave+1","floor":19.0},{"not_picked":["Headbutt"],"picked":"Singing Bowl","floor":21.0},{"not_picked":["Flex"],"picked":"Singing Bowl","floor":23.0},{"not_picked":["Havoc"],"picked":"Singing Bowl","floor":28.0},{"not_picked":["Entrench"],"picked":"Singing Bowl","floor":29.0},{"not_picked":[],"picked":"Inflame","floor":30.0},{"not_picked":[],"picked":"Impervious","floor":33.0},{"not_picked":[],"picked":"Twin Strike+1","floor":35.0},{"not_picked":["Shrug It Off+1"],"picked":"Singing Bowl","floor":37.0},{"not_picked":["Anger+1"],"picked":"Singing Bowl","floor":39.0},{"not_picked":["Disarm"],"picked":"Singing Bowl","floor":40.0},{"not_picked":["Dual Wield+1"],"picked":"Singing Bowl","floor":42.0},{"not_picked":["Metallicize+1"],"picked":"Singing Bowl","floor":44.0},{"not_picked":["True Grit+1"],"picked":"Singing Bowl","floor":44.0},{"not_picked":["Juggernaut"],"picked":"Singing Bowl","floor":45.0},{"not_picked":["Flex+1"],"picked":"Singing Bowl","floor":46.0},{"not_picked":["Intimidate+1"],"picked":"Singing Bowl","floor":46.0},{"not_picked":["Second Wind+1"],"picked":"Singing Bowl","floor":47.0},{"not_picked":["Reckless Charge+1"],"picked":"Singing Bowl","floor":47.0},{"not_picked":["Spot Weakness+1"],"picked":"Singing Bowl","floor":54.0}],"player_experience":698070,"relics_obtained":[{"floor":6.0,"key":"Champion Belt"},{"floor":8.0,"key":"Singing Bowl"},{"floor":9.0,"key":"Mercury Hourglass"},{"floor":10.0,"key":"Omamori"},{"floor":14.0,"key":"Boot"},{"floor":23.0,"key":"Mummified Hand"},{"floor":26.0,"key":"Vajra"},{"floor":29.0,"key":"Old Coin"},{"floor":40.0,"key":"Strawberry"},{"floor":42.0,"key":"Prayer Wheel"},{"floor":45.0,"key":"Toxic Egg 2"},{"floor":54.0,"key":"Lantern"}],"event_choices":[{"damage_healed":0.0,"max_hp_gain":0.0,"max_hp_loss":0.0,"gold_gain":0.0,"event_name":"Scrap Ooze","player_choice":"Success","floor":2.0,"gold_loss":0.0,"damage_taken":18.0,"relics_obtained":["Orichalcum"]},{"damage_healed":0.0,"max_hp_gain":0.0,"max_hp_loss":0.0,"gold_gain":175.0,"event_name":"Liars Game","player_choice":"AGREE","floor":4.0,"gold_loss":0.0,"damage_taken":0.0,"cards_obtained":["Doubt"]},{"damage_healed":0.0,"max_hp_gain":0.0,"max_hp_loss":0.0,"gold_gain":0.0,"event_name":"Duplicator","player_choice":"Copied","floor":20.0,"gold_loss":0.0,"damage_taken":0.0,"cards_obtained":["Inflame"]},{"cards_removed":["Strike_R"],"damage_healed":0.0,"max_hp_gain":0.0,"max_hp_loss":0.0,"gold_gain":0.0,"event_name":"Beggar","player_choice":"Gave Gold","floor":22.0,"gold_loss":75.0,"damage_taken":0.0},{"damage_healed":0.0,"max_hp_gain":0.0,"max_hp_loss":0.0,"gold_gain":0.0,"event_name":"Back to Basics","player_choice":"Simplicity","floor":24.0,"gold_loss":0.0,"damage_taken":0.0,"cards_upgraded":["Strike_R","Strike_R","Strike_R","Defend_R","Defend_R","Defend_R","Defend_R"]},{"damage_healed":0.0,"max_hp_gain":0.0,"max_hp_loss":5.0,"gold_gain":0.0,"event_name":"Winding Halls","player_choice":"Max HP","floor":38.0,"gold_loss":0.0,"damage_taken":0.0}],"is_beta":false,"boss_relics":[{"not_picked":["White Beast Statue","Empty Cage"],"picked":"Busted Crown"},{"not_picked":["Velvet Choker","Mark of Pain"],"picked":"Fusion Hammer"}],"items_purged_floors":[3,5],"is_endless":false,"potions_floor_spawned":[1,8,10,14,21,23,29,30,35,40,42,54],"killed_by":"The Heart","ascension_level":7}