{"gold_per_floor":[116,41,41,57,77,106,106,122,122,122,132,132,145,179,179,282,282,282,282,208,208,158,158,158,108,108,31,31,31,31,31,31,31,31,31,31,31,31,31,31,31,31,31,31,31,31,31,31,31,31],"floor_reached":51,"playtime":6256,"items_purged":["Strike_B","Strike_B","Strike_B","Strike_B","Defend_B"],"score":776,"play_id":"f0490ae6-080f-43c6-b8cc-9ddbcbf81746","local_time":"20180924180145","is_ascension_mode":true,"campfire_choices":[{"data":"Dualcast","floor":7,"key":"SMITH"},{"floor":10,"key":"REST"},{"floor":15,"key":"REST"},{"data":"Creative AI","floor":23,"key":"SMITH"},{"floor":32,"key":"REST"},{"data":"Buffer","floor":42,"key":"SMITH"},{"floor":47,"key":"REST"},{"floor":49,"key":"REST"}],"neow_cost":"NONE","seed_source_timestamp":965719083301518,"circlet_count":0,"master_deck":["Defend_B","Defend_B","Defend_B","Zap+1","Dualcast+1","Beam Cell","Auto Shields","Hologram","Gash","Self Repair","Beam Cell","Go for the Eyes","Go for the Eyes","Gash","Gash","Creative AI+1","Scrape","Coolheaded","Scrape+1","Gash","Steam","Skim","Steam+1","Hologram","Auto Shields","Buffer+1","Gash+1","Capacitor","White Noise+1","Storm","Coolheaded+1"],"relics":["Cracked Core","Dream Catcher","Smiling Mask","Kunai","Omamori","Ectoplasm","Strawberry","Enchiridion","Cursed Key","Gambling Chip"],"potions_floor_usage":[14,14,24,28,30,33,33,37,38,41,46,48,50],"damage_taken":[{"damage":0,"enemies":"Cultist","floor":1,"turns":3},{"damage":0,"enemies":"2 Louse","floor":4,"turns":2},{"damage":2,"enemies":"Small Slimes","floor":5,"turns":3},{"damage":33,"enemies":"3 Sentries","floor":6,"turns":11},{"damage":30,"enemies":"Gremlin Gang","floor":8,"turns":6},{"damage":1,"enemies":"2 Fungi Beasts","floor":11,"turns":3},{"damage":0,"enemies":"Large Slime","floor":13,"turns":4},{"damage":14,"enemies":"Gremlin Nob","floor":14,"turns":6},{"damage":18,"enemies":"The Guardian","floor":16,"turns":11},{"damage":26,"enemies":"Spheric Guardian","floor":18,"turns":4},{"damage":24,"enemies":"3 Byrds","floor":21,"turns":3},{"damage":12,"enemies":"Sentry and Sphere","floor":24,"turns":6},{"damage":7,"enemies":"Book of Stabbing","floor":28,"turns":5},{"damage":7,"enemies":"Centurion and Healer","floor":30,"turns":4},{"damage":15,"enemies":"Snake Plant","floor":31,"turns":4},{"damage":0,"enemies":"Automaton","floor":33,"turns":7},{"damage":0,"enemies":"Orb Walker","floor":35,"turns":4},{"damage":2,"enemies":"3 Darklings","floor":37,"turns":5},{"damage":33,"enemies":"Mysterious Sphere","floor":38,"turns":5},{"damage":0,"enemies":"Transient","floor":39,"turns":5},{"damage":27,"enemies":"Sphere and 2 Shapes","floor":40,"turns":7},{"damage":4,"enemies":"Maw","floor":41,"turns":7},{"damage":11,"enemies":"Transient","floor":45,"turns":5},{"damage":11,"enemies":"3 Darklings","floor":46,"turns":5},{"damage":11,"enemies":"Sphere and 2 Shapes","floor":48,"turns":6},{"damage":39,"enemies":"Donu and Deca","floor":50,"turns":10}],"seed_played":"-3999160628567991343","potions_obtained":[{"floor":1,"key":"EntropicBrew"},{"floor":11,"key":"EssenceOfSteel"},{"floor":13,"key":"Weak Potion"},{"floor":14,"key":"Strength Potion"},{"floor":19,"key":"Swift Potion"},{"floor":28,"key":"Regen Potion"},{"floor":30,"key":"Poison Potion"},{"floor":33,"key":"Poison Potion"},{"floor":37,"key":"Poison Potion"},{"floor":38,"key":"PowerPotion"},{"floor":41,"key":"LiquidBronze"},{"floor":45,"key":"Regen Potion"},{"floor":46,"key":"Block Potion"}],"is_trial":false,"path_per_floor":["M","$","?","M","M","E","R","M","T","R","M","?","M","E","R","B",null,"M","?","$","M","$","R","M","$","T","$","E","?","M","M","R","B",null,"M","$","M","?","M","M","M","R","T","?","M","M","R","M","R","B"],"character_chosen":"DEFECT","items_purchased":["Coolheaded","Steam"],"campfire_rested":5,"item_purchase_floors":[20,27],"current_hp_per_floor":[75,75,75,75,73,40,40,10,10,32,38,38,45,38,60,49,75,56,56,56,39,39,39,34,34,41,41,41,25,30,22,46,53,82,82,82,82,56,63,43,39,39,39,39,35,43,67,63,82,50],"gold":31,"neow_bonus":"UPGRADE_CARD","is_prod":false,"is_daily":false,"chose_seed":false,"campfire_upgraded":3,"win_rate":0,"timestamp":1537826505,"path_taken":["M","$","?","M","M","E","R","?","T","R","M","?","M","E","R","BOSS","M","?","?","?","$","R","M","$","T","$","E","?","M","M","R","BOSS","M","$","?","?","M","M","M","R","T","?","M","M","R","M","R","BOSS"],"build_version":"2018-09-20","purchased_purges":5,"victory":true,"max_hp_per_floor":[75,75,75,75,75,75,75,75,75,75,75,75,75,75,75,75,75,75,75,75,75,75,75,75,75,82,82,82,82,82,82,82,82,82,82,82,82,82,82,82,82,82,82,82,82,82,82,82,82,82],"card_choices":[{"not_picked":["Genetic Algorithm","Turbo"],"picked":"Beam Cell","floor":1},{"not_picked":["Stack","Redo"],"picked":"Auto Shields","floor":4},{"not_picked":["Ball Lightning","Turbo"],"picked":"Hologram","floor":5},{"not_picked":["Barrage","Self Repair"],"picked":"Gash","floor":6},{"not_picked":["Turbo","Creative AI"],"picked":"Self Repair","floor":8},{"not_picked":["Rebound","Rip and Tear"],"picked":"Beam Cell","floor":10},{"not_picked":["Genetic Algorithm","Barrage"],"picked":"Go for the Eyes","floor":11},{"not_picked":["Leap","Beam Cell"],"picked":"Go for the Eyes","floor":13},{"not_picked":["Barrage","Rainbow"],"picked":"Gash","floor":14},{"not_picked":["Sweeping Beam","FTL"],"picked":"Gash","floor":15},{"not_picked":["Multi-Cast","Biased Cognition"],"picked":"Creative AI","floor":16},{"not_picked":["Rip and Tear","Tempest+1"],"picked":"Scrape","floor":18},{"not_picked":["Redo+1","Recycle"],"picked":"Scrape+1","floor":21},{"not_picked":["Beam Cell","Chaos"],"picked":"Gash","floor":24},{"not_picked":["Sweeping Beam","Chaos+1"],"picked":"Skim","floor":28},{"not_picked":["Reprogram+1","Scrape"],"picked":"Steam+1","floor":30},{"not_picked":["Cold Snap","Ball Lightning"],"picked":"Hologram","floor":31},{"not_picked":["Beam Cell","Compile Driver+1"],"picked":"Auto Shields","floor":32},{"not_picked":["Seek","Reboot"],"picked":"Buffer","floor":33},{"not_picked":["Rip and Tear","Go for the Eyes"],"picked":"Gash+1","floor":35},{"not_picked":["Sweeping Beam+1","Go for the Eyes","Streamline"],"picked":"SKIP","floor":37},{"not_picked":["Darkness","Turbo"],"picked":"Capacitor","floor":38},{"not_picked":["Sweeping Beam+1","Chaos+1","Tempest"],"picked":"SKIP","floor":39},{"not_picked":["Rip and Tear","Barrage+1"],"picked":"White Noise+1","floor":40},{"not_picked":["Rebound+1","Sweeping Beam+1"],"picked":"Storm","floor":41},{"not_picked":["Cold Snap+1","Leap+1"],"picked":"Coolheaded+1","floor":45},{"not_picked":["Compile Driver+1","Barrage+1","Leap+1"],"picked":"SKIP","floor":46},{"not_picked":["Coolheaded","Fission","Turbo+1"],"picked":"SKIP","floor":48},{"not_picked":["Coolheaded","Fission","Turbo+1"],"picked":"SKIP","floor":48}],"player_experience":157941,"relics_obtained":[{"floor":6,"key":"Dream Catcher"},{"floor":9,"key":"Smiling Mask"},{"floor":14,"key":"Omamori"},{"floor":26,"key":"Strawberry"},{"floor":29,"key":"Enchiridion"},{"floor":38,"key":"Gambling Chip"}],"event_choices":[{"event_name":"The Cleric","player_choice":"Leave","floor":3,"damage_taken":0},{"event_name":"WeMeetAgain","player_choice":"Potion","floor":12,"damage_taken":0},{"event_name":"The Lab","player_choice":"Got Potions","floor":19,"damage_taken":0},{"event_name":"Cursed Tome","player_choice":"Obtained Book","floor":29,"damage_taken":0},{"event_name":"Mysterious Sphere","player_choice":"Fight","floor":38,"damage_taken":0},{"event_name":"SecretPortal","player_choice":"Rejected Portal.","floor":44,"damage_taken":0}],"is_beta":false,"boss_relics":[{"not_picked":["Calling Bell","Tiny House"],"picked":"Ectoplasm"},{"not_picked":["FrozenCore","Coffee Dripper"],"picked":"Cursed Key"}],"items_purged_floors":[2,20,22,25,27],"is_endless":false,"potions_floor_spawned":[1,11,13,14,16,21,28,30,33,37,38,41,45,46],"ascension_level":2}