{"gold_per_floor":[109,27,45,63,77,105,105,130,130,130],"floor_reached":10,"playtime":699,"items_purged":[],"score":121,"play_id":"6ced63a3-f574-407c-9992-d15d856b9a98","local_time":"20190530170700","is_ascension_mode":true,"campfire_choices":[{"floor":7,"key":"REST"}],"neow_cost":"NONE","seed_source_timestamp":997726231208063,"circlet_count":0,"master_deck":["AscendersBane","Defend_G","Defend_G","Defend_G","Defend_G","Defend_G","Strike_G","Strike_G+1","Strike_G","Strike_G","Strike_G","Survivor","Neutralize","Crippling Poison","Skewer+1","Bouncing Flask","Leg Sweep","Backflip","Cloak And Dagger"],"special_seed":0,"relics":["Sozu","Matryoshka","Whetstone","Art of War","Bag of Preparation"],"potions_floor_usage":[],"damage_taken":[{"damage":8.0,"enemies":"Small Slimes","floor":1.0,"turns":4.0},{"damage":0.0,"enemies":"Jaw Worm","floor":3.0,"turns":5.0},{"damage":0.0,"enemies":"2 Louse","floor":4.0,"turns":3.0},{"damage":1,"enemies":"2 Fungi Beasts","floor":5,"turns":3},{"damage":46,"enemies":"3 Sentries","floor":6,"turns":14},{"damage":22,"enemies":"Gremlin Nob","floor":8,"turns":4},{"damage":8,"enemies":"The Mushroom Lair","floor":10,"turns":2}],"seed_played":"-5575727420675847231","potions_obtained":[],"is_trial":false,"path_per_floor":["M","$","M","M","M","E","R","E","T","?"],"character_chosen":"THE_SILENT","items_purchased":["Crippling Poison"],"campfire_rested":1,"item_purchase_floors":[2],"current_hp_per_floor":[55,55,55,55,54,8,29,7,7,0],"gold":130,"neow_bonus":"BOSS_RELIC","is_prod":false,"is_daily":false,"chose_seed":false,"campfire_upgraded":0,"win_rate":0,"timestamp":1559216220,"path_taken":["M","$","M","M","M","E","R","E","T","?"],"build_version":"2019-01-23","purchased_purges":0,"victory":false,"max_hp_per_floor":[70,70,70,70,70,70,70,70,70,70],"card_choices":[{"not_picked":["Quick Slash","Flechettes","Sucker Punch"],"picked":"SKIP","floor":1.0},{"not_picked":["Escape Plan","Blur"],"picked":"Skewer","floor":3.0},{"not_picked":["Masterful Stab","Calculated Gamble"],"picked":"Bouncing Flask","floor":4.0},{"not_picked":["Dagger Throw","Reflex"],"picked":"Leg Sweep","floor":5},{"not_picked":["Slice","Expertise"],"picked":"Backflip","floor":6},{"not_picked":["Quick Slash","Outmaneuver"],"picked":"Cloak And Dagger","floor":8}],"player_experience":976305,"relics_obtained":[{"floor":6,"key":"Matryoshka"},{"floor":8,"key":"Whetstone"},{"floor":9,"key":"Art of War"},{"floor":9,"key":"Bag of Preparation"}],"event_choices":[{"damage_healed":0,"gold_gain":0,"player_choice":"Fought Mushrooms","damage_taken":0,"max_hp_gain":0,"max_hp_loss":0,"event_name":"Mushrooms","floor":10,"gold_loss":0}],"is_beta":false,"boss_relics":[],"items_purged_floors":[],"is_endless":false,"potions_floor_spawned":[3,6,8],"killed_by":"The Mushroom Lair","ascension_level":11}