{"gold_per_floor":[116,116,126,126,142,170,170,204,204,237,237,251,277,65,65,142,142,156,71,170,270,270,270,270],"floor_reached":24,"playtime":2903,"items_purged":[],"score":471,"play_id":"eab7842b-40b3-4eec-ac9c-da31d84dccf7","local_time":"20190603200345","is_ascension_mode":true,"campfire_choices":[{"floor":11.0,"key":"REST"},{"data":"Defragment","floor":15.0,"key":"SMITH"},{"data":"Buffer","floor":23,"key":"SMITH"}],"neow_cost":"NONE","seed_source_timestamp":106420725317330,"circlet_count":0,"master_deck":["AscendersBane","Zap","Dualcast","Loop","Reinforced Body","Compile Driver","Ball Lightning","Buffer","Cold Snap","Conserve Battery","Barrage","Capacitor","Defragment+1","Electrodynamics","Rebound","Biased Cognition","Doom and Gloom","Reinforced Body","Core Surge","Buffer+1","Hologram","Genetic Algorithm","Defragment+1"],"special_seed":0,"relics":["Cracked Core","Dodecahedron","Centennial Puzzle","The Courier","Pear","Blue Candle","Strawberry","keyreminder:keyreminder","Anchor","Pandora\u0027s Box","Boot","Pocketwatch","Meat on the Bone"],"potions_floor_usage":[],"damage_taken":[{"damage":1.0,"enemies":"2 Louse","floor":1.0,"turns":2.0},{"damage":8.0,"enemies":"Jaw Worm","floor":3.0,"turns":4.0},{"damage":0.0,"enemies":"Small Slimes","floor":5.0,"turns":3.0},{"damage":55.0,"enemies":"3 Sentries","floor":6.0,"turns":7.0},{"damage":0.0,"enemies":"Lagavulin","floor":8.0,"turns":6.0},{"damage":20.0,"enemies":"3 Sentries","floor":10.0,"turns":8.0},{"damage":23.0,"enemies":"Gremlin Gang","floor":12.0,"turns":5.0},{"damage":0.0,"enemies":"Lagavulin","floor":13.0,"turns":6.0},{"damage":7.0,"enemies":"Hexaghost","floor":16.0,"turns":9.0},{"damage":7.0,"enemies":"Spheric Guardian","floor":18.0,"turns":4.0},{"damage":12,"enemies":"Colosseum Slavers","floor":21,"turns":2},{"damage":7,"enemies":"Colosseum Nobs","floor":21,"turns":5},{"damage":54,"enemies":"Book of Stabbing","floor":24,"turns":7}],"seed_played":"-2255851833569629927","potions_obtained":[{"floor":1.0,"key":"Strength Potion"},{"floor":3.0,"key":"SpeedPotion"},{"floor":10.0,"key":"SteroidPotion"},{"floor":18.0,"key":"EssenceOfSteel"}],"is_trial":false,"path_per_floor":["M","?","M","T","M","E","?","E","T","E","R","M","E","$","R","B",null,"M","?","?","?","?","R","E"],"character_chosen":"DEFECT","items_purchased":["Capacitor","Defragment","Anchor"],"campfire_rested":1,"item_purchase_floors":[14,14,14],"current_hp_per_floor":[74,74,66,66,66,11,11,11,21,1,28,5,12,12,12,5,76,69,69,69,50,50,50,0],"gold":270,"neow_bonus":"TEN_PERCENT_HP_BONUS","is_prod":false,"is_daily":false,"chose_seed":false,"campfire_upgraded":2,"win_rate":0,"timestamp":1559572425,"path_taken":["M","?","M","?","M","E","?","E","T","E","R","?","E","$","R","BOSS","M","?","?","?","?","R","E"],"build_version":"2019-01-23","purchased_purges":0,"victory":false,"max_hp_per_floor":[82,82,82,82,82,82,82,82,92,92,92,92,99,99,99,99,99,99,99,99,99,99,99,99],"card_choices":[{"not_picked":["Consume","Melter"],"picked":"Loop","floor":1.0},{"not_picked":["Aggregate","Barrage"],"picked":"Compile Driver","floor":3.0},{"not_picked":["Go for the Eyes","Consume","Steam"],"picked":"SKIP","floor":5.0},{"not_picked":["Redo","Conserve Battery"],"picked":"Ball Lightning","floor":6.0},{"not_picked":["Gash","Stack"],"picked":"Cold Snap","floor":8.0},{"not_picked":["Amplify","Go for the Eyes","Turbo"],"picked":"SKIP","floor":10.0},{"not_picked":["Storm","Barrage"],"picked":"Conserve Battery","floor":12.0},{"not_picked":["Redo","Gash"],"picked":"Barrage","floor":13.0},{"not_picked":["All For One","Fission"],"picked":"Electrodynamics","floor":16.0},{"not_picked":["Compile Driver","Reprogram"],"picked":"Hologram","floor":18.0},{"not_picked":["Doom and Gloom","Steam"],"picked":"Genetic Algorithm","floor":21}],"player_experience":1152155,"relics_obtained":[{"floor":4.0,"key":"Dodecahedron"},{"floor":6.0,"key":"Centennial Puzzle"},{"floor":8.0,"key":"The Courier"},{"floor":9.0,"key":"Pear"},{"floor":10.0,"key":"Blue Candle"},{"floor":13.0,"key":"Strawberry"},{"floor":21,"key":"Pocketwatch"},{"floor":21,"key":"Meat on the Bone"}],"event_choices":[{"damage_healed":0.0,"max_hp_gain":0.0,"max_hp_loss":0.0,"gold_gain":0.0,"cards_transformed":["Strike_B"],"event_name":"Living Wall","player_choice":"Change","floor":2.0,"gold_loss":0.0,"damage_taken":0.0,"cards_obtained":["Reinforced Body"]},{"damage_healed":0.0,"max_hp_gain":0.0,"max_hp_loss":0.0,"gold_gain":0.0,"cards_transformed":["Strike_B"],"event_name":"Transmorgrifier","player_choice":"Transformed","floor":7.0,"gold_loss":0.0,"damage_taken":0.0,"cards_obtained":["Buffer"]},{"damage_healed":0.0,"max_hp_gain":0.0,"max_hp_loss":0.0,"gold_gain":0.0,"event_name":"Addict","player_choice":"Obtained Relic","floor":19.0,"gold_loss":85.0,"damage_taken":0.0,"relics_obtained":["Boot"]},{"damage_healed":0.0,"max_hp_gain":0.0,"max_hp_loss":0.0,"gold_gain":99.0,"event_name":"Nest","player_choice":"Stole From Cult","floor":20.0,"gold_loss":0.0,"damage_taken":0.0},{"damage_healed":0,"gold_gain":0,"player_choice":"Fight","damage_taken":0,"max_hp_gain":0,"max_hp_loss":0,"event_name":"Colosseum","floor":21,"gold_loss":0},{"damage_healed":0,"gold_gain":0,"player_choice":"Fought Nobs","damage_taken":0,"max_hp_gain":0,"max_hp_loss":0,"event_name":"Colosseum","floor":21,"gold_loss":0},{"damage_healed":0,"gold_gain":0,"player_choice":"Copied","damage_taken":0,"max_hp_gain":0,"max_hp_loss":0,"event_name":"Duplicator","floor":22,"gold_loss":0,"cards_obtained":["Defragment"]}],"is_beta":false,"boss_relics":[{"not_picked":["Nuclear Battery","Calling Bell"],"picked":"Pandora\u0027s Box"}],"items_purged_floors":[],"is_endless":false,"potions_floor_spawned":[1,3,5,10,18],"killed_by":"Book of Stabbing","ascension_level":13}