{"gold_per_floor":[115,135,135,147,158,193,193,225,270,270],"floor_reached":10,"playtime":806,"items_purged":[],"score":109,"play_id":"08a1cfd1-922a-463e-b8c3-80e004ed2018","local_time":"20190527071854","is_ascension_mode":true,"campfire_choices":[{"data":"Dagger Spray","floor":7,"key":"SMITH"}],"neow_cost":"NONE","seed_source_timestamp":703602868219411,"circlet_count":0,"master_deck":["Defend_G","Defend_G","Defend_G","Defend_G","Defend_G","Strike_G","Strike_G","Strike_G","Strike_G","Strike_G","Survivor","Neutralize+1","Riddle With Holes","Dagger Spray+1"],"relics":["Busted Crown","Ornamental Fan","Bottled Flame","Snake Skull"],"potions_floor_usage":[5,6,10],"damage_taken":[{"damage":1,"enemies":"Cultist","floor":1,"turns":5},{"damage":4,"enemies":"Small Slimes","floor":2,"turns":4},{"damage":0,"enemies":"Jaw Worm","floor":4,"turns":3},{"damage":3,"enemies":"Lots of Slimes","floor":5,"turns":5},{"damage":28,"enemies":"3 Sentries","floor":6,"turns":11},{"damage":12,"enemies":"Gremlin Nob","floor":8,"turns":4},{"damage":38,"enemies":"Lagavulin","floor":10,"turns":9}],"seed_played":"3579354245334246168","potions_obtained":[{"floor":2,"key":"PowerPotion"},{"floor":5,"key":"Block Potion"},{"floor":8,"key":"Regen Potion"}],"is_trial":false,"path_per_floor":["M","M","?","M","M","E","R","E","T","E"],"character_chosen":"THE_SILENT","items_purchased":[],"campfire_rested":0,"item_purchase_floors":[],"current_hp_per_floor":[62,58,58,58,55,27,27,15,15,0],"gold":270,"neow_bonus":"BOSS_RELIC","is_prod":false,"is_daily":false,"chose_seed":false,"campfire_upgraded":1,"win_rate":0,"timestamp":1558921734,"path_taken":["M","M","?","M","?","E","R","E","T","E"],"build_version":"2019-01-23","purchased_purges":0,"victory":false,"max_hp_per_floor":[70,70,70,70,70,70,70,70,70,70],"card_choices":[{"not_picked":["Underhanded Strike"],"picked":"SKIP","floor":1},{"not_picked":[],"picked":"Riddle With Holes","floor":2},{"not_picked":["Underhanded Strike"],"picked":"SKIP","floor":4},{"not_picked":["Riddle With Holes"],"picked":"SKIP","floor":5},{"not_picked":[],"picked":"Dagger Spray","floor":6},{"not_picked":["Slice"],"picked":"SKIP","floor":8}],"player_experience":816787,"relics_obtained":[{"floor":6,"key":"Ornamental Fan"},{"floor":8,"key":"Bottled Flame"},{"floor":9,"key":"Snake Skull"}],"event_choices":[{"damage_healed":0,"gold_gain":0,"player_choice":"Upgraded","damage_taken":0,"max_hp_gain":0,"max_hp_loss":0,"event_name":"Upgrade Shrine","floor":3,"gold_loss":0,"cards_upgraded":["Neutralize"]}],"is_beta":false,"boss_relics":[],"items_purged_floors":[],"is_endless":false,"potions_floor_spawned":[2,5,8],"killed_by":"Lagavulin","ascension_level":8}