{"gold_per_floor":[117,133,147,147,147,181,181,192,247,247,272,299,330,369,381,490,502,529,269,269,211,227,253,253,287,287,320,320,355,369,223,223,318,318,337,353,353,372,391,391,419,439,439,449,50,76,76,101,101,101,101,101,12,46,46],"floor_reached":56,"playtime":8509,"items_purged":["Strike_R","Strike_R","Normality","Strike_R"],"score":1496,"play_id":"807083dd-48d1-4b3f-8bb0-d06e39870350","local_time":"20190517201131","is_ascension_mode":true,"campfire_choices":[{"data":"Shrug It Off","floor":7.0,"key":"SMITH"},{"data":"Sword Boomerang","floor":10.0,"key":"SMITH"},{"data":"Inflame","floor":15.0,"key":"SMITH"},{"data":"Demon Form","floor":24.0,"key":"SMITH"},{"data":"Immolate","floor":28.0,"key":"SMITH"},{"data":"Demon Form","floor":32.0,"key":"SMITH"},{"data":"Heavy Blade","floor":40.0,"key":"SMITH"},{"data":"Defend_R","floor":47.0,"key":"SMITH"},{"floor":49.0,"key":"RECALL"},{"data":"Fire Breathing","floor":52.0,"key":"SMITH"}],"neow_cost":"NONE","seed_source_timestamp":171760617139176,"circlet_count":0,"master_deck":["Strike_R","Defend_R+1","Defend_R","Defend_R","Defend_R+1","Bash+1","Sword Boomerang+1","Shrug It Off+1","Fire Breathing+1","Heavy Blade+1","Immolate+1","Inflame+1","Demon Form+1","Shrug It Off+1","Warcry+1","Ghostly Armor+1","Shrug It Off+1","Demon Form+1","Shockwave+1","Shrug It Off+1","Limit Break+1","Intimidate+1","Decay","Reaper+1","Disarm+1","Flame Barrier+1"],"special_seed":0,"relics":["Sozu","Meat on the Bone","MawBank","Toxic Egg 2","Cursed Key","PreservedInsect","Enchiridion","Bag of Marbles","Red Skull","Art of War","Molten Egg 2","Bottled Flame","Bird Faced Urn","Runic Cube","Smiling Mask","Shuriken","Strange Spoon","Orichalcum","Paper Frog","Ancient Tea Set","Gremlin Horn"],"potions_floor_usage":[],"damage_taken":[{"damage":0.0,"enemies":"Small Slimes","floor":1.0,"turns":3.0},{"damage":0.0,"enemies":"Cultist","floor":2.0,"turns":2.0},{"damage":6.0,"enemies":"2 Louse","floor":3.0,"turns":2.0},{"damage":37.0,"enemies":"3 Sentries","floor":6.0,"turns":12.0},{"damage":10.0,"enemies":"Exordium Thugs","floor":8.0,"turns":7.0},{"damage":16.0,"enemies":"Gremlin Nob","floor":11.0,"turns":4.0},{"damage":6.0,"enemies":"Red Slaver","floor":12.0,"turns":2.0},{"damage":0.0,"enemies":"2 Fungi Beasts","floor":13.0,"turns":2.0},{"damage":19.0,"enemies":"Lagavulin","floor":14.0,"turns":5.0},{"damage":23.0,"enemies":"The Guardian","floor":16.0,"turns":8.0},{"damage":11.0,"enemies":"Spheric Guardian","floor":18.0,"turns":3.0},{"damage":6.0,"enemies":"2 Thieves","floor":22.0,"turns":3.0},{"damage":2.0,"enemies":"Book of Stabbing","floor":23.0,"turns":4.0},{"damage":20.0,"enemies":"Slavers","floor":25.0,"turns":3.0},{"damage":0.0,"enemies":"Gremlin Leader","floor":27.0,"turns":4.0},{"damage":0.0,"enemies":"Slavers","floor":29.0,"turns":1.0},{"damage":14.0,"enemies":"Sentry and Sphere","floor":30.0,"turns":4.0},{"damage":26.0,"enemies":"Collector","floor":33.0,"turns":6.0},{"damage":9.0,"enemies":"3 Darklings","floor":35.0,"turns":3.0},{"damage":0.0,"enemies":"3 Shapes","floor":36.0,"turns":3.0},{"damage":0.0,"enemies":"Transient","floor":38.0,"turns":5.0},{"damage":44.0,"enemies":"Writhing Mass","floor":39.0,"turns":6.0},{"damage":34.0,"enemies":"Nemesis","floor":41.0,"turns":9.0},{"damage":0.0,"enemies":"Maw","floor":42.0,"turns":5.0},{"damage":5.0,"enemies":"Sphere and 2 Shapes","floor":44.0,"turns":4.0},{"damage":14.0,"enemies":"Reptomancer","floor":46.0,"turns":6.0},{"damage":0.0,"enemies":"Giant Head","floor":48.0,"turns":7.0},{"damage":24.0,"enemies":"Time Eater","floor":50.0,"turns":7.0},{"damage":15.0,"enemies":"Shield and Spear","floor":54.0,"turns":7.0},{"damage":123,"enemies":"The Heart","floor":55,"turns":8}],"seed_played":"-3080883665401584198","potions_obtained":[],"is_trial":false,"path_per_floor":["M","M","M","?","?","E","R","M","T","R","E","M","M","E","R","B",null,"M","$","?","?","M","E","R","E","T","E","R","E","M","$","R","B",null,"M","M","?","M","M","R","E","M","T","M","$","E","R","E","R","B",null,"R","$","E","B",null],"character_chosen":"IRONCLAD","items_purchased":["Warcry+1","PreservedInsect","Shrug It Off+1","Strange Spoon","Orichalcum","Flame Barrier+1"],"campfire_rested":0,"item_purchase_floors":[19,19,31,45,45,53],"current_hp_per_floor":[80,80,74,58,58,21,21,23,23,23,19,25,37,30,30,19,80,69,69,53,53,47,45,45,37,37,49,49,49,41,41,41,37,80,73,75,75,80,52,52,40,50,50,53,53,62,62,80,80,61,80,80,80,80,15],"gold":46,"neow_bonus":"BOSS_RELIC","is_prod":false,"is_daily":false,"chose_seed":false,"campfire_upgraded":9,"win_rate":0,"timestamp":1558104091,"path_taken":["M","M","M","?","?","E","R","M","T","R","E","?","M","E","R","BOSS","M","$","?","?","M","E","R","E","T","E","R","E","?","?","R","BOSS","M","M","?","M","M","R","E","M","T","M","$","E","R","E","R","BOSS","R","$","E","BOSS"],"build_version":"2019-01-23","purchased_purges":4,"victory":true,"max_hp_per_floor":[80,80,80,80,80,80,80,80,80,80,80,80,80,80,80,80,80,80,80,80,80,80,80,80,80,80,80,80,80,80,80,80,80,80,80,80,80,80,80,80,80,80,80,80,80,80,80,80,80,80,80,80,80,80,80],"card_choices":[{"not_picked":["Thunderclap","Rampage"],"picked":"Sword Boomerang","floor":1.0},{"not_picked":["Thunderclap","Body Slam","Second Wind"],"picked":"SKIP","floor":2.0},{"not_picked":["Pommel Strike","Ghostly Armor"],"picked":"Shrug It Off","floor":3.0},{"not_picked":["Headbutt","Hemokinesis","Clothesline"],"picked":"SKIP","floor":6.0},{"not_picked":["Cleave","Perfected Strike","Second Wind"],"picked":"SKIP","floor":8.0},{"not_picked":["Sentinel","Anger"],"picked":"Heavy Blade","floor":11.0},{"not_picked":["Thunderclap","Clothesline"],"picked":"Immolate","floor":12.0},{"not_picked":["Warcry","Rampage"],"picked":"Inflame","floor":13.0},{"not_picked":["Havoc","Intimidate","Cleave"],"picked":"SKIP","floor":14.0},{"not_picked":["Limit Break+1","Bludgeon"],"picked":"Demon Form","floor":16.0},{"not_picked":["Wild Strike","Feel No Pain+1"],"picked":"Shrug It Off+1","floor":18.0},{"not_picked":["Power Through+1","Clothesline"],"picked":"Ghostly Armor+1","floor":22.0},{"not_picked":["Sword Boomerang","Iron Wave","Cleave"],"picked":"SKIP","floor":23.0},{"not_picked":["Armaments+1","Spot Weakness+1"],"picked":"Shrug It Off+1","floor":25.0},{"not_picked":["Headbutt+1","Evolve"],"picked":"Demon Form","floor":27.0},{"not_picked":["Sever Soul+1","Heavy Blade+1"],"picked":"Shockwave+1","floor":29.0},{"not_picked":["Body Slam+1","Thunderclap+1","Sword Boomerang+1"],"picked":"SKIP","floor":30.0},{"not_picked":["Immolate+1","Double Tap+1"],"picked":"Limit Break+1","floor":33.0},{"not_picked":["Intimidate+1","Thunderclap+1","Perfected Strike+1"],"picked":"SKIP","floor":35.0},{"not_picked":["Clash+1","Dropkick+1","Spot Weakness+1"],"picked":"SKIP","floor":36.0},{"not_picked":["Body Slam+1","Sever Soul+1","Anger+1"],"picked":"SKIP","floor":38.0},{"not_picked":["Blood for Blood+1","Clothesline+1","Anger+1"],"picked":"SKIP","floor":39.0},{"not_picked":["Combust+1","Shockwave+1"],"picked":"Intimidate+1","floor":41.0},{"not_picked":["Dual Wield+1","Cleave+1","Inflame+1"],"picked":"SKIP","floor":42.0},{"not_picked":["Infernal Blade+1","Havoc+1"],"picked":"Reaper+1","floor":44.0},{"not_picked":["Inflame+1","Anger+1"],"picked":"Disarm+1","floor":46.0},{"not_picked":["Anger+1","Body Slam+1","Bloodletting+1"],"picked":"SKIP","floor":48.0},{"not_picked":["Dual Wield+1","True Grit+1","Flex+1"],"picked":"SKIP","floor":54.0}],"player_experience":428032,"relics_obtained":[{"floor":6.0,"key":"Meat on the Bone"},{"floor":11.0,"key":"MawBank"},{"floor":14.0,"key":"Toxic Egg 2"},{"floor":20.0,"key":"Enchiridion"},{"floor":23.0,"key":"Red Skull"},{"floor":25.0,"key":"Art of War"},{"floor":26.0,"key":"Molten Egg 2"},{"floor":27.0,"key":"Bottled Flame"},{"floor":29.0,"key":"Bird Faced Urn"},{"floor":41.0,"key":"Smiling Mask"},{"floor":43.0,"key":"Shuriken"},{"floor":46.0,"key":"Paper Frog"},{"floor":48.0,"key":"Ancient Tea Set"},{"floor":54.0,"key":"Gremlin Horn"}],"event_choices":[{"damage_healed":0.0,"max_hp_gain":0.0,"max_hp_loss":0.0,"gold_gain":0.0,"event_name":"Shining Light","player_choice":"Entered Light","floor":4.0,"gold_loss":0.0,"damage_taken":16.0,"cards_upgraded":["Bash","Defend_R"]},{"damage_healed":0.0,"max_hp_gain":0.0,"max_hp_loss":0.0,"gold_gain":0.0,"cards_transformed":["Strike_R"],"event_name":"Transmorgrifier","player_choice":"Transformed","floor":5.0,"gold_loss":0.0,"damage_taken":0.0,"cards_obtained":["Fire Breathing"]},{"damage_healed":0.0,"max_hp_gain":0.0,"max_hp_loss":0.0,"gold_gain":0.0,"event_name":"Cursed Tome","player_choice":"Obtained Book","floor":20.0,"gold_loss":0.0,"damage_taken":16.0},{"damage_healed":0.0,"max_hp_gain":0.0,"max_hp_loss":0.0,"gold_gain":0.0,"event_name":"WeMeetAgain","player_choice":"Paid Gold","floor":21.0,"gold_loss":58.0,"damage_taken":0.0,"relics_obtained":["Bag of Marbles"]},{"damage_healed":0.0,"max_hp_gain":0.0,"max_hp_loss":0.0,"gold_gain":0.0,"event_name":"SecretPortal","player_choice":"Ignored","floor":37.0,"gold_loss":0.0,"damage_taken":0.0}],"is_beta":false,"boss_relics":[{"not_picked":["Eternal Feather","Runic Pyramid"],"picked":"Cursed Key"},{"not_picked":["Mark of Pain","Lizard Tail"],"picked":"Runic Cube"}],"items_purged_floors":[19,31,45,53],"is_endless":false,"potions_floor_spawned":[2,8,11,12,16,22,29,33,36,41,42,48],"ascension_level":2}