{"gold_per_floor":[111,111,111,111,127,157,157,157,182,194,194,212,212,57,57,154,154,170,190,190,190,207,207,207,207,282,382,382,396,396,396,396,492,492,502,502,602,159,159],"floor_reached":39,"playtime":3855,"items_purged":["Defend_B","Strike_B"],"score":423,"play_id":"5ea445dc-c621-4d22-8760-3d2ea2060b64","local_time":"20190105195426","is_ascension_mode":false,"campfire_choices":[{"floor":8,"key":"REST"},{"data":"Fission","floor":13,"key":"SMITH"},{"data":"Defragment","floor":15,"key":"SMITH"},{"data":"Creative AI","floor":23,"key":"SMITH"},{"floor":25,"key":"REST"},{"data":"Loop","floor":28,"key":"SMITH"},{"floor":32,"key":"REST"}],"neow_cost":"NONE","seed_source_timestamp":608823781673771,"circlet_count":0,"master_deck":["Strike_B","Strike_B","Defend_B","Defend_B","Zap","Dualcast","Ball Lightning","Redo","Barrage","Fission+1","Barrage","Defragment+1","Creative AI+1","Steam Power+1","Leap","Tempest+1","Loop+1","Rebound","Machine Learning","Capacitor","Finesse","Lockon+1","Reprogram","Heatsinks"],"relics":["Cracked Core","Oddly Smooth Stone","Regal Pillow","Juzu Bracelet","Strawberry","Nuclear Battery","Centennial Puzzle","Pear","Inserter","Peace Pipe","TheAbacus"],"potions_floor_usage":[18,39,39],"damage_taken":[{"damage":7,"enemies":"Small Slimes","floor":1,"turns":4},{"damage":0,"enemies":"Jaw Worm","floor":5,"turns":2},{"damage":40,"enemies":"Gremlin Nob","floor":6,"turns":4},{"damage":1,"enemies":"2 Louse","floor":10,"turns":2},{"damage":1,"enemies":"Blue Slaver","floor":12,"turns":3},{"damage":59,"enemies":"Slime Boss","floor":16,"turns":7},{"damage":24,"enemies":"Shell Parasite","floor":18,"turns":6},{"damage":0,"enemies":"Spheric Guardian","floor":19,"turns":1},{"damage":13,"enemies":"Snecko","floor":22,"turns":4},{"damage":39,"enemies":"Cultist and Chosen","floor":29,"turns":5},{"damage":87,"enemies":"Automaton","floor":33,"turns":8},{"damage":4,"enemies":"Orb Walker","floor":35,"turns":2},{"damage":57,"enemies":"Mind Bloom Boss Battle","floor":37,"turns":6},{"damage":40,"enemies":"3 Darklings","floor":39,"turns":2}],"seed_played":"3427035843636613404","potions_obtained":[{"floor":1,"key":"Swift Potion"},{"floor":6,"key":"FearPotion"},{"floor":10,"key":"EssenceOfSteel"},{"floor":18,"key":"EssenceOfSteel"},{"floor":22,"key":"Fire Potion"},{"floor":31,"key":"FocusPotion"}],"is_trial":false,"path_per_floor":["M","?","?","T","M","E","?","R","T","M","?","M","R","$","R","B",null,"M","M","?","?","M","R","?","R","T","?","R","M","?","?","R","B",null,"M","?","?","$","M"],"character_chosen":"DEFECT","items_purchased":["Defragment","Reprogram","Heatsinks","TheAbacus"],"campfire_rested":3,"item_purchase_floors":[14,38,38,38],"current_hp_per_floor":[75,68,68,68,68,28,28,67,67,66,66,65,65,65,65,6,89,65,65,65,65,52,52,52,89,99,99,99,60,60,60,99,12,99,95,95,38,38,0],"gold":159,"neow_bonus":"TEN_PERCENT_HP_BONUS","is_prod":false,"is_daily":false,"chose_seed":false,"campfire_upgraded":4,"win_rate":0.0,"timestamp":1546739666,"path_taken":["M","?","?","?","?","E","?","R","T","M","?","M","R","?","R","BOSS","M","M","?","?","M","R","?","R","T","?","R","M","?","?","R","BOSS","M","?","?","$","M"],"build_version":"2019-01-03v4","purchased_purges":2,"victory":false,"max_hp_per_floor":[82,82,82,82,82,82,82,82,82,82,89,89,89,89,89,89,89,89,89,89,89,89,89,89,89,99,99,99,99,99,99,99,99,99,99,99,99,99,99],"card_choices":[{"not_picked":["Aggregate","Streamline"],"picked":"Ball Lightning","floor":1},{"not_picked":["Auto Shields","Streamline"],"picked":"Redo","floor":5},{"not_picked":["Coolheaded","Compile Driver"],"picked":"Barrage","floor":6},{"not_picked":["Skim","Gash"],"picked":"Fission","floor":10},{"not_picked":["Glacier","Coolheaded"],"picked":"Barrage","floor":12},{"not_picked":["Biased Cognition","All For One"],"picked":"Creative AI","floor":16},{"not_picked":["Double Energy","Gash"],"picked":"Steam Power","floor":18},{"not_picked":["Auto Shields","Hologram"],"picked":"Leap","floor":19},{"not_picked":["Coolheaded","Barrage"],"picked":"Tempest+1","floor":22},{"not_picked":["Coolheaded","Streamline"],"picked":"Rebound","floor":29},{"not_picked":["Thunder Strike","Buffer"],"picked":"Machine Learning","floor":33},{"not_picked":["Coolheaded","Gash+1"],"picked":"Capacitor","floor":35},{"not_picked":["Apotheosis","HandOfGreed"],"picked":"Finesse","floor":36},{"not_picked":["Leap+1","Ball Lightning+1"],"picked":"Lockon+1","floor":37}],"player_experience":14639,"relics_obtained":[{"floor":4,"key":"Oddly Smooth Stone"},{"floor":6,"key":"Regal Pillow"},{"floor":9,"key":"Juzu Bracelet"},{"floor":26,"key":"Pear"},{"floor":37,"key":"Peace Pipe"}],"event_choices":[{"cards_removed":["Defend_B"],"damage_healed":0,"gold_gain":0,"player_choice":"Card Removal","damage_taken":7,"max_hp_gain":0,"max_hp_loss":0,"event_name":"Golden Wing","floor":2,"gold_loss":0},{"damage_healed":0,"gold_gain":0,"player_choice":"Ignored","damage_taken":0,"max_hp_gain":0,"max_hp_loss":0,"event_name":"Liars Game","floor":3,"gold_loss":0},{"cards_removed":["Strike_B"],"damage_healed":0,"gold_gain":0,"player_choice":"Forget","damage_taken":0,"max_hp_gain":0,"max_hp_loss":0,"event_name":"Living Wall","floor":7,"gold_loss":0},{"damage_healed":0,"gold_gain":0,"player_choice":"Success","damage_taken":7,"relics_obtained":["Strawberry"],"max_hp_gain":0,"max_hp_loss":0,"event_name":"Scrap Ooze","floor":11,"gold_loss":0},{"damage_healed":0,"gold_gain":0,"player_choice":"Upgraded","damage_taken":0,"max_hp_gain":0,"max_hp_loss":0,"event_name":"Upgrade Shrine","floor":20,"gold_loss":0,"cards_upgraded":["Steam Power"]},{"damage_healed":0,"gold_gain":0,"player_choice":"Opened","damage_taken":0,"relics_obtained":["Centennial Puzzle"],"max_hp_gain":0,"max_hp_loss":0,"event_name":"The Mausoleum","floor":21,"gold_loss":0},{"damage_healed":0,"gold_gain":0,"player_choice":"Read","damage_taken":0,"max_hp_gain":0,"max_hp_loss":0,"event_name":"The Library","floor":24,"gold_loss":0,"cards_obtained":["Loop"]},{"damage_healed":0,"gold_gain":100,"player_choice":"Pray","damage_taken":0,"max_hp_gain":0,"max_hp_loss":0,"event_name":"Golden Shrine","floor":27,"gold_loss":0},{"damage_healed":0,"gold_gain":0,"player_choice":"Ignored","damage_taken":0,"max_hp_gain":0,"max_hp_loss":0,"event_name":"Ghosts","floor":30,"gold_loss":0},{"damage_healed":0,"gold_gain":0,"player_choice":"Got Potions","damage_taken":0,"max_hp_gain":0,"max_hp_loss":0,"event_name":"Lab","floor":31,"gold_loss":0},{"damage_healed":0,"gold_gain":0,"player_choice":"Memory 1","damage_taken":0,"max_hp_gain":0,"max_hp_loss":0,"event_name":"SensoryStone","floor":36,"gold_loss":0},{"damage_healed":0,"gold_gain":0,"player_choice":"Fight","damage_taken":0,"max_hp_gain":0,"max_hp_loss":0,"event_name":"MindBloom","floor":37,"gold_loss":0}],"is_beta":false,"boss_relics":[{"not_picked":["Sozu","Black Star"],"picked":"Nuclear Battery"},{"not_picked":["Empty Cage","FrozenCore"],"picked":"Inserter"}],"items_purged_floors":[14,38],"is_endless":false,"potions_floor_spawned":[1,6,10,16,18,22,29,35],"killed_by":"3 Darklings","ascension_level":0}