{"gold_per_floor":[114,129,147,25,25,25,58,58,83,83,96,171,171,205,205,304,304,321,94,110,110,123,123,133,166,166,166,185,185,198,228,228,330,330,341,23,23,78,95,95,95,125,125,125,160,170,170,170,170,170,170,170,51,77,77],"floor_reached":55,"playtime":4908,"items_purged":["Strike_R","Strike_R","Strike_R","Defend_R"],"score":821,"play_id":"42f5ca15-a4f5-4964-b195-260d879bd9bc","local_time":"20190527235954","is_ascension_mode":false,"campfire_choices":[{"data":"Body Slam","floor":6.0,"key":"SMITH"},{"data":"Shrug It Off","floor":8.0,"key":"SMITH"},{"data":"Rupture","floor":13.0,"key":"SMITH"},{"data":"Battle Trance","floor":15.0,"key":"SMITH"},{"data":"Bloodletting","floor":23.0,"key":"SMITH"},{"data":"Entrench","floor":27.0,"key":"SMITH"},{"floor":32.0,"key":"REST"},{"data":"Barricade","floor":40.0,"key":"SMITH"},{"data":"Sword Boomerang","floor":41.0,"key":"SMITH"},{"floor":47.0,"key":"RECALL"},{"data":"Brutality","floor":49.0,"key":"SMITH"},{"data":"Brutality","floor":52.0,"key":"SMITH"}],"neow_cost":"NONE","seed_source_timestamp":964688679995800,"circlet_count":0,"master_deck":["Strike_R","Strike_R","Defend_R","Defend_R+1","Defend_R","Bash","Battle Trance+1","Shrug It Off+1","Disarm","Body Slam+1","Rupture+1","Brutality+1","Bloodletting+1","Trip","Combust","Disarm","Entrench+1","Thunderclap+1","Burning Pact","Ghostly Armor","Dropkick+1","Rupture","Barricade+1","Ghostly Armor+1","Brutality+1","Shrug It Off","Flash of Steel","Secret Technique","Impatience","Sword Boomerang+1","Thunderclap+1","Cleave","Body Slam+1","Heavy Blade+1","Entrench"],"special_seed":0,"relics":["Burning Blood","Happy Flower","Shuriken","War Paint","Anchor","Sozu","Blood Vial","Gremlin Horn","Eternal Feather","WingedGreaves","Bronze Scales","Ginger","Smiling Mask","Oddly Smooth Stone","Calipers"],"potions_floor_usage":[],"damage_taken":[{"damage":12.0,"enemies":"Cultist","floor":1.0,"turns":5.0},{"damage":1.0,"enemies":"2 Louse","floor":2.0,"turns":4.0},{"damage":2.0,"enemies":"Small Slimes","floor":3.0,"turns":4.0},{"damage":4.0,"enemies":"Gremlin Nob","floor":7.0,"turns":4.0},{"damage":1.0,"enemies":"3 Louse","floor":11.0,"turns":4.0},{"damage":4.0,"enemies":"3 Sentries","floor":14.0,"turns":8.0},{"damage":25.0,"enemies":"Hexaghost","floor":16.0,"turns":13.0},{"damage":3.0,"enemies":"2 Thieves","floor":18.0,"turns":4.0},{"damage":6.0,"enemies":"Shell Parasite","floor":20.0,"turns":4.0},{"damage":29.0,"enemies":"Snecko","floor":22.0,"turns":6.0},{"damage":32.0,"enemies":"3 Cultists","floor":24.0,"turns":6.0},{"damage":9.0,"enemies":"Book of Stabbing","floor":25.0,"turns":5.0},{"damage":19.0,"enemies":"Centurion and Healer","floor":28.0,"turns":6.0},{"damage":4.0,"enemies":"Snake Plant","floor":30.0,"turns":5.0},{"damage":11.0,"enemies":"Gremlin Leader","floor":31.0,"turns":5.0},{"damage":19.0,"enemies":"Champ","floor":33.0,"turns":7.0},{"damage":51.0,"enemies":"3 Darklings","floor":35.0,"turns":6.0},{"damage":18.0,"enemies":"2 Orb Walkers","floor":38.0,"turns":6.0},{"damage":1.0,"enemies":"Orb Walker","floor":39.0,"turns":3.0},{"damage":8.0,"enemies":"Reptomancer","floor":42.0,"turns":5.0},{"damage":49.0,"enemies":"Nemesis","floor":45.0,"turns":9.0},{"damage":11.0,"enemies":"Transient","floor":46.0,"turns":5.0},{"damage":55.0,"enemies":"Donu and Deca","floor":50.0,"turns":6.0},{"damage":23.0,"enemies":"Shield and Spear","floor":54.0,"turns":5.0},{"damage":71,"enemies":"The Heart","floor":55,"turns":5}],"seed_played":"-4757301929728647493","potions_obtained":[{"floor":1.0,"key":"Swift Potion"},{"floor":2.0,"key":"Weak Potion"},{"floor":3.0,"key":"AttackPotion"},{"floor":14.0,"key":"Strength Potion"}],"is_trial":false,"path_per_floor":["M","M","M","$","?","R","E","R","T","?","M","?","R","E","R","B",null,"M","$","M","?","M","R","M","E","T","R","M","?","M","E","R","B",null,"M","$","?","?","M","R","R","E","T","T","E","M","R","?","R","B",null,"R","$","E","B"],"character_chosen":"IRONCLAD","items_purchased":["Body Slam","Bloodletting","Trip","Brutality","Shrug It Off","Entrench"],"campfire_rested":1,"item_purchase_floors":[4,19,19,36,36,53],"current_hp_per_floor":[74,79,80,80,68,68,70,70,70,75,80,69,69,71,71,52,85,85,85,85,85,62,62,36,33,33,33,22,22,26,23,48,37,85,40,40,30,20,27,45,63,63,63,63,22,19,40,85,85,36,85,85,85,68,0],"gold":77,"neow_bonus":"RANDOM_COLORLESS","is_prod":false,"is_daily":false,"chose_seed":false,"campfire_upgraded":10,"win_rate":0,"timestamp":1559019594,"path_taken":["M","M","M","$","?","R","E","R","T","?","M","?","R","E","R","BOSS","M","$","M","?","M","R","M","E","T","R","M","?","M","E","R","BOSS","M","$","?","?","M","R","R","E","T","?","E","M","R","?","R","BOSS","R","$","E","BOSS"],"build_version":"2019-01-23","purchased_purges":4,"victory":false,"max_hp_per_floor":[80,80,80,80,80,80,80,80,80,85,85,85,85,85,85,85,85,85,85,85,85,85,85,85,85,85,85,85,85,85,85,85,85,85,85,85,85,85,85,85,85,85,85,85,85,85,85,85,85,85,85,85,85,85,85],"card_choices":[{"not_picked":["Rage","Intimidate"],"picked":"Battle Trance","floor":1.0},{"not_picked":["Heavy Blade","Body Slam"],"picked":"Shrug It Off","floor":2.0},{"not_picked":["Rage","Headbutt"],"picked":"Disarm","floor":3.0},{"not_picked":["Offering","Flame Barrier","Reckless Charge"],"picked":"SKIP","floor":7.0},{"not_picked":["Intimidate","Sword Boomerang"],"picked":"Rupture","floor":11.0},{"not_picked":["Warcry","Anger","Headbutt"],"picked":"SKIP","floor":14.0},{"not_picked":["Feed","Demon Form"],"picked":"Brutality","floor":16.0},{"not_picked":["Second Wind","Havoc","Shockwave"],"picked":"SKIP","floor":18.0},{"not_picked":["Wild Strike+1","Feel No Pain"],"picked":"Combust","floor":20.0},{"not_picked":["Thunderclap","Clothesline+1"],"picked":"Entrench","floor":22.0},{"not_picked":["Havoc","Intimidate"],"picked":"Thunderclap+1","floor":24.0},{"not_picked":["Warcry","Offering"],"picked":"Burning Pact","floor":25.0},{"not_picked":["Clash","Carnage"],"picked":"Ghostly Armor","floor":28.0},{"not_picked":["True Grit+1","Flex"],"picked":"Dropkick+1","floor":30.0},{"not_picked":["Clash","Heavy Blade"],"picked":"Rupture","floor":31.0},{"not_picked":["Brutality","Immolate"],"picked":"Barricade","floor":33.0},{"not_picked":["Uppercut","Rampage"],"picked":"Ghostly Armor+1","floor":35.0},{"not_picked":["Apotheosis","Purity"],"picked":"Flash of Steel","floor":37.0},{"not_picked":["Trip","Forethought"],"picked":"Secret Technique","floor":37.0},{"not_picked":["Dramatic Entrance","Dark Shackles"],"picked":"Impatience","floor":37.0},{"not_picked":["Dual Wield","Shrug It Off"],"picked":"Sword Boomerang","floor":38.0},{"not_picked":["Metallicize+1","Shockwave+1"],"picked":"Thunderclap+1","floor":39.0},{"not_picked":["Havoc","Armaments+1"],"picked":"Cleave","floor":42.0},{"not_picked":["Limit Break","Demon Form"],"picked":"Body Slam+1","floor":45.0},{"not_picked":["Cleave","Havoc+1"],"picked":"Heavy Blade+1","floor":46.0},{"not_picked":["Armaments","Juggernaut","Inflame"],"picked":"SKIP","floor":54.0}],"player_experience":276487,"relics_obtained":[{"floor":7.0,"key":"Shuriken"},{"floor":9.0,"key":"War Paint"},{"floor":14.0,"key":"Anchor"},{"floor":25.0,"key":"Blood Vial"},{"floor":31.0,"key":"Gremlin Horn"},{"floor":38.0,"key":"WingedGreaves"},{"floor":42.0,"key":"Bronze Scales"},{"floor":43.0,"key":"Ginger"},{"floor":44.0,"key":"Smiling Mask"},{"floor":45.0,"key":"Oddly Smooth Stone"},{"floor":54.0,"key":"Calipers"}],"event_choices":[{"damage_healed":0.0,"max_hp_gain":0.0,"max_hp_loss":0.0,"gold_gain":0.0,"event_name":"Scrap Ooze","player_choice":"Success","floor":5.0,"gold_loss":0.0,"damage_taken":12.0,"relics_obtained":["Happy Flower"]},{"damage_healed":0.0,"max_hp_gain":5.0,"max_hp_loss":0.0,"gold_gain":0.0,"event_name":"Big Fish","player_choice":"Donut","floor":10.0,"gold_loss":0.0,"damage_taken":0.0},{"damage_healed":0.0,"max_hp_gain":0.0,"max_hp_loss":0.0,"gold_gain":75.0,"event_name":"World of Goop","player_choice":"Gather Gold","floor":12.0,"gold_loss":0.0,"damage_taken":11.0},{"damage_healed":0.0,"max_hp_gain":0.0,"max_hp_loss":0.0,"gold_gain":0.0,"event_name":"The Library","player_choice":"Read","floor":21.0,"gold_loss":0.0,"damage_taken":0.0,"cards_obtained":["Disarm"]},{"damage_healed":0.0,"max_hp_gain":0.0,"max_hp_loss":0.0,"gold_gain":0.0,"event_name":"Ghosts","player_choice":"Ignored","floor":29.0,"gold_loss":0.0,"damage_taken":0.0},{"damage_healed":0.0,"max_hp_gain":0.0,"max_hp_loss":0.0,"gold_gain":0.0,"event_name":"SensoryStone","player_choice":"Memory 3","floor":37.0,"gold_loss":0.0,"damage_taken":10.0},{"damage_healed":0.0,"max_hp_gain":0.0,"max_hp_loss":0.0,"gold_gain":0.0,"event_name":"Mysterious Sphere","player_choice":"Fight","floor":38.0,"gold_loss":0.0,"damage_taken":0.0},{"cards_removed":["Deep Breath"],"damage_healed":45.0,"max_hp_gain":0.0,"max_hp_loss":0.0,"gold_gain":0.0,"event_name":"Bonfire Elementals","player_choice":"Offered Uncommon","floor":48.0,"gold_loss":0.0,"damage_taken":0.0}],"is_beta":false,"boss_relics":[{"not_picked":["Velvet Choker","White Beast Statue"],"picked":"Sozu"},{"not_picked":["Lizard Tail","Runic Cube"],"picked":"Eternal Feather"}],"items_purged_floors":[4,19,36,53],"is_endless":false,"potions_floor_spawned":[1,2,3,14,18,24,25,31,38,45,54],"killed_by":"The Heart","ascension_level":0}