{"gold_per_floor":[212,212,70,80,97,113,146,146,198,214,238,37,37,55,55,152,152,162,162,173,173],"floor_reached":21,"playtime":1305,"items_purged":["Pain"],"score":181,"play_id":"d33d930a-9f1f-4d3e-a63b-c63a66d429e9","local_time":"20190504160221","is_ascension_mode":false,"campfire_choices":[{"floor":8,"key":"REST"},{"floor":13,"key":"REST"},{"floor":15,"key":"REST"}],"neow_cost":"NONE","seed_source_timestamp":163700109635511,"circlet_count":0,"master_deck":["Strike_B","Defend_B","Defend_B","Defend_B","Defend_B","Zap","Dualcast","Storm","Heatsinks","Static Discharge","Ball Lightning","Undo","Defragment","Streamline","Chrysalis","Fusion","Echo Form","Fission","Reprogram+1","Conserve Battery+1","Recycle+1","White Noise","Stack","Coolheaded"],"relics":["Cracked Core","WarpedTongs","Question Card","Omamori","Odd Mushroom","Astrolabe"],"potions_floor_usage":[16],"damage_taken":[{"damage":2,"enemies":"2 Louse","floor":1,"turns":4},{"damage":1,"enemies":"Cultist","floor":4,"turns":3},{"damage":0,"enemies":"Small Slimes","floor":5,"turns":3},{"damage":21,"enemies":"Gremlin Gang","floor":6,"turns":3},{"damage":21,"enemies":"Lagavulin","floor":7,"turns":5},{"damage":1,"enemies":"2 Fungi Beasts","floor":10,"turns":3},{"damage":12,"enemies":"The Mushroom Lair","floor":11,"turns":4},{"damage":27,"enemies":"Exordium Wildlife","floor":14,"turns":4},{"damage":17,"enemies":"Slime Boss","floor":16,"turns":8},{"damage":31,"enemies":"2 Thieves","floor":18,"turns":4},{"damage":17,"enemies":"Spheric Guardian","floor":20,"turns":5},{"damage":0,"enemies":"3 Cultists","floor":21,"turns":1}],"seed_played":"-6601921032884003590","potions_obtained":[{"floor":1,"key":"Strength Potion"},{"floor":6,"key":"SteroidPotion"},{"floor":7,"key":"EssenceOfSteel"},{"floor":16,"key":"SpeedPotion"},{"floor":20,"key":"Explosive Potion"}],"is_trial":false,"path_per_floor":["?","M","?","?"],"character_chosen":"DEFECT","items_purchased":["Heatsinks","Chrysalis","Fusion"],"campfire_rested":3,"item_purchase_floors":[3,12,12],"current_hp_per_floor":[73,73,73,72,72,51,30,52,52,51,39,39,61,34,56,39,75,44,44,27,27],"gold":173,"neow_bonus":"HUNDRED_GOLD","is_prod":false,"is_daily":false,"chose_seed":false,"campfire_upgraded":0,"win_rate":0,"timestamp":1557000141,"path_taken":["M","?","$","M","?","M","E","R","T","M","?","$","R","M","R","BOSS","M","?","M","M"],"build_version":"2019-01-23","purchased_purges":1,"victory":false,"max_hp_per_floor":[75,75,75,75,75,75,75,75,75,75,75,75,75,75,75,75,75,75,75,75,75],"card_choices":[{"not_picked":["Gash","Steam Power"],"picked":"Storm","floor":1},{"not_picked":["Redo","Double Energy"],"picked":"Static Discharge","floor":4},{"not_picked":["Skim","Sunder"],"picked":"Ball Lightning","floor":5},{"not_picked":["Compile Driver","Redo","Rebound"],"picked":"SKIP","floor":6},{"not_picked":["Reprogram","Chaos"],"picked":"Undo","floor":7},{"not_picked":["Stack","Aggregate","Blizzard"],"picked":"Defragment","floor":10},{"not_picked":["Reprogram","Steam","Beam Cell"],"picked":"Streamline","floor":11},{"not_picked":["Beam Cell","Storm","Conserve Battery"],"picked":"Echo Form","floor":14},{"not_picked":["Amplify","Reboot","Electrodynamics"],"picked":"Fission","floor":16},{"not_picked":["Compile Driver","Gash+1","Steam"],"picked":"White Noise","floor":18},{"not_picked":["Reprogram","Compile Driver","Gash"],"picked":"Coolheaded","floor":20}],"player_experience":467877,"relics_obtained":[{"floor":7,"key":"Question Card"},{"floor":9,"key":"Omamori"},{"floor":11,"key":"Odd Mushroom"}],"event_choices":[{"damage_healed":0,"gold_gain":0,"player_choice":"Rummage","damage_taken":0,"relics_obtained":["WarpedTongs"],"max_hp_gain":0,"max_hp_loss":0,"event_name":"Accursed Blacksmith","floor":2,"gold_loss":0,"cards_obtained":["Pain"]},{"damage_healed":0,"gold_gain":0,"player_choice":"Fought Mushrooms","damage_taken":0,"max_hp_gain":0,"max_hp_loss":0,"event_name":"Mushrooms","floor":11,"gold_loss":0},{"damage_healed":0,"gold_gain":0,"player_choice":"1 cards matched","damage_taken":0,"max_hp_gain":0,"max_hp_loss":0,"event_name":"Match and Keep!","floor":19,"gold_loss":0,"cards_obtained":["Stack"]}],"is_beta":false,"boss_relics":[{"not_picked":["Ectoplasm","White Beast Statue"],"picked":"Astrolabe"}],"items_purged_floors":[3],"is_endless":false,"potions_floor_spawned":[1,6,7,16,20],"killed_by":"3 Cultists","ascension_level":0}