{"gold_per_floor":[109,109,124,143,63,93,106,433,506,535,535,500,675,701,701,773,773,783,783,783,797,810,840,859,891,891,908,908,918,947,1046,1046,1121,1121,1134,502,512,522,540,574,574,574],"floor_reached":42,"playtime":7590,"items_purged":["Doubt"],"score":946,"play_id":"1a114430-8378-4597-8b8e-006aaec5d462","local_time":"20190602175529","is_ascension_mode":true,"campfire_choices":[{"data":"Zap","floor":15.0,"key":"SMITH"},{"data":"Ghostly","floor":28.0,"key":"SMITH"},{"data":"Biased Cognition","floor":32.0,"key":"SMITH"}],"neow_cost":"NONE","seed_source_timestamp":6882242501779,"circlet_count":0,"master_deck":["AscendersBane","Strike_B","Defend_B","Defend_B","Defend_B","Defend_B","Zap+1","Dualcast","Cold Snap+1","Ball Lightning+1","Ball Lightning","Self Repair","Echo Form","Chill","Doom and Gloom","Rip and Tear","Biased Cognition+1","Ghostly+1","Ghostly","Ghostly","Ghostly","Ghostly","Glacier","Multi-Cast","Capacitor","Core Surge","Consume"],"special_seed":0,"relics":["Cracked Core","Vajra","Old Coin","Sundial","Strawberry","Potion Belt","Coffee Dripper","Whetstone","Boot","Smiling Mask","Centennial Puzzle","Cursed Key","Chemical X","Kunai","Juzu Bracelet"],"potions_floor_usage":[39],"damage_taken":[{"damage":3.0,"enemies":"Small Slimes","floor":1.0,"turns":4.0},{"damage":0.0,"enemies":"2 Louse","floor":3.0,"turns":2.0},{"damage":0.0,"enemies":"Jaw Worm","floor":4.0,"turns":3.0},{"damage":21.0,"enemies":"3 Sentries","floor":6.0,"turns":6.0},{"damage":0.0,"enemies":"2 Fungi Beasts","floor":7.0,"turns":3.0},{"damage":10.0,"enemies":"Lagavulin","floor":8.0,"turns":5.0},{"damage":17.0,"enemies":"3 Sentries","floor":10.0,"turns":8.0},{"damage":5.0,"enemies":"Lagavulin","floor":14.0,"turns":5.0},{"damage":1.0,"enemies":"The Guardian","floor":16.0,"turns":8.0},{"damage":16.0,"enemies":"Spheric Guardian","floor":18.0,"turns":4.0},{"damage":0.0,"enemies":"2 Thieves","floor":21.0,"turns":4.0},{"damage":0.0,"enemies":"Centurion and Healer","floor":22.0,"turns":6.0},{"damage":0.0,"enemies":"Gremlin Leader","floor":23.0,"turns":8.0},{"damage":0.0,"enemies":"Snecko","floor":24.0,"turns":5.0},{"damage":5.0,"enemies":"Book of Stabbing","floor":25.0,"turns":7.0},{"damage":0.0,"enemies":"Sentry and Sphere","floor":27.0,"turns":4.0},{"damage":0.0,"enemies":"Centurion and Healer","floor":29.0,"turns":8.0},{"damage":6.0,"enemies":"Slavers","floor":30.0,"turns":7.0},{"damage":14.0,"enemies":"Champ","floor":33.0,"turns":14.0},{"damage":3.0,"enemies":"3 Darklings","floor":35.0,"turns":7.0},{"damage":0.0,"enemies":"Orb Walker","floor":37.0,"turns":5.0},{"damage":27.0,"enemies":"Maw","floor":38.0,"turns":7.0},{"damage":11,"enemies":"4 Shapes","floor":39,"turns":5},{"damage":22,"enemies":"Giant Head","floor":40,"turns":11},{"damage":34,"enemies":"Reptomancer","floor":42,"turns":2}],"seed_played":"1268153526669098476","potions_obtained":[{"floor":8.0,"key":"Weak Potion"},{"floor":10.0,"key":"FocusPotion"},{"floor":16.0,"key":"AttackPotion"},{"floor":22.0,"key":"PowerPotion"},{"floor":24.0,"key":"Poison Potion"},{"floor":27.0,"key":"Block Potion"},{"floor":29.0,"key":"AttackPotion"},{"floor":30.0,"key":"Dexterity Potion"},{"floor":35.0,"key":"Fire Potion"}],"is_trial":false,"path_per_floor":["M","?","M","M","$","E","M","E","T","E","?","?","?","E","R","B",null,"M","?","?","M","M","E","M","E","T","M","R","M","E","?","R","B",null,"M","$","M","M","M","E","?","E"],"character_chosen":"DEFECT","items_purchased":["Self Repair","Chemical X","Core Surge","Kunai"],"campfire_rested":0,"item_purchase_floors":[5,36,36,36],"current_hp_per_floor":[72,65,65,65,65,51,51,55,55,59,59,81,81,89,89,89,89,80,80,44,44,44,44,44,44,44,44,44,44,38,38,38,31,41,44,44,44,31,34,26,26,0],"gold":574,"neow_bonus":"TEN_PERCENT_HP_BONUS","is_prod":false,"is_daily":false,"chose_seed":false,"campfire_upgraded":3,"win_rate":0,"timestamp":1559478329,"path_taken":["M","?","M","M","$","E","M","E","T","E","?","?","?","E","R","BOSS","M","?","?","M","M","E","M","E","T","M","R","M","E","?","R","BOSS","M","$","M","M","M","E","?","E"],"build_version":"2019-01-23","purchased_purges":1,"victory":false,"max_hp_per_floor":[82,82,82,82,82,82,82,82,82,89,89,89,89,89,89,89,89,89,89,44,44,44,44,44,44,44,44,44,44,44,44,44,44,44,44,44,44,44,44,44,44,44],"card_choices":[{"not_picked":["Stack","Beam Cell"],"picked":"Cold Snap","floor":1.0},{"not_picked":["Tempest","Sunder"],"picked":"Ball Lightning","floor":3.0},{"not_picked":["Go for the Eyes","Leap"],"picked":"Ball Lightning","floor":4.0},{"not_picked":["Streamline","BootSequence"],"picked":"Echo Form","floor":6.0},{"not_picked":["Gash","Go for the Eyes"],"picked":"Chill","floor":7.0},{"not_picked":["Barrage","Undo","Steam Power"],"picked":"SKIP","floor":8.0},{"not_picked":["Stack","Hologram"],"picked":"Doom and Gloom","floor":10.0},{"not_picked":["Streamline","Beam Cell","Stack"],"picked":"SKIP","floor":14.0},{"not_picked":["Seek","Amplify"],"picked":"Biased Cognition","floor":16.0},{"not_picked":["Barrage","Leap","Go for the Eyes"],"picked":"SKIP","floor":18.0},{"not_picked":["Hologram","Go for the Eyes","Rebound"],"picked":"SKIP","floor":21.0},{"not_picked":["Compile Driver+1","Barrage+1"],"picked":"Glacier","floor":22.0},{"not_picked":["Turbo","Barrage","Meteor Strike"],"picked":"SKIP","floor":23.0},{"not_picked":["Leap","Go for the Eyes","FTL"],"picked":"SKIP","floor":24.0},{"not_picked":["Leap","Hologram","Chill"],"picked":"SKIP","floor":25.0},{"not_picked":["BootSequence","Hello World","Steam"],"picked":"SKIP","floor":27.0},{"not_picked":["Go for the Eyes","Undo","Barrage"],"picked":"SKIP","floor":29.0},{"not_picked":["Self Repair","Redo","Ball Lightning"],"picked":"SKIP","floor":30.0},{"not_picked":["Fission","Biased Cognition"],"picked":"Multi-Cast","floor":33.0},{"not_picked":["Glacier","Coolheaded"],"picked":"Capacitor","floor":35.0},{"not_picked":["Leap","Storm","Fusion"],"picked":"SKIP","floor":37.0},{"not_picked":["Steam+1","Steam Power+1","Sweeping Beam"],"picked":"SKIP","floor":38.0},{"not_picked":["Streamline","Sweeping Beam","Steam"],"picked":"SKIP","floor":39},{"not_picked":["Chill","Go for the Eyes"],"picked":"Consume","floor":40}],"player_experience":1098136,"relics_obtained":[{"floor":6.0,"key":"Vajra"},{"floor":8.0,"key":"Old Coin"},{"floor":9.0,"key":"Sundial"},{"floor":10.0,"key":"Strawberry"},{"floor":14.0,"key":"Potion Belt"},{"floor":23.0,"key":"Whetstone"},{"floor":25.0,"key":"Boot"},{"floor":26.0,"key":"Smiling Mask"},{"floor":30.0,"key":"Centennial Puzzle"},{"floor":40,"key":"Juzu Bracelet"}],"event_choices":[{"cards_removed":["Strike_B"],"damage_healed":0.0,"max_hp_gain":0.0,"max_hp_loss":0.0,"gold_gain":0.0,"event_name":"Golden Wing","player_choice":"Card Removal","floor":2.0,"gold_loss":0.0,"damage_taken":7.0},{"damage_healed":0.0,"max_hp_gain":0.0,"max_hp_loss":0.0,"gold_gain":0.0,"cards_transformed":["Strike_B"],"event_name":"Living Wall","player_choice":"Change","floor":11.0,"gold_loss":0.0,"damage_taken":0.0,"cards_obtained":["Rip and Tear"]},{"damage_healed":22.0,"max_hp_gain":0.0,"max_hp_loss":0.0,"gold_gain":0.0,"event_name":"The Cleric","player_choice":"Healed","floor":12.0,"gold_loss":35.0,"damage_taken":0.0},{"damage_healed":0.0,"max_hp_gain":0.0,"max_hp_loss":0.0,"gold_gain":175.0,"event_name":"Liars Game","player_choice":"AGREE","floor":13.0,"gold_loss":0.0,"damage_taken":0.0,"cards_obtained":["Doubt"]},{"damage_healed":0.0,"max_hp_gain":0.0,"max_hp_loss":0.0,"gold_gain":0.0,"event_name":"Vampires","player_choice":"Ignored","floor":19.0,"gold_loss":0.0,"damage_taken":0.0},{"damage_healed":0.0,"max_hp_gain":0.0,"max_hp_loss":45.0,"gold_gain":0.0,"event_name":"Ghosts","player_choice":"Became a Ghost","floor":20.0,"gold_loss":0.0,"damage_taken":0.0,"cards_obtained":["Ghostly","Ghostly","Ghostly","Ghostly","Ghostly"]},{"damage_healed":0.0,"max_hp_gain":0.0,"max_hp_loss":0.0,"gold_gain":99.0,"event_name":"Nest","player_choice":"Stole From Cult","floor":31.0,"gold_loss":0.0,"damage_taken":0.0},{"cards_removed":["Strike_B"],"damage_healed":0,"gold_gain":0,"player_choice":"Removed Attack","damage_taken":0,"max_hp_gain":0,"max_hp_loss":0,"event_name":"Falling","floor":41,"gold_loss":0}],"is_beta":false,"boss_relics":[{"not_picked":["Calling Bell","Black Star"],"picked":"Coffee Dripper"},{"not_picked":["Orrery","Nuclear Battery"],"picked":"Cursed Key"}],"items_purged_floors":[36],"is_endless":false,"potions_floor_spawned":[8,10,16,22,24,27,29,30,35],"killed_by":"Reptomancer","ascension_level":13}