{"gold_per_floor":[117,117,129,316,342,354,366],"floor_reached":7,"playtime":300,"items_purged":[],"score":64,"play_id":"5fa88c5c-6248-410f-bfbf-1f3aef8992f6","local_time":"20190602152105","is_ascension_mode":true,"campfire_choices":[],"neow_cost":"NONE","seed_source_timestamp":6205140728225,"circlet_count":0,"master_deck":["AscendersBane","Strike_B","Strike_B","Strike_B","Strike_B","Defend_B","Defend_B","Defend_B","Defend_B","Zap","Dualcast","Hologram","Compile Driver","Undo","Hologram","Sweeping Beam","Doubt","Defragment"],"relics":["Orrery","MawBank"],"potions_floor_usage":[],"damage_taken":[{"damage":10,"enemies":"2 Louse","floor":1,"turns":3},{"damage":20,"enemies":"Small Slimes","floor":5,"turns":5},{"damage":60,"enemies":"Gremlin Nob","floor":7,"turns":5}],"seed_played":"5631314261453161842","potions_obtained":[],"is_trial":false,"path_per_floor":["M","?","?","?","M","$","E"],"character_chosen":"DEFECT","items_purchased":[],"campfire_rested":0,"item_purchase_floors":[],"current_hp_per_floor":[58,51,75,75,55,55,0],"gold":366,"neow_bonus":"BOSS_RELIC","is_prod":false,"is_daily":false,"chose_seed":false,"campfire_upgraded":0,"win_rate":0,"timestamp":1559469065,"path_taken":["M","?","?","?","M","?","E"],"build_version":"2019-01-23","purchased_purges":0,"victory":false,"max_hp_per_floor":[75,75,75,75,75,75,75],"card_choices":[{"not_picked":["Turbo","Go for the Eyes"],"picked":"Hologram","floor":0},{"not_picked":["Lockon","Redo"],"picked":"Compile Driver","floor":0},{"not_picked":["Barrage","Chaos"],"picked":"Undo","floor":0},{"not_picked":["Melter","Heatsinks"],"picked":"Hologram","floor":0},{"not_picked":["Lockon","Steam"],"picked":"Sweeping Beam","floor":0},{"not_picked":["Sweeping Beam","Fission","Scrape"],"picked":"SKIP","floor":1},{"not_picked":["Steam","Streamline"],"picked":"Defragment","floor":5}],"player_experience":1097836,"relics_obtained":[],"event_choices":[{"damage_healed":0,"gold_gain":0,"player_choice":"Success","damage_taken":7,"relics_obtained":["MawBank"],"max_hp_gain":0,"max_hp_loss":0,"event_name":"Scrap Ooze","floor":2,"gold_loss":0},{"damage_healed":25,"gold_gain":0,"player_choice":"Banana","damage_taken":0,"max_hp_gain":0,"max_hp_loss":0,"event_name":"Big Fish","floor":3,"gold_loss":0},{"damage_healed":0,"gold_gain":175,"player_choice":"AGREE","damage_taken":0,"max_hp_gain":0,"max_hp_loss":0,"event_name":"Liars Game","floor":4,"gold_loss":0,"cards_obtained":["Doubt"]}],"is_beta":false,"boss_relics":[],"items_purged_floors":[],"is_endless":false,"potions_floor_spawned":[],"killed_by":"Gremlin Nob","ascension_level":13}