{"path_per_floor":["M","?","?","$","M","R","M","R","T","M","?","E","R","M","R","B",null,"M","M","?","$","M","E","R","E","T","M","?","?","M","M","R","B",null,"M","?","?","M","?","E","R","M","T","E","$","M","M","?","R"],"character_chosen":"IRONCLAD","items_purchased":["Seeing Red","Battle Trance","Rupture"],"gold_per_floor":[114,114,114,1,20,20,39,39,39,58,58,96,96,115,115,240,240,210,210,210,2,2,2,2,2,2,2,2,2,2,2,2,2,2,2,2,2,2,2,2,2,2,2,2,2,2,2,2,2,2],"floor_reached":50,"campfire_rested":4,"playtime":3419,"current_hp_per_floor":[80,85,64,64,66,66,61,61,61,57,40,43,43,44,69,49,85,79,81,81,81,83,85,85,82,82,76,76,60,64,66,85,41,85,85,85,85,74,74,43,68,50,50,39,39,32,31,31,56,0],"items_purged":["Strike_R","Defend_R"],"gold":2,"score":567,"play_id":"4bf05355-1430-45c8-81eb-42ccfd090874","local_time":"20180430211149","daily_mods":["Diverse","Time Dilation","Lethality"],"is_prod":false,"is_daily":true,"chose_seed":false,"is_ascension_mode":false,"campfire_upgraded":4,"timestamp":1525137109,"path_taken":["M","?","?","?","M","R","M","R","T","?","?","E","R","?","R","BOSS","M","M","?","$","M","E","R","E","T","M","?","?","M","M","R","BOSS","M","?","?","?","?","E","R","M","T","E","$","M","M","?","R","BOSS"],"build_version":"2018-04-28v2","seed_source_timestamp":1632514137039790,"purchased_purges":2,"victory":false,"master_deck":["Strike_R","Strike_R+1","Strike_R","Defend_R","Defend_R+1","Defend_R","Bash","Ghostly Armor","Seeing Red+1","Rampage+1","Twin Strike","Shrug It Off+1","Rampage","Offering","Flex","Shrug It Off","Battle Trance","Rupture+1","Burning Pact","Iron Wave+1","Clash+1","Flex+1","Barricade+1","Flex+1","Fire Breathing+1","Battle Trance+1","Shrug It Off+1","Iron Wave"],"max_hp_per_floor":[80,85,85,85,85,85,85,85,85,85,85,85,85,85,85,85,85,85,85,85,85,85,85,85,85,85,85,85,85,85,85,85,85,85,85,85,85,85,85,85,85,85,85,85,85,85,85,85,85,85],"relics":["Burning Blood","Golden Idol","Mummified Hand","Prayer Wheel","Ectoplasm","Toxic Egg 2","Lantern","Self Forming Clay","Sozu","Orichalcum","The Courier","Bottled Flame"],"card_choices":[{"not_picked":["Armaments","Cleave"],"picked":"Ghostly Armor","floor":1},{"not_picked":["Thunderclap","Searing Blow"],"picked":"Rampage","floor":5},{"not_picked":["Clothesline","Sword Boomerang"],"picked":"Twin Strike","floor":10},{"not_picked":["Havoc","Twin Strike"],"picked":"Shrug It Off","floor":12},{"not_picked":["Clothesline","Anger"],"picked":"Rampage","floor":14},{"not_picked":["Limit Break","Fiend Fire"],"picked":"Offering","floor":16},{"not_picked":["Hemokinesis","Sentinel"],"picked":"Flex","floor":18},{"not_picked":["Entrench","Perfected Strike"],"picked":"Shrug It Off","floor":19},{"not_picked":["Bloodletting","Shrug It Off"],"picked":"Burning Pact","floor":22},{"not_picked":["Dark Embrace","Headbutt"],"picked":"Iron Wave","floor":23},{"not_picked":["Evolve","Wild Strike"],"picked":"Clash","floor":26},{"not_picked":["Disarm","Perfected Strike"],"picked":"Flex","floor":30},{"not_picked":["Feed","Juggernaut"],"picked":"Barricade","floor":33},{"not_picked":["Sever Soul","Cleave"],"picked":"Flex","floor":35},{"not_picked":["Blood for Blood","Armaments"],"picked":"Fire Breathing","floor":40},{"not_picked":["True Grit","Combust"],"picked":"Battle Trance","floor":42},{"not_picked":["Sword Boomerang","Hemokinesis"],"picked":"Shrug It Off","floor":44},{"not_picked":["Combust","Clothesline"],"picked":"Iron Wave","floor":47}],"player_experience":47690,"potions_floor_usage":[31,33,44],"damage_taken":[{"damage":0,"enemies":"2 Louse","floor":1,"turns":2},{"damage":4,"enemies":"Jaw Worm","floor":5,"turns":2},{"damage":11,"enemies":"Small Slimes","floor":7,"turns":2},{"damage":10,"enemies":"Exordium Wildlife","floor":10,"turns":4},{"damage":3,"enemies":"Gremlin Nob","floor":12,"turns":3},{"damage":5,"enemies":"Blue Slaver","floor":14,"turns":3},{"damage":26,"enemies":"Slime Boss","floor":16,"turns":8},{"damage":12,"enemies":"2 Thieves","floor":18,"turns":3},{"damage":4,"enemies":"Spheric Guardian","floor":19,"turns":2},{"damage":4,"enemies":"Centurion and Healer","floor":22,"turns":4},{"damage":4,"enemies":"Book of Stabbing","floor":23,"turns":1},{"damage":9,"enemies":"Slavers","floor":25,"turns":3},{"damage":12,"enemies":"Snake Plant","floor":27,"turns":2},{"damage":2,"enemies":"Slaver and Parasite","floor":30,"turns":4},{"damage":4,"enemies":"Sentry and Sphere","floor":31,"turns":3},{"damage":50,"enemies":"Champ","floor":33,"turns":8},{"damage":6,"enemies":"Orb Walker","floor":35,"turns":3},{"damage":17,"enemies":"3 Darklings","floor":38,"turns":4},{"damage":37,"enemies":"Nemesis","floor":40,"turns":5},{"damage":24,"enemies":"Maw","floor":42,"turns":7},{"damage":17,"enemies":"2 Orb Walkers","floor":44,"turns":3},{"damage":13,"enemies":"Sphere and 2 Shapes","floor":46,"turns":4},{"damage":7,"enemies":"4 Shapes","floor":47,"turns":5},{"damage":62,"enemies":"Awakened One","floor":50,"turns":8}],"event_choices":[{"event_name":"Big Fish","player_choice":"Donut","floor":2,"damage_taken":0},{"event_name":"Golden Idol","player_choice":"Take Damage","floor":3,"damage_taken":0},{"event_name":"Shining Light","player_choice":"Entered Light","floor":11,"damage_taken":0},{"event_name":"Golden Shrine","player_choice":"Pray","floor":20,"damage_taken":0},{"event_name":"Bonfire Elementals","player_choice":"BASIC","floor":28,"damage_taken":0},{"event_name":"Knowing Skull","player_choice":"CARD ","floor":29,"damage_taken":0},{"event_name":"The Lab","player_choice":"Got Potions","floor":36,"damage_taken":0},{"event_name":"Upgrade Shrine","player_choice":"Upgraded","floor":37,"damage_taken":0},{"event_name":"Accursed Blacksmith","player_choice":"Ignore","floor":48,"damage_taken":0}],"boss_relics":[{"not_picked":["Lizard Tail","Black Star"],"picked":"Ectoplasm"},{"not_picked":["Snecko Eye","Astrolabe"],"picked":"Sozu"}],"potions_floor_spawned":[7,10,14,16,19,22,23,27,38,47],"seed_played":"5608395613026536580","killed_by":"Awakened One","ascension_level":0,"is_trial":false}