{"gold_per_floor":[109,120,195,215,227,227,258,258,258,290,309,289,7,17,17,119,119,129,145,163,181,181,181,198,198,224,224,224,224,253,253,253,357,357,370,174,228,246,246,276,276,603,603,623,634,653,653,663,663,663,663,663,59,87,87],"floor_reached":56,"playtime":2624,"items_purged":["Strike_R","Strike_R","Strike_R"],"score":1867,"play_id":"91206956-a0d6-4f0c-a219-980411f8ca02","local_time":"20190404134715","is_ascension_mode":true,"campfire_choices":[{"data":"Bash","floor":6.0,"key":"SMITH"},{"data":"Battle Trance","floor":8.0,"key":"SMITH"},{"floor":15.0,"key":"REST"},{"data":"True Grit","floor":23.0,"key":"SMITH"},{"data":"Dark Embrace","floor":25.0,"key":"SMITH"},{"data":"Pummel","floor":27.0,"key":"SMITH"},{"data":"J.A.X.","floor":29.0,"key":"SMITH"},{"data":"Whirlwind","floor":32.0,"key":"SMITH"},{"floor":41.0,"key":"REST"},{"floor":49.0,"key":"RECALL"},{"data":"Feel No Pain","floor":52.0,"key":"SMITH"}],"neow_cost":"NONE","seed_source_timestamp":0,"circlet_count":0,"master_deck":["AscendersBane","Defend_R","Defend_R","Defend_R","Bash+1","Twin Strike","Ghostly Armor","Iron Wave","Battle Trance+1","Spot Weakness","Seeing Red","Feel No Pain+1","Offering","Dark Embrace+1","Impervious","True Grit+1","Whirlwind+1","Shrug It Off","Pummel+1","J.A.X.+1","Limit Break+1","Pummel","True Grit","Flex","Power Through","Rupture+1","Second Wind+1","Sword Boomerang","Disarm","Evolve"],"special_seed":0,"relics":["Burning Blood","Oddly Smooth Stone","StoneCalendar","Charon\u0027s Ashes","Mercury Hourglass","Runic Pyramid","Dodecahedron","Dream Catcher","Happy Flower","Empty Cage","Ice Cream","Centennial Puzzle","Old Coin","Lee\u0027s Waffle","Bag of Preparation","Vajra"],"potions_floor_usage":[55],"damage_taken":[{"damage":0.0,"enemies":"2 Louse","floor":1.0,"turns":4.0},{"damage":6.0,"enemies":"Cultist","floor":2.0,"turns":4.0},{"damage":12.0,"enemies":"Jaw Worm","floor":4.0,"turns":3.0},{"damage":17.0,"enemies":"Lots of Slimes","floor":5.0,"turns":7.0},{"damage":26.0,"enemies":"Gremlin Nob","floor":7.0,"turns":5.0},{"damage":27.0,"enemies":"Lagavulin","floor":10.0,"turns":7.0},{"damage":3.0,"enemies":"Large Slime","floor":11.0,"turns":6.0},{"damage":0.0,"enemies":"Looter","floor":14.0,"turns":3.0},{"damage":13.0,"enemies":"The Guardian","floor":16.0,"turns":10.0},{"damage":14.0,"enemies":"Shell Parasite","floor":18.0,"turns":3.0},{"damage":6.0,"enemies":"Chosen","floor":19.0,"turns":4.0},{"damage":9.0,"enemies":"3 Cultists","floor":20.0,"turns":4.0},{"damage":11.0,"enemies":"Centurion and Healer","floor":21.0,"turns":6.0},{"damage":6.0,"enemies":"Snake Plant","floor":24.0,"turns":4.0},{"damage":26.0,"enemies":"Book of Stabbing","floor":30.0,"turns":5.0},{"damage":23.0,"enemies":"Collector","floor":33.0,"turns":8.0},{"damage":27.0,"enemies":"3 Darklings","floor":35.0,"turns":3.0},{"damage":28.0,"enemies":"2 Orb Walkers","floor":37.0,"turns":3.0},{"damage":0.0,"enemies":"3 Shapes","floor":38.0,"turns":5.0},{"damage":9.0,"enemies":"Reptomancer","floor":40.0,"turns":4.0},{"damage":20.0,"enemies":"Nemesis","floor":42.0,"turns":7.0},{"damage":3.0,"enemies":"3 Darklings","floor":44.0,"turns":4.0},{"damage":10.0,"enemies":"Sphere and 2 Shapes","floor":45.0,"turns":4.0},{"damage":6.0,"enemies":"Spire Growth","floor":46.0,"turns":4.0},{"damage":13.0,"enemies":"Writhing Mass","floor":48.0,"turns":3.0},{"damage":15.0,"enemies":"Donu and Deca","floor":50.0,"turns":8.0},{"damage":15,"enemies":"Shield and Spear","floor":54,"turns":5},{"damage":32,"enemies":"The Heart","floor":55,"turns":9}],"seed_played":"1684992254645985514","potions_obtained":[{"floor":4.0,"key":"Poison Potion"},{"floor":5.0,"key":"SkillPotion"},{"floor":11.0,"key":"Energy Potion"},{"floor":30.0,"key":"FairyPotion"},{"floor":38.0,"key":"Explosive Potion"},{"floor":40.0,"key":"Weak Potion"}],"is_trial":false,"path_per_floor":["M","M","?","M","M","R","E","R","T","E","M","?","$","M","R","B",null,"M","M","M","M","?","R","M","R","T","R","?","R","E","?","R","B",null,"M","$","?","M","?","E","R","E","T","M","M","M","?","M","R","B",null,"R","$","E","B",null],"character_chosen":"IRONCLAD","items_purchased":["Feel No Pain","Offering","True Grit","Flex","Evolve","Lee\u0027s Waffle","Bag of Preparation","Dexterity Potion"],"campfire_rested":2,"item_purchase_floors":[13,13,36,36,53,53,53,53],"current_hp_per_floor":[78,78,67,61,50,50,30,30,30,9,12,12,12,18,42,35,69,61,61,58,53,53,53,53,53,53,53,53,53,33,33,33,16,64,43,43,21,27,27,24,48,34,34,37,33,33,33,26,26,17,64,64,87,78,52],"gold":87,"neow_bonus":"RANDOM_COMMON_RELIC","is_prod":false,"is_daily":false,"chose_seed":false,"campfire_upgraded":8,"win_rate":0,"timestamp":1554353235,"path_taken":["M","M","?","M","M","R","E","R","T","E","M","?","$","?","R","BOSS","M","?","M","M","?","R","?","R","T","R","?","R","E","?","R","BOSS","M","$","?","M","?","E","R","E","T","M","?","M","?","M","R","BOSS","R","$","E","BOSS"],"build_version":"2019-01-23","purchased_purges":3,"victory":true,"max_hp_per_floor":[80,80,80,80,80,80,80,80,80,80,80,80,80,80,80,80,80,80,80,80,80,80,80,80,80,80,80,80,80,80,80,80,80,80,80,80,80,80,80,80,80,80,80,80,80,80,80,80,80,80,80,80,87,87,87],"card_choices":[{"not_picked":["Burning Pact","Perfected Strike"],"picked":"Twin Strike","floor":1.0},{"not_picked":["Rampage","Dropkick","Twin Strike"],"picked":"SKIP","floor":2.0},{"not_picked":["Infernal Blade","Perfected Strike"],"picked":"Ghostly Armor","floor":4.0},{"not_picked":["Brutality","Warcry"],"picked":"Iron Wave","floor":5.0},{"not_picked":["Iron Wave","Shrug It Off"],"picked":"Battle Trance","floor":7.0},{"not_picked":["Heavy Blade","Intimidate"],"picked":"Spot Weakness","floor":10.0},{"not_picked":["Cleave","Havoc"],"picked":"Seeing Red","floor":11.0},{"not_picked":["Headbutt","Wild Strike"],"picked":"Dark Embrace","floor":14.0},{"not_picked":["Juggernaut","Berserk"],"picked":"Impervious","floor":16.0},{"not_picked":["Headbutt","Disarm"],"picked":"True Grit","floor":18.0},{"not_picked":["Reckless Charge","Perfected Strike"],"picked":"Whirlwind","floor":19.0},{"not_picked":["Burning Pact","Pommel Strike","Spot Weakness"],"picked":"SKIP","floor":20.0},{"not_picked":["Seeing Red","Hemokinesis"],"picked":"Shrug It Off","floor":21.0},{"not_picked":["Hemokinesis","Sword Boomerang"],"picked":"Pummel","floor":24.0},{"not_picked":["Immolate","Pommel Strike+1","Brutality"],"picked":"SKIP","floor":30.0},{"not_picked":["Bludgeon","Demon Form"],"picked":"Limit Break","floor":33.0},{"not_picked":["Body Slam","Iron Wave"],"picked":"Pummel","floor":35.0},{"not_picked":["Dual Wield","Perfected Strike+1"],"picked":"Power Through","floor":37.0},{"not_picked":["Clothesline","Heavy Blade","Perfected Strike"],"picked":"SKIP","floor":38.0},{"not_picked":["Twin Strike","Bloodletting","Clothesline"],"picked":"SKIP","floor":40.0},{"not_picked":["Fiend Fire","Sever Soul"],"picked":"Rupture+1","floor":41.0},{"not_picked":["Evolve","Fire Breathing"],"picked":"Second Wind+1","floor":42.0},{"not_picked":["Clothesline","Combust"],"picked":"Sword Boomerang","floor":44.0},{"not_picked":["Anger","Shrug It Off+1","Body Slam"],"picked":"SKIP","floor":45.0},{"not_picked":["Clothesline+1","Burning Pact+1"],"picked":"Disarm","floor":46.0},{"not_picked":["Dual Wield+1","Corruption+1","Ghostly Armor"],"picked":"SKIP","floor":48.0},{"not_picked":["Hemokinesis+1","Whirlwind","Rupture+1"],"picked":"SKIP","floor":54},{"not_picked":["Hemokinesis+1","Whirlwind","Rupture+1"],"picked":"SKIP","floor":54}],"player_experience":418200,"relics_obtained":[{"floor":7.0,"key":"StoneCalendar"},{"floor":9.0,"key":"Charon\u0027s Ashes"},{"floor":10.0,"key":"Mercury Hourglass"},{"floor":26.0,"key":"Dream Catcher"},{"floor":30.0,"key":"Happy Flower"},{"floor":37.0,"key":"Ice Cream"},{"floor":40.0,"key":"Centennial Puzzle"},{"floor":42.0,"key":"Old Coin"},{"floor":54,"key":"Vajra"}],"event_choices":[{"damage_healed":0.0,"max_hp_gain":0.0,"max_hp_loss":0.0,"gold_gain":75.0,"event_name":"World of Goop","player_choice":"Gather Gold","floor":3.0,"gold_loss":0.0,"damage_taken":11.0},{"damage_healed":0.0,"max_hp_gain":0.0,"max_hp_loss":0.0,"gold_gain":0.0,"event_name":"The Woman in Blue","player_choice":"Bought 1 Potion","floor":12.0,"gold_loss":0.0,"damage_taken":0.0},{"damage_healed":0.0,"max_hp_gain":0.0,"max_hp_loss":0.0,"gold_gain":0.0,"event_name":"WeMeetAgain","player_choice":"Gave Potion","floor":22.0,"gold_loss":0.0,"damage_taken":0.0,"relics_obtained":["Dodecahedron"]},{"damage_healed":0.0,"max_hp_gain":0.0,"max_hp_loss":0.0,"gold_gain":0.0,"event_name":"Drug Dealer","player_choice":"Obtain J.A.X.","floor":28.0,"gold_loss":0.0,"damage_taken":0.0,"cards_obtained":["J.A.X."]},{"cards_removed":["Strike_R"],"damage_healed":0.0,"max_hp_gain":0.0,"max_hp_loss":0.0,"gold_gain":0.0,"event_name":"Back to Basics","player_choice":"Elegance","floor":31.0,"gold_loss":0.0,"damage_taken":0.0},{"damage_healed":0.0,"max_hp_gain":0.0,"max_hp_loss":0.0,"gold_gain":0.0,"event_name":"Mysterious Sphere","player_choice":"Fight","floor":37.0,"gold_loss":0.0,"damage_taken":0.0},{"damage_healed":0.0,"max_hp_gain":0.0,"max_hp_loss":0.0,"gold_gain":0.0,"event_name":"Upgrade Shrine","player_choice":"Upgraded","floor":39.0,"gold_loss":0.0,"damage_taken":0.0,"cards_upgraded":["Limit Break"]},{"damage_healed":0.0,"max_hp_gain":0.0,"max_hp_loss":0.0,"gold_gain":0.0,"event_name":"Tomb of Lord Red Mask","player_choice":"Ignored","floor":47.0,"gold_loss":0.0,"damage_taken":0.0}],"is_beta":false,"boss_relics":[{"not_picked":["Snecko Eye","Orrery"],"picked":"Runic Pyramid"},{"not_picked":["Pandora\u0027s Box","Velvet Choker"],"picked":"Empty Cage"}],"items_purged_floors":[13,36,53],"is_endless":false,"potions_floor_spawned":[4,5,11,14,19,20,30,38,40,46],"ascension_level":12}