{"gold_per_floor":[119,134,148,158,175,207,207,221,221,1,32,49,49,66,66,169,219,219],"floor_reached":18,"playtime":1593,"items_purged":["Strike_G"],"score":176,"play_id":"bc1a8f61-c132-454b-906c-b59defe34806","local_time":"20190308211554","is_ascension_mode":false,"campfire_choices":[{"floor":7,"key":"REST"},{"floor":13,"key":"REST"},{"floor":15,"key":"REST"}],"neow_cost":"NONE","seed_source_timestamp":2073289195737962,"circlet_count":0,"master_deck":["Defend_G","Defend_G","Defend_G","Defend_G","Defend_G","Strike_G","Strike_G+1","Strike_G","Strike_G","Survivor","Neutralize+1","Flechettes","Footwork","Dagger Throw","Backflip","Accuracy","Cloak And Dagger","Burst","Storm of Steel","Cloak And Dagger","Well Laid Plans","Bouncing Flask","Burst","PiercingWail"],"relics":["Ring of the Snake","Omamori","MawBank","Du-Vu Doll","Tiny House"],"potions_floor_usage":[11,16],"damage_taken":[{"damage":8,"enemies":"Jaw Worm","floor":1,"turns":5},{"damage":0,"enemies":"2 Louse","floor":2,"turns":2},{"damage":0,"enemies":"Small Slimes","floor":3,"turns":4},{"damage":7,"enemies":"Exordium Thugs","floor":4,"turns":5},{"damage":2,"enemies":"Looter","floor":5,"turns":4},{"damage":28,"enemies":"Lagavulin","floor":6,"turns":12},{"damage":5,"enemies":"Exordium Wildlife","floor":8,"turns":6},{"damage":31,"enemies":"Gremlin Nob","floor":11,"turns":5},{"damage":1,"enemies":"Red Slaver","floor":12,"turns":5},{"damage":0,"enemies":"3 Louse","floor":14,"turns":3},{"damage":27,"enemies":"Hexaghost","floor":16,"turns":11},{"damage":4,"enemies":"Shell Parasite","floor":18,"turns":5}],"seed_played":"-7697171882029613557","potions_obtained":[{"floor":4,"key":"GhostInAJar"},{"floor":6,"key":"Weak Potion"},{"floor":11,"key":"GamblersBrew"},{"floor":12,"key":"GamblersBrew"},{"floor":16,"key":"Regen Potion"},{"floor":17,"key":"EntropicBrew"}],"is_trial":false,"path_per_floor":[],"character_chosen":"THE_SILENT","items_purchased":["Storm of Steel"],"campfire_rested":3,"item_purchase_floors":[10],"current_hp_per_floor":[62,62,62,55,53,25,46,41,41,41,10,9,30,30,51,24,75,71],"gold":219,"neow_bonus":"UPGRADE_CARD","is_prod":false,"is_daily":false,"chose_seed":false,"campfire_upgraded":0,"win_rate":0,"timestamp":1552097754,"path_taken":["M","M","M","M","M","E","R","M","T","$","E","M","R","M","R","BOSS","M"],"build_version":"2019-01-23","purchased_purges":1,"victory":false,"max_hp_per_floor":[70,70,70,70,70,70,70,70,70,70,70,70,70,70,70,70,75,75],"card_choices":[{"not_picked":["Underhanded Strike","Deadly Poison"],"picked":"Flechettes","floor":1},{"not_picked":["Outmaneuver","Quick Slash"],"picked":"Footwork","floor":2},{"not_picked":["Bane","Poisoned Stab"],"picked":"Dagger Throw","floor":3},{"not_picked":["Acrobatics","Deadly Poison"],"picked":"Backflip","floor":4},{"not_picked":["Eviscerate","Backflip"],"picked":"Accuracy","floor":5},{"not_picked":["Sucker Punch","Outmaneuver"],"picked":"Cloak And Dagger","floor":6},{"not_picked":["Heel Hook","Setup"],"picked":"Burst","floor":8},{"not_picked":["Dash","Backflip"],"picked":"Cloak And Dagger","floor":11},{"not_picked":["Dagger Throw","Poisoned Stab"],"picked":"Well Laid Plans","floor":12},{"not_picked":["Poisoned Stab","Underhanded Strike"],"picked":"Bouncing Flask","floor":14},{"not_picked":["Doppelganger","Glass Knife"],"picked":"Burst","floor":16},{"not_picked":["Quick Slash","Acrobatics"],"picked":"PiercingWail","floor":17}],"player_experience":256909,"relics_obtained":[{"floor":6,"key":"Omamori"},{"floor":9,"key":"MawBank"},{"floor":11,"key":"Du-Vu Doll"}],"event_choices":[],"is_beta":false,"boss_relics":[{"not_picked":["White Beast Statue","Lizard Tail"],"picked":"Tiny House"}],"items_purged_floors":[10],"is_endless":false,"potions_floor_spawned":[4,6,11,12,16],"killed_by":"Shell Parasite","ascension_level":0}