{"gold_per_floor":[118,118,35,48,48,48,58,77,77,77,87,87,108,133,133,264,264,252,273,63,76,76],"floor_reached":22,"playtime":3645,"items_purged":["Defend_G"],"score":180,"play_id":"37aa0f6e-f9f8-4586-9dac-ac434dfb026e","local_time":"20190111093420","is_ascension_mode":false,"campfire_choices":[{"data":"Deflect","floor":6,"key":"SMITH"},{"data":"Crippling Poison","floor":10,"key":"SMITH"},{"floor":15,"key":"REST"}],"neow_cost":"NONE","seed_source_timestamp":126850416098627,"circlet_count":0,"master_deck":["Defend_G","Defend_G","Defend_G","Strike_G","Strike_G","Strike_G","Strike_G","Strike_G","Survivor","Neutralize+1","Purity","Quick Slash","Well Laid Plans","Deflect+1","Deflect","Crippling Poison+1","Endless Agony","Backflip","Caltrops","Infinite Blades","Acrobatics","Footwork","Dodge and Roll","Slice+1"],"relics":["Ring of the Snake","Vajra","Golden Idol","White Beast Statue"],"potions_floor_usage":[16,16,16,19,21,22],"damage_taken":[{"damage":3,"enemies":"Jaw Worm","floor":1,"turns":8},{"damage":5,"enemies":"Small Slimes","floor":4,"turns":6},{"damage":0,"enemies":"2 Louse","floor":7,"turns":3},{"damage":0,"enemies":"Exordium Wildlife","floor":8,"turns":5},{"damage":9,"enemies":"Exordium Thugs","floor":11,"turns":5},{"damage":0,"enemies":"Looter","floor":13,"turns":3},{"damage":0,"enemies":"Exordium Wildlife","floor":14,"turns":3},{"damage":22,"enemies":"The Guardian","floor":16,"turns":15},{"damage":3,"enemies":"2 Thieves","floor":18,"turns":4},{"damage":11,"enemies":"Spheric Guardian","floor":19,"turns":7},{"damage":27,"enemies":"Centurion and Healer","floor":21,"turns":6},{"damage":35,"enemies":"Sentry and Sphere","floor":22,"turns":5}],"seed_played":"4602603858579200638","potions_obtained":[{"floor":1,"key":"Regen Potion"},{"floor":8,"key":"FearPotion"},{"floor":11,"key":"AttackPotion"},{"floor":18,"key":"Block Potion"},{"floor":19,"key":"Explosive Potion"},{"floor":21,"key":"SkillPotion"}],"is_trial":false,"path_per_floor":["M","?","$","M","?","R","M","M","T","R","M","?","M","M","R","B",null,"M","M","$","M","M"],"character_chosen":"THE_SILENT","items_purchased":["Well Laid Plans","Deflect","Acrobatics","Footwork","Dodge and Roll"],"campfire_rested":1,"item_purchase_floors":[3,3,20,20,20],"current_hp_per_floor":[67,67,67,62,55,55,55,55,55,55,46,29,29,29,50,43,70,67,56,56,29,0],"gold":76,"neow_bonus":"RANDOM_COLORLESS","is_prod":false,"is_daily":false,"chose_seed":false,"campfire_upgraded":2,"win_rate":0.0,"timestamp":1547220860,"path_taken":["M","?","$","M","?","R","M","M","T","R","M","?","M","?","R","BOSS","M","M","$","M","M"],"build_version":"2019-01-10","purchased_purges":1,"victory":false,"max_hp_per_floor":[70,70,70,70,70,70,70,70,70,70,70,70,70,70,70,70,70,70,70,70,70,70],"card_choices":[{"not_picked":["Sucker Punch","Caltrops"],"picked":"Quick Slash","floor":1},{"not_picked":["Bane","Bouncing Flask","Reflex"],"picked":"SKIP","floor":4},{"not_picked":["Underhanded Strike","Prepared"],"picked":"Deflect","floor":7},{"not_picked":["Bane","Flechettes"],"picked":"Crippling Poison","floor":8},{"not_picked":["Blade Dance","Underhanded Strike","Flying Knee"],"picked":"SKIP","floor":11},{"not_picked":["Leg Sweep","Distraction"],"picked":"Endless Agony","floor":13},{"not_picked":["Quick Slash","Poisoned Stab"],"picked":"Backflip","floor":14},{"not_picked":["Heel Hook","Underhanded Strike"],"picked":"Caltrops","floor":18},{"not_picked":["Dagger Spray","Poisoned Stab"],"picked":"Infinite Blades","floor":19},{"not_picked":["Blade Dance","Sucker Punch"],"picked":"Slice+1","floor":21}],"player_experience":58013,"relics_obtained":[{"floor":9,"key":"Vajra"}],"event_choices":[{"damage_healed":0,"gold_gain":0,"player_choice":"Grow","damage_taken":0,"max_hp_gain":0,"max_hp_loss":0,"event_name":"Living Wall","floor":2,"gold_loss":0,"cards_upgraded":["Neutralize"]},{"cards_removed":["Defend_G"],"damage_healed":0,"gold_gain":0,"player_choice":"Card Removal","damage_taken":7,"max_hp_gain":0,"max_hp_loss":0,"event_name":"Golden Wing","floor":5,"gold_loss":0},{"damage_healed":0,"gold_gain":0,"player_choice":"Take Damage","damage_taken":17,"relics_obtained":["Golden Idol"],"max_hp_gain":0,"max_hp_loss":0,"event_name":"Golden Idol","floor":12,"gold_loss":0}],"is_beta":false,"boss_relics":[{"not_picked":["Astrolabe","Philosopher\u0027s Stone"],"picked":"White Beast Statue"}],"items_purged_floors":[20],"is_endless":false,"potions_floor_spawned":[1,8,11,18,19,21],"killed_by":"Sentry and Sphere","ascension_level":0}