{"gold_per_floor":[110,122,122,141,101,101,136,149,175,175,9,27,43,56,56,131,131,145,156,156,170,180,180,200,232,256,256,256,306,335,93,93,93],"floor_reached":33,"playtime":1209,"items_purged":["Strike_R"],"score":720,"play_id":"5c7cb971-fc99-46a1-8cc5-b814f4a70019","local_time":"20190414011211","is_ascension_mode":true,"campfire_choices":[{"data":"Body Slam","floor":6.0,"key":"SMITH"},{"data":"Flame Barrier","floor":10.0,"key":"SMITH"},{"data":"Disarm","floor":15.0,"key":"SMITH"},{"data":"Juggernaut","floor":23.0,"key":"SMITH"},{"floor":28,"key":"REST"},{"data":"Battle Trance","floor":32,"key":"SMITH"}],"neow_cost":"NONE","seed_source_timestamp":0,"circlet_count":0,"master_deck":["AscendersBane","Strike_R","Strike_R","Strike_R","Defend_R","Defend_R","Defend_R","Defend_R","Bash","Body Slam+1","Flame Barrier+1","Clothesline","Power Through+1","Burning Pact","Metallicize","Ghostly Armor+1","Disarm+1","Impervious","Cleave","Juggernaut+1","Seeing Red","Shrug It Off","Warcry","Flame Barrier","Iron Wave","Battle Trance+1"],"special_seed":0,"relics":["Burning Blood","Potion Belt","Centennial Puzzle","Bronze Scales","Orrery","Strawberry","War Paint","Regal Pillow","Art of War"],"potions_floor_usage":[25,25,30,33,33],"damage_taken":[{"damage":7.0,"enemies":"Small Slimes","floor":1.0,"turns":4.0},{"damage":7.0,"enemies":"Cultist","floor":2.0,"turns":4.0},{"damage":17.0,"enemies":"Jaw Worm","floor":4.0,"turns":5.0},{"damage":1.0,"enemies":"Looter","floor":5.0,"turns":4.0},{"damage":23.0,"enemies":"Lagavulin","floor":7.0,"turns":7.0},{"damage":1.0,"enemies":"2 Fungi Beasts","floor":8.0,"turns":4.0},{"damage":6.0,"enemies":"3 Louse","floor":12.0,"turns":2.0},{"damage":0.0,"enemies":"Large Slime","floor":13.0,"turns":7.0},{"damage":4.0,"enemies":"Looter","floor":14.0,"turns":3.0},{"damage":8.0,"enemies":"The Guardian","floor":16.0,"turns":15.0},{"damage":9.0,"enemies":"3 Byrds","floor":18.0,"turns":2.0},{"damage":5.0,"enemies":"Spheric Guardian","floor":19.0,"turns":5.0},{"damage":15.0,"enemies":"Snake Plant","floor":21.0,"turns":5.0},{"damage":10.0,"enemies":"Snecko","floor":22.0,"turns":5.0},{"damage":4.0,"enemies":"Centurion and Healer","floor":24.0,"turns":10.0},{"damage":55,"enemies":"Gremlin Leader","floor":25,"turns":14},{"damage":26,"enemies":"Book of Stabbing","floor":30,"turns":7},{"damage":57,"enemies":"Collector","floor":33,"turns":11}],"seed_played":"-491470565971081912","potions_obtained":[{"floor":2.0,"key":"SteroidPotion"},{"floor":7.0,"key":"Dexterity Potion"},{"floor":12.0,"key":"Block Potion"},{"floor":13.0,"key":"Explosive Potion"},{"floor":19.0,"key":"Fire Potion"},{"floor":22.0,"key":"SkillPotion"},{"floor":25,"key":"EssenceOfSteel"},{"floor":30,"key":"Fruit Juice"}],"is_trial":false,"path_per_floor":["M","M","?","M","M","R","E","M","T","R","$","M","M","M","R","B",null,"M","M","?","M","M","R","M","E","T","?","R","?","E","$","R","B"],"character_chosen":"IRONCLAD","items_purchased":["Bronze Scales","Art of War"],"campfire_rested":1,"item_purchase_floors":[11,31],"current_hp_per_floor":[67,66,66,55,60,60,43,48,48,48,48,48,54,56,56,54,70,67,68,68,59,55,55,57,15,15,31,55,55,40,40,40,0],"gold":93,"neow_bonus":"THREE_CARDS","is_prod":false,"is_daily":false,"chose_seed":false,"campfire_upgraded":5,"win_rate":0,"timestamp":1555171931,"path_taken":["M","M","?","M","?","R","E","M","T","R","?","M","M","M","R","BOSS","M","M","?","M","M","R","M","E","T","?","R","?","E","$","R","BOSS"],"build_version":"2019-01-23","purchased_purges":1,"victory":false,"max_hp_per_floor":[75,75,75,75,75,75,75,75,75,75,75,75,75,75,75,75,75,75,75,75,75,75,75,75,82,82,82,82,82,87,87,87,87],"card_choices":[{"not_picked":["Havoc","True Grit"],"picked":"Heavy Blade","floor":0.0},{"not_picked":["Metallicize","Heavy Blade"],"picked":"Body Slam","floor":1.0},{"not_picked":["Headbutt","Rage"],"picked":"Flame Barrier","floor":2.0},{"not_picked":["Second Wind","Havoc"],"picked":"Clothesline","floor":4.0},{"not_picked":["Dropkick","Inflame"],"picked":"Power Through","floor":5.0},{"not_picked":["Infernal Blade","Perfected Strike"],"picked":"Burning Pact","floor":7.0},{"not_picked":["Havoc","Power Through"],"picked":"Metallicize","floor":8.0},{"not_picked":["Heavy Blade","Carnage"],"picked":"Ghostly Armor","floor":12.0},{"not_picked":["Pommel Strike","Rage"],"picked":"Disarm","floor":13.0},{"not_picked":["Twin Strike","Fire Breathing","Pommel Strike"],"picked":"SKIP","floor":14.0},{"not_picked":["Berserk","Dark Embrace"],"picked":"Impervious","floor":16.0},{"not_picked":["Rampage","Power Through"],"picked":"Cleave","floor":17.0},{"not_picked":["Heavy Blade","Pommel Strike"],"picked":"Juggernaut","floor":17.0},{"not_picked":["Pommel Strike","Perfected Strike"],"picked":"Seeing Red","floor":17.0},{"not_picked":["Warcry","Intimidate+1","Disarm"],"picked":"SKIP","floor":18.0},{"not_picked":["Dual Wield","Sentinel+1"],"picked":"Shrug It Off","floor":19.0},{"not_picked":["Hemokinesis","Intimidate"],"picked":"Warcry","floor":21.0},{"not_picked":["Searing Blow","Heavy Blade"],"picked":"Flame Barrier","floor":22.0},{"not_picked":["Clash","Infernal Blade+1"],"picked":"Iron Wave","floor":24.0},{"not_picked":["Havoc","Iron Wave","Fire Breathing"],"picked":"SKIP","floor":25},{"not_picked":["Heavy Blade","Demon Form"],"picked":"Battle Trance","floor":30}],"player_experience":447908,"relics_obtained":[{"floor":7.0,"key":"Potion Belt"},{"floor":9.0,"key":"Centennial Puzzle"},{"floor":25,"key":"Strawberry"},{"floor":26,"key":"War Paint"},{"floor":30,"key":"Regal Pillow"}],"event_choices":[{"cards_removed":["Strike_R"],"damage_healed":0.0,"max_hp_gain":0.0,"max_hp_loss":0.0,"gold_gain":0.0,"event_name":"Purifier","player_choice":"Purged","floor":3.0,"gold_loss":0.0,"damage_taken":0.0},{"damage_healed":0.0,"max_hp_gain":0.0,"max_hp_loss":0.0,"gold_gain":0.0,"event_name":"Ghosts","player_choice":"Ignored","floor":20.0,"gold_loss":0.0,"damage_taken":0.0},{"damage_healed":16,"gold_gain":0,"player_choice":"Heal","damage_taken":0,"max_hp_gain":0,"max_hp_loss":0,"event_name":"The Library","floor":27,"gold_loss":0},{"damage_healed":0,"gold_gain":50,"player_choice":"Stole From Cult","damage_taken":0,"max_hp_gain":0,"max_hp_loss":0,"event_name":"Nest","floor":29,"gold_loss":0}],"is_beta":false,"boss_relics":[{"not_picked":["Coffee Dripper","Runic Pyramid"],"picked":"Orrery"}],"items_purged_floors":[31],"is_endless":false,"potions_floor_spawned":[2,7,12,13,14,16,19,22,25,30],"killed_by":"Collector","ascension_level":17}