{"gold_per_floor":[17,33,45,61,61,61,61,61],"floor_reached":8,"playtime":482,"items_purged":[],"score":96,"play_id":"5375ee1e-e7b5-4197-ab92-ff96eea91577","local_time":"20190603185455","is_ascension_mode":true,"campfire_choices":[{"floor":6,"key":"REST"}],"neow_cost":"NO_GOLD","seed_source_timestamp":0,"circlet_count":0,"master_deck":["AscendersBane","Defend_G","Defend_G","Defend_G","Defend_G","Defend_G","Strike_G","Strike_G","Strike_G","Strike_G","Strike_G","Survivor","Neutralize","Adrenaline","Dash","Caltrops","Dash","All Out Attack"],"special_seed":0,"relics":["Ring of the Snake","Golden Idol","Strawberry"],"potions_floor_usage":[],"damage_taken":[{"damage":6.0,"enemies":"Cultist","floor":1.0,"turns":4.0},{"damage":0.0,"enemies":"Jaw Worm","floor":2.0,"turns":6.0},{"damage":2.0,"enemies":"2 Louse","floor":3.0,"turns":3.0},{"damage":14,"enemies":"Large Slime","floor":4,"turns":8},{"damage":48,"enemies":"Lagavulin","floor":8,"turns":8}],"seed_played":"6801892458348506451","potions_obtained":[{"floor":2.0,"key":"Strength Potion"},{"floor":3.0,"key":"Ancient Potion"},{"floor":4,"key":"LiquidBronze"}],"is_trial":false,"path_per_floor":["M","M","M","M","?","R","?","E"],"character_chosen":"THE_SILENT","items_purchased":[],"campfire_rested":1,"item_purchase_floors":[],"current_hp_per_floor":[53,53,51,37,14,33,29,0],"gold":61,"neow_bonus":"THREE_RARE_CARDS","is_prod":false,"is_daily":false,"chose_seed":false,"campfire_upgraded":0,"win_rate":0,"timestamp":1559602495,"path_taken":["M","M","?","M","?","R","?","E"],"build_version":"2019-01-23","purchased_purges":0,"victory":false,"max_hp_per_floor":[66,66,66,66,66,66,73,73],"card_choices":[{"not_picked":["Burst","Phantasmal Killer"],"picked":"Adrenaline","floor":0.0},{"not_picked":["Sucker Punch","Slice"],"picked":"Dash","floor":1.0},{"not_picked":["Outmaneuver","Skewer"],"picked":"Caltrops","floor":2.0},{"not_picked":["Accuracy","Acrobatics"],"picked":"Dash","floor":3.0},{"not_picked":["Escape Plan","PiercingWail"],"picked":"All Out Attack","floor":4}],"player_experience":763344,"relics_obtained":[],"event_choices":[{"damage_healed":0,"gold_gain":0,"player_choice":"Take Damage","damage_taken":23,"relics_obtained":["Golden Idol"],"max_hp_gain":0,"max_hp_loss":0,"event_name":"Golden Idol","floor":5,"gold_loss":0},{"damage_healed":0,"gold_gain":0,"player_choice":"Success","damage_taken":11,"relics_obtained":["Strawberry"],"max_hp_gain":0,"max_hp_loss":0,"event_name":"Scrap Ooze","floor":7,"gold_loss":0}],"is_beta":false,"boss_relics":[],"items_purged_floors":[],"is_endless":false,"potions_floor_spawned":[2,3,4],"killed_by":"Lagavulin","ascension_level":20}