{"gold_per_floor":[117,117,133,147,164,164,196,208,234,234],"floor_reached":10,"playtime":1499,"items_purged":[],"score":74,"play_id":"aeaef707-2180-44e9-9959-22f0c512f4c9","local_time":"20190516160402","is_ascension_mode":true,"campfire_choices":[{"data":"Dagger Spray","floor":6,"key":"SMITH"}],"neow_cost":"PERCENT_DAMAGE","seed_source_timestamp":78474756243513,"circlet_count":0,"master_deck":["Defend_G","Defend_G","Defend_G","Defend_G","Defend_G","Strike_G","Strike_G","Strike_G","Strike_G","Strike_G","Survivor","Neutralize","Jack Of All Trades","Madness+1","PiercingWail","Dagger Spray+1","Well Laid Plans"],"relics":["Ring of the Snake","Ancient Tea Set","Anchor"],"potions_floor_usage":[4],"damage_taken":[{"damage":0,"enemies":"2 Louse","floor":1,"turns":4},{"damage":0,"enemies":"Small Slimes","floor":3,"turns":6},{"damage":1,"enemies":"Jaw Worm","floor":4,"turns":4},{"damage":1,"enemies":"3 Louse","floor":5,"turns":3},{"damage":18,"enemies":"3 Sentries","floor":7,"turns":8},{"damage":2,"enemies":"2 Fungi Beasts","floor":8,"turns":3},{"damage":28,"enemies":"Gremlin Nob","floor":10,"turns":4}],"seed_played":"7926484688769996905","potions_obtained":[{"floor":1,"key":"Fire Potion"},{"floor":4,"key":"Dexterity Potion"},{"floor":7,"key":"EntropicBrew"},{"floor":8,"key":"Swift Potion"}],"is_trial":false,"path_per_floor":["M","?","M","M","M","R","E","M","T","E"],"character_chosen":"THE_SILENT","items_purchased":[],"campfire_rested":0,"item_purchase_floors":[],"current_hp_per_floor":[49,49,49,48,47,47,29,27,27,0],"gold":234,"neow_bonus":"RANDOM_COLORLESS_2","is_prod":false,"is_daily":false,"chose_seed":false,"campfire_upgraded":1,"win_rate":0,"timestamp":1558002842,"path_taken":["M","?","M","M","M","R","E","M","T","E"],"build_version":"2019-01-23","purchased_purges":0,"victory":false,"max_hp_per_floor":[70,70,70,70,70,70,70,70,70,70],"card_choices":[{"not_picked":["Catalyst","Outmaneuver"],"picked":"PiercingWail","floor":1},{"not_picked":["Deadly Poison","Masterful Stab"],"picked":"Dagger Spray","floor":3},{"not_picked":["Distraction","Dagger Spray","Backstab"],"picked":"SKIP","floor":4},{"not_picked":["Sucker Punch","All Out Attack","Flying Knee"],"picked":"SKIP","floor":5},{"not_picked":["Blade Dance","Sucker Punch","Deflect"],"picked":"SKIP","floor":7},{"not_picked":["Bane","Bouncing Flask"],"picked":"Well Laid Plans","floor":8}],"player_experience":378587,"relics_obtained":[{"floor":7,"key":"Ancient Tea Set"},{"floor":9,"key":"Anchor"}],"event_choices":[{"damage_healed":0,"gold_gain":0,"player_choice":"Grow","damage_taken":0,"max_hp_gain":0,"max_hp_loss":0,"event_name":"Living Wall","floor":2,"gold_loss":0,"cards_upgraded":["Madness"]}],"is_beta":false,"boss_relics":[],"items_purged_floors":[],"is_endless":false,"potions_floor_spawned":[1,4,7,8],"killed_by":"Gremlin Nob","ascension_level":1}