{"gold_per_floor":[110,35,54,68,68,68,83,98,170,170,189,39,39,69,69,173,173,183,183,15,27,38,38,58,71,71,81,93,93,107,156,156,156],"floor_reached":33,"playtime":2323,"items_purged":["Strike_G"],"score":253,"play_id":"0346ffdf-5eff-427d-997b-0974c69076c6","local_time":"20190521230256","is_ascension_mode":false,"campfire_choices":[{"data":"Dagger Spray","floor":6,"key":"SMITH"},{"data":"Footwork","floor":10,"key":"SMITH"},{"data":"Dagger Spray","floor":15,"key":"SMITH"},{"data":"Cloak And Dagger","floor":23,"key":"SMITH"},{"data":"Blade Dance","floor":29,"key":"SMITH"},{"floor":32,"key":"REST"}],"neow_cost":"TEN_PERCENT_HP_LOSS","seed_source_timestamp":446108305722200,"circlet_count":0,"master_deck":["Defend_G","Defend_G","Defend_G","Defend_G","Strike_G","Strike_G","Survivor","Neutralize","Dagger Spray+1","Dodge and Roll","Backflip","Footwork+1","Dagger Spray+1","Footwork","Blade Dance+1","Tools of the Trade","Cloak And Dagger+1","Slice","Caltrops","Noxious Fumes","Backflip","Reflex+1","Cloak And Dagger","Blade Dance","Blur+1","Slice"],"relics":["Ring of the Snake","Incense Burner","The Courier","Orichalcum","WristBlade","Matryoshka","Blood Vial","Snake Skull"],"potions_floor_usage":[14,21,27,30,33,33,33],"damage_taken":[{"damage":0,"enemies":"2 Louse","floor":1,"turns":3},{"damage":1,"enemies":"Cultist","floor":3,"turns":4},{"damage":4,"enemies":"Jaw Worm","floor":4,"turns":7},{"damage":3,"enemies":"Looter","floor":7,"turns":3},{"damage":0,"enemies":"Red Slaver","floor":8,"turns":5},{"damage":6,"enemies":"Exordium Thugs","floor":11,"turns":5},{"damage":8,"enemies":"3 Sentries","floor":14,"turns":8},{"damage":33,"enemies":"Hexaghost","floor":16,"turns":21},{"damage":8,"enemies":"3 Byrds","floor":18,"turns":5},{"damage":13,"enemies":"2 Thieves","floor":21,"turns":5},{"damage":5,"enemies":"Cultist and Chosen","floor":22,"turns":6},{"damage":15,"enemies":"Shelled Parasite and Fungi","floor":24,"turns":6},{"damage":3,"enemies":"Centurion and Healer","floor":25,"turns":6},{"damage":4,"enemies":"Snecko","floor":27,"turns":5},{"damage":4,"enemies":"Chosen and Byrds","floor":28,"turns":8},{"damage":13,"enemies":"Snake Plant","floor":30,"turns":7},{"damage":14,"enemies":"Collector","floor":33,"turns":5}],"seed_played":"-2984613724521354503","potions_obtained":[{"floor":7,"key":"SpeedPotion"},{"floor":8,"key":"AttackPotion"},{"floor":16,"key":"Dexterity Potion"},{"floor":24,"key":"SkillPotion"},{"floor":25,"key":"Fire Potion"},{"floor":28,"key":"Energy Potion"},{"floor":30,"key":"Strength Potion"}],"is_trial":false,"path_per_floor":["M","?","M","M","?","R","M","M","T","R","M","$","T","E","R","B",null,"M","?","$","M","M","R","M","M","T","M","M","R","M","T","R","B"],"character_chosen":"THE_SILENT","items_purchased":["Footwork","Slice","Caltrops","Noxious Fumes","Backflip"],"campfire_rested":1,"item_purchase_floors":[12,20,20,20,20],"current_hp_per_floor":[63,63,62,58,63,63,60,60,60,60,54,54,54,46,46,13,68,60,60,60,47,42,42,27,24,24,20,16,16,3,3,23,11],"gold":156,"neow_bonus":"REMOVE_TWO","is_prod":false,"is_daily":false,"chose_seed":false,"campfire_upgraded":5,"win_rate":0,"timestamp":1558497776,"path_taken":["M","?","?","M","?","R","M","M","T","R","M","$","?","E","R","BOSS","M","?","$","M","M","R","M","M","T","M","?","R","M","?","R","BOSS"],"build_version":"2019-01-23","purchased_purges":1,"victory":false,"max_hp_per_floor":[63,63,63,63,68,68,68,68,68,68,68,68,68,68,68,68,68,68,68,68,68,68,68,68,68,68,68,68,68,68,68,68,68],"card_choices":[{"not_picked":["Sucker Punch","Catalyst"],"picked":"Dagger Spray","floor":1},{"not_picked":["Crippling Poison","Dagger Spray"],"picked":"Dodge and Roll","floor":3},{"not_picked":["Poisoned Stab","Flechettes","Sucker Punch"],"picked":"SKIP","floor":4},{"not_picked":["Predator","Dodge and Roll"],"picked":"Backflip","floor":7},{"not_picked":["Deflect","Acrobatics"],"picked":"Footwork","floor":8},{"not_picked":["Acrobatics","Bane"],"picked":"Dagger Spray","floor":11},{"not_picked":["Flechettes","Poisoned Stab"],"picked":"Blade Dance","floor":14},{"not_picked":["Adrenaline","Doppelganger"],"picked":"Tools of the Trade","floor":16},{"not_picked":["Dodge and Roll+1","Sucker Punch"],"picked":"Cloak And Dagger","floor":18},{"not_picked":["Predator","Underhanded Strike"],"picked":"Reflex+1","floor":21},{"not_picked":["Concentrate","Dagger Spray+1"],"picked":"Cloak And Dagger","floor":22},{"not_picked":["Unload","Deadly Poison+1","Predator"],"picked":"SKIP","floor":24},{"not_picked":["PiercingWail","Deadly Poison"],"picked":"Blade Dance","floor":25},{"not_picked":["Flying Knee+1","Deflect+1"],"picked":"Blur+1","floor":27},{"not_picked":["Acrobatics","Poisoned Stab+1","Sucker Punch"],"picked":"SKIP","floor":28},{"not_picked":["PiercingWail+1","Dodge and Roll"],"picked":"Slice","floor":30}],"player_experience":265125,"relics_obtained":[{"floor":13,"key":"The Courier"},{"floor":14,"key":"Orichalcum"},{"floor":26,"key":"Matryoshka"},{"floor":31,"key":"Blood Vial"},{"floor":31,"key":"Snake Skull"}],"event_choices":[{"damage_healed":0,"gold_gain":0,"player_choice":"Paid Gold","damage_taken":0,"relics_obtained":["Incense Burner"],"max_hp_gain":0,"max_hp_loss":0,"event_name":"WeMeetAgain","floor":2,"gold_loss":75},{"damage_healed":0,"gold_gain":0,"player_choice":"Donut","damage_taken":0,"max_hp_gain":5,"max_hp_loss":0,"event_name":"Big Fish","floor":5,"gold_loss":0},{"cards_removed":["Strike_G"],"damage_healed":0,"gold_gain":0,"player_choice":"Offered Basic","damage_taken":0,"max_hp_gain":0,"max_hp_loss":0,"event_name":"Bonfire Elementals","floor":19,"gold_loss":0}],"is_beta":false,"boss_relics":[{"not_picked":["Tiny House","Eternal Feather"],"picked":"WristBlade"}],"items_purged_floors":[12],"is_endless":false,"potions_floor_spawned":[7,8,16,24,25,28,30],"killed_by":"Collector","ascension_level":0}