{"gold_per_floor":[109,120,140,140,26,26,38,38,38,67,79,95,95,113,113,185,185,204,204,220,240,240,240,259,259,310,280,298,298,348,548,548,548],"floor_reached":33,"playtime":1030,"items_purged":["Strike_R"],"score":486,"play_id":"6a7b3dff-9d2b-4a84-812b-09c1809b9c2e","local_time":"20190506013518","is_ascension_mode":true,"campfire_choices":[{"data":"Uppercut","floor":6.0,"key":"SMITH"},{"data":"Double Tap","floor":8.0,"key":"SMITH"},{"data":"True Grit","floor":13.0,"key":"SMITH"},{"data":"Sword Boomerang","floor":15.0,"key":"SMITH"},{"data":"Rage","floor":23.0,"key":"SMITH"},{"floor":29.0,"key":"REST"},{"data":"Limit Break","floor":32.0,"key":"SMITH"}],"neow_cost":"NONE","seed_source_timestamp":0,"circlet_count":0,"master_deck":["AscendersBane","Strike_R","Strike_R","Strike_R","Defend_R","Defend_R","Defend_R","Defend_R","Bash","Inflame","Battle Trance","Dropkick","Double Tap+1","Uppercut+1","Spot Weakness","Shrug It Off","True Grit+1","Sword Boomerang+1","Offering","Rage+1","True Grit+1","Limit Break+1"],"special_seed":0,"relics":["Burning Blood","Centennial Puzzle","Matryoshka","Paper Frog","Velvet Choker","Regal Pillow","Dream Catcher"],"potions_floor_usage":[33],"damage_taken":[{"damage":16.0,"enemies":"Jaw Worm","floor":1.0,"turns":5.0},{"damage":6.0,"enemies":"Cultist","floor":2.0,"turns":3.0},{"damage":9.0,"enemies":"Small Slimes","floor":3.0,"turns":5.0},{"damage":11.0,"enemies":"Exordium Thugs","floor":7.0,"turns":4.0},{"damage":30.0,"enemies":"3 Sentries","floor":10.0,"turns":6.0},{"damage":7.0,"enemies":"Blue Slaver","floor":11.0,"turns":4.0},{"damage":13.0,"enemies":"3 Louse","floor":12.0,"turns":4.0},{"damage":11.0,"enemies":"Gremlin Gang","floor":14.0,"turns":3.0},{"damage":7.0,"enemies":"Hexaghost","floor":16.0,"turns":7.0},{"damage":12.0,"enemies":"3 Byrds","floor":18.0,"turns":5.0},{"damage":31.0,"enemies":"2 Thieves","floor":20.0,"turns":3.0},{"damage":6.0,"enemies":"Cultist and Chosen","floor":21.0,"turns":3.0},{"damage":11.0,"enemies":"Centurion and Healer","floor":24.0,"turns":4.0},{"damage":15.0,"enemies":"Colosseum Slavers","floor":25.0,"turns":3.0},{"damage":8.0,"enemies":"Snake Plant","floor":28.0,"turns":3.0},{"damage":62,"enemies":"Automaton","floor":33,"turns":6}],"seed_played":"88314213139420225","potions_obtained":[{"floor":1.0,"key":"SkillPotion"},{"floor":10.0,"key":"Swift Potion"},{"floor":14.0,"key":"Weak Potion"},{"floor":21.0,"key":"Block Potion"},{"floor":24.0,"key":"AttackPotion"},{"floor":27.0,"key":"EntropicBrew"},{"floor":27.0,"key":"Strength Potion"}],"is_trial":false,"path_per_floor":["M","M","M","?","$","R","M","R","T","E","M","M","R","M","R","B",null,"M","?","M","M","?","R","M","?","T","?","M","R","?","?","R","B"],"character_chosen":"IRONCLAD","items_purchased":["Uppercut"],"campfire_rested":1,"item_purchase_floors":[5],"current_hp_per_floor":[58,58,55,55,55,55,50,50,50,26,25,18,18,13,13,12,59,53,53,28,28,28,28,23,14,14,14,12,49,49,49,49,0],"gold":548,"neow_bonus":"RANDOM_COMMON_RELIC","is_prod":false,"is_daily":false,"chose_seed":false,"campfire_upgraded":6,"win_rate":0,"timestamp":1557074118,"path_taken":["M","M","M","?","?","R","M","R","T","E","M","M","R","M","R","BOSS","M","?","?","M","?","R","?","?","T","?","?","R","?","?","R","BOSS"],"build_version":"2019-01-23","purchased_purges":1,"victory":false,"max_hp_per_floor":[75,75,75,75,75,75,75,75,75,75,75,75,75,75,75,75,75,75,75,75,75,75,75,75,75,75,75,75,75,75,75,75,75],"card_choices":[{"not_picked":["Heavy Blade","Havoc"],"picked":"Inflame","floor":1.0},{"not_picked":["Wild Strike","Pommel Strike"],"picked":"Battle Trance","floor":2.0},{"not_picked":["Havoc","Iron Wave"],"picked":"Dropkick","floor":3.0},{"not_picked":["Havoc","Combust"],"picked":"Spot Weakness","floor":7.0},{"not_picked":["Cleave","Ghostly Armor"],"picked":"Shrug It Off","floor":10.0},{"not_picked":["Twin Strike","Ghostly Armor"],"picked":"True Grit","floor":11.0},{"not_picked":["Pommel Strike","Havoc"],"picked":"Sword Boomerang","floor":12.0},{"not_picked":["Pommel Strike","Havoc","Barricade"],"picked":"SKIP","floor":14.0},{"not_picked":["Feed","Bludgeon"],"picked":"Offering","floor":16.0},{"not_picked":["Clash","Twin Strike","Wild Strike"],"picked":"SKIP","floor":18.0},{"not_picked":["Spot Weakness","Searing Blow","Hemokinesis"],"picked":"SKIP","floor":20.0},{"not_picked":["Clothesline+1","Disarm"],"picked":"Rage","floor":21.0},{"not_picked":["Sword Boomerang","Shrug It Off"],"picked":"Limit Break","floor":24.0},{"not_picked":["Uppercut","Armaments","Perfected Strike+1"],"picked":"SKIP","floor":28.0}],"player_experience":466444,"relics_obtained":[{"floor":9.0,"key":"Matryoshka"},{"floor":10.0,"key":"Paper Frog"},{"floor":26.0,"key":"Regal Pillow"},{"floor":26.0,"key":"Dream Catcher"}],"event_choices":[{"damage_healed":0.0,"max_hp_gain":0.0,"max_hp_loss":0.0,"gold_gain":0.0,"event_name":"Match and Keep!","player_choice":"1 cards matched","floor":4.0,"gold_loss":0.0,"damage_taken":0.0,"cards_obtained":["Double Tap"]},{"cards_removed":["Strike_R"],"damage_healed":0.0,"max_hp_gain":0.0,"max_hp_loss":0.0,"gold_gain":0.0,"event_name":"Wheel of Change","player_choice":"Card Removal","floor":19.0,"gold_loss":0.0,"damage_taken":0.0},{"damage_healed":0.0,"max_hp_gain":0.0,"max_hp_loss":0.0,"gold_gain":0.0,"event_name":"Duplicator","player_choice":"Copied","floor":22.0,"gold_loss":0.0,"damage_taken":0.0,"cards_obtained":["True Grit"]},{"damage_healed":0.0,"max_hp_gain":0.0,"max_hp_loss":0.0,"gold_gain":0.0,"event_name":"Colosseum","player_choice":"Fight","floor":25.0,"gold_loss":0.0,"damage_taken":0.0},{"damage_healed":0.0,"max_hp_gain":0.0,"max_hp_loss":0.0,"gold_gain":0.0,"event_name":"Colosseum","player_choice":"Fled From Nobs","floor":25.0,"gold_loss":0.0,"damage_taken":0.0},{"damage_healed":0.0,"max_hp_gain":0.0,"max_hp_loss":0.0,"gold_gain":0.0,"event_name":"The Woman in Blue","player_choice":"Bought 2 Potions","floor":27.0,"gold_loss":0.0,"damage_taken":0.0},{"damage_healed":0.0,"max_hp_gain":0.0,"max_hp_loss":0.0,"gold_gain":50.0,"event_name":"Nest","player_choice":"Stole From Cult","floor":30.0,"gold_loss":0.0,"damage_taken":0.0},{"damage_healed":0.0,"max_hp_gain":0.0,"max_hp_loss":0.0,"gold_gain":200.0,"event_name":"Wheel of Change","player_choice":"Gold","floor":31.0,"gold_loss":0.0,"damage_taken":0.0}],"is_beta":false,"boss_relics":[{"not_picked":["Tiny House","Sozu"],"picked":"Velvet Choker"}],"items_purged_floors":[5],"is_endless":false,"potions_floor_spawned":[1,10,14,21,24,25],"killed_by":"Automaton","ascension_level":19}