{"gold_per_floor":[115,133,133,146,146,146,178,55,55,55,55,71,4,15,15,120,120,135,153,253,44,44,44,61,94,121,151,151,166,166,185,185,280,280,300,300,400,417,122,148,148,148,148,166,182,217,241,35,35,35,35,35,35,70,70],"floor_reached":56,"playtime":5372,"items_purged":["Strike_G","Strike_G","Strike_G"],"score":1370,"play_id":"7d72f037-fe6d-421a-9d1a-06caafb6cc3b","local_time":"20190529012912","is_ascension_mode":false,"campfire_choices":[{"data":"Cloak And Dagger","floor":6,"key":"SMITH"},{"data":"Infinite Blades","floor":10,"key":"SMITH"},{"data":"Footwork","floor":15,"key":"SMITH"},{"data":"Envenom","floor":23,"key":"SMITH"},{"floor":30,"key":"RECALL"},{"floor":32,"key":"REST"},{"data":"Infinite Blades","floor":41,"key":"SMITH"},{"data":"Cloak And Dagger","floor":49,"key":"SMITH"},{"data":"Cloak And Dagger","floor":52,"key":"SMITH"}],"neow_cost":"PERCENT_DAMAGE","seed_source_timestamp":1056648607336600,"circlet_count":0,"master_deck":["Defend_G","Defend_G","Defend_G","Defend_G","Defend_G","Strike_G","Survivor","Neutralize","Dark Shackles","Jack Of All Trades","Slice","Cloak And Dagger+1","PiercingWail","Infinite Blades+1","Escape Plan","Footwork+1","Envenom+1","Footwork","Cloak And Dagger+1","Dodge and Roll","Terror+1","Finisher","Caltrops+1","Adrenaline","Prepared+1","Footwork+1","Infinite Blades+1","Cloak And Dagger+1","Dodge and Roll","Flash of Steel","Sadistic Nature","PiercingWail","Adrenaline","Concentrate+1","PiercingWail","Concentrate","Flash of Steel","Cloak And Dagger"],"relics":["Ring of the Snake","Dead Branch","Smiling Mask","Letter Opener","Sozu","The Specimen","Paper Crane","Membership Card","Mango","Dodecahedron","Pen Nib","Eternal Feather","Tough Bandages","Sling","PreservedInsect","Art of War","Kunai","MawBank","Bag of Preparation","Bag of Marbles"],"potions_floor_usage":[20,27],"damage_taken":[{"damage":2,"enemies":"Jaw Worm","floor":1,"turns":5},{"damage":0,"enemies":"2 Louse","floor":2,"turns":4},{"damage":0,"enemies":"Small Slimes","floor":4,"turns":3},{"damage":14,"enemies":"Gremlin Nob","floor":7,"turns":4},{"damage":1,"enemies":"Blue Slaver","floor":12,"turns":3},{"damage":0,"enemies":"Large Slime","floor":14,"turns":4},{"damage":1,"enemies":"Hexaghost","floor":16,"turns":8},{"damage":0,"enemies":"Shell Parasite","floor":18,"turns":5},{"damage":0,"enemies":"3 Byrds","floor":19,"turns":5},{"damage":7,"enemies":"Colosseum Slavers","floor":20,"turns":6},{"damage":6,"enemies":"Colosseum Nobs","floor":20,"turns":4},{"damage":0,"enemies":"Snecko","floor":24,"turns":5},{"damage":0,"enemies":"Book of Stabbing","floor":25,"turns":5},{"damage":19,"enemies":"Slavers","floor":27,"turns":5},{"damage":5,"enemies":"Cultist and Chosen","floor":29,"turns":5},{"damage":0,"enemies":"Sentry and Sphere","floor":31,"turns":5},{"damage":21,"enemies":"Automaton","floor":33,"turns":7},{"damage":0,"enemies":"Orb Walker","floor":35,"turns":3},{"damage":1,"enemies":"Mind Bloom Boss Battle","floor":37,"turns":6},{"damage":1,"enemies":"3 Darklings","floor":38,"turns":4},{"damage":0,"enemies":"Nemesis","floor":40,"turns":5},{"damage":4,"enemies":"Transient","floor":44,"turns":5},{"damage":3,"enemies":"Sphere and 2 Shapes","floor":45,"turns":3},{"damage":0,"enemies":"Giant Head","floor":46,"turns":4},{"damage":0,"enemies":"Jaw Worm Horde","floor":47,"turns":3},{"damage":31,"enemies":"Awakened One","floor":50,"turns":10},{"damage":0,"enemies":"Shield and Spear","floor":54,"turns":4},{"damage":48,"enemies":"The Heart","floor":55,"turns":7}],"seed_played":"5741448723328230173","potions_obtained":[{"floor":7,"key":"Energy Potion"},{"floor":12,"key":"Block Potion"},{"floor":14,"key":"SpeedPotion"}],"is_trial":false,"path_per_floor":["M","M","?","M","?","R","E","$","T","R","?","M","$","M","R","B",null,"M","M","?","$","?","R","M","E","T","E","?","M","R","M","R","B",null,"M","?","?","M","$","E","R","?","T","M","M","E","M","$","R","B",null,"R","$","E","B",null],"character_chosen":"THE_SILENT","items_purchased":["Infinite Blades","Footwork","Membership Card","Infinite Blades","Sling","PreservedInsect","Cloak And Dagger","PiercingWail","Bag of Preparation","Concentrate","Flash of Steel"],"campfire_rested":1,"item_purchase_floors":[8,13,21,39,39,39,39,48,48,48,48],"current_hp_per_floor":[47,47,35,35,58,58,44,44,44,44,37,36,36,36,36,35,70,70,70,57,57,71,71,71,71,71,52,36,31,31,31,57,36,89,89,89,88,87,87,87,89,79,79,75,72,72,72,72,89,58,89,89,89,89,41],"gold":70,"neow_bonus":"RANDOM_COLORLESS_2","is_prod":false,"is_daily":false,"chose_seed":false,"campfire_upgraded":7,"win_rate":0,"timestamp":1559111352,"path_taken":["M","M","?","M","?","R","E","$","T","R","?","M","?","M","R","BOSS","M","M","?","$","?","R","M","E","T","E","?","M","R","M","R","BOSS","M","?","?","M","$","E","R","?","T","M","?","E","M","$","R","BOSS","R","$","E","BOSS"],"build_version":"2019-01-23","purchased_purges":3,"victory":true,"max_hp_per_floor":[70,70,70,70,70,70,70,70,70,70,70,70,70,70,70,70,70,70,70,70,70,84,84,84,84,84,84,89,89,89,89,89,89,89,89,89,89,89,89,89,89,89,89,89,89,89,89,89,89,89,89,89,89,89,89],"card_choices":[{"not_picked":["Dagger Throw","Leg Sweep"],"picked":"Slice","floor":1},{"not_picked":["Distraction","Acrobatics"],"picked":"Cloak And Dagger","floor":2},{"not_picked":["Quick Slash","Riddle With Holes"],"picked":"PiercingWail","floor":4},{"not_picked":["Venomology","Dagger Throw","Crippling Poison"],"picked":"SKIP","floor":7},{"not_picked":["Poisoned Stab","Acrobatics"],"picked":"Escape Plan","floor":12},{"not_picked":["Catalyst","Prepared","Quick Slash"],"picked":"SKIP","floor":14},{"not_picked":["Night Terror","Corpse Explosion"],"picked":"Envenom","floor":16},{"not_picked":["Dash","Acrobatics+1"],"picked":"Footwork","floor":18},{"not_picked":["Backflip","Poisoned Stab+1"],"picked":"Cloak And Dagger","floor":19},{"not_picked":["Tactician","Expertise"],"picked":"Dodge and Roll","floor":20},{"not_picked":["Dagger Spray","Catalyst"],"picked":"Terror+1","floor":24},{"not_picked":["Bullet Time","Acrobatics","Flying Knee"],"picked":"SKIP","floor":25},{"not_picked":["Underhanded Strike","PiercingWail","Endless Agony"],"picked":"SKIP","floor":27},{"not_picked":["Glass Knife","Flying Knee+1"],"picked":"Finisher","floor":29},{"not_picked":["Dagger Throw","Backstab"],"picked":"Caltrops+1","floor":31},{"not_picked":["A Thousand Cuts","Doppelganger"],"picked":"Adrenaline","floor":33},{"not_picked":["Underhanded Strike+1","Flying Knee","Bane"],"picked":"SKIP","floor":35},{"not_picked":["Flying Knee","Choke+1"],"picked":"Prepared+1","floor":37},{"not_picked":["Dagger Throw+1","Poisoned Stab"],"picked":"Footwork+1","floor":38},{"not_picked":["Deadly Poison","Night Terror"],"picked":"Dodge and Roll","floor":40},{"not_picked":["Violence","Impatience"],"picked":"Flash of Steel","floor":42},{"not_picked":["Swift Strike","Finesse"],"picked":"Sadistic Nature","floor":42},{"not_picked":["Cloak And Dagger","Backflip"],"picked":"PiercingWail","floor":44},{"not_picked":["Masterful Stab+1","Deflect+1"],"picked":"Adrenaline","floor":45},{"not_picked":["Backstab","Leg Sweep"],"picked":"Concentrate+1","floor":46},{"not_picked":["Poisoned Stab+1","Setup","Deadly Poison+1"],"picked":"SKIP","floor":47},{"not_picked":["Dagger Spray+1","Noxious Fumes"],"picked":"Cloak And Dagger","floor":54}],"player_experience":281395,"relics_obtained":[{"floor":7,"key":"Smiling Mask"},{"floor":9,"key":"Letter Opener"},{"floor":20,"key":"The Specimen"},{"floor":20,"key":"Paper Crane"},{"floor":25,"key":"Dodecahedron"},{"floor":27,"key":"Pen Nib"},{"floor":37,"key":"Tough Bandages"},{"floor":40,"key":"Art of War"},{"floor":43,"key":"Kunai"},{"floor":46,"key":"MawBank"},{"floor":54,"key":"Bag of Marbles"}],"event_choices":[{"damage_healed":0,"gold_gain":0,"player_choice":"Success","damage_taken":12,"relics_obtained":["Dead Branch"],"max_hp_gain":0,"max_hp_loss":0,"event_name":"Scrap Ooze","floor":3,"gold_loss":0},{"damage_healed":23,"gold_gain":0,"player_choice":"Banana","damage_taken":0,"max_hp_gain":0,"max_hp_loss":0,"event_name":"Big Fish","floor":5,"gold_loss":0},{"cards_removed":["Strike_G"],"damage_healed":0,"gold_gain":0,"player_choice":"Card Removal","damage_taken":7,"max_hp_gain":0,"max_hp_loss":0,"event_name":"Golden Wing","floor":11,"gold_loss":0},{"damage_healed":0,"gold_gain":0,"player_choice":"Fight","damage_taken":0,"max_hp_gain":0,"max_hp_loss":0,"event_name":"Colosseum","floor":20,"gold_loss":0},{"damage_healed":0,"gold_gain":0,"player_choice":"Fought Nobs","damage_taken":0,"max_hp_gain":0,"max_hp_loss":0,"event_name":"Colosseum","floor":20,"gold_loss":0},{"damage_healed":0,"gold_gain":0,"player_choice":"Opened","damage_taken":0,"relics_obtained":["Mango"],"max_hp_gain":0,"max_hp_loss":0,"event_name":"The Mausoleum","floor":22,"gold_loss":0},{"damage_healed":0,"gold_gain":0,"player_choice":"Shed Blood","damage_taken":21,"max_hp_gain":5,"max_hp_loss":0,"event_name":"Forgotten Altar","floor":28,"gold_loss":0},{"damage_healed":0,"gold_gain":0,"player_choice":"Ignored","damage_taken":0,"max_hp_gain":0,"max_hp_loss":0,"event_name":"Tomb of Lord Red Mask","floor":36,"gold_loss":0},{"damage_healed":0,"gold_gain":0,"player_choice":"Fight","damage_taken":0,"max_hp_gain":0,"max_hp_loss":0,"event_name":"MindBloom","floor":37,"gold_loss":0},{"damage_healed":0,"gold_gain":0,"player_choice":"Memory 3","damage_taken":10,"max_hp_gain":0,"max_hp_loss":0,"event_name":"SensoryStone","floor":42,"gold_loss":0}],"is_beta":false,"boss_relics":[{"not_picked":["Ectoplasm","Tiny House"],"picked":"Sozu"},{"not_picked":["Astrolabe","Lizard Tail"],"picked":"Eternal Feather"}],"items_purged_floors":[8,39,48],"is_endless":false,"potions_floor_spawned":[7,12,14,16,19,20,20,25,35,37,46],"ascension_level":0}