{"gold_per_floor":[115,115,115,67,78,110,166,193,193,207,207,207,227,245,245,347,347,360,460,460,24,58,58,58,75,75,87,87,122,122,137,137,236,236,256,266,666,666,101,132,132,132,157,157],"floor_reached":44,"playtime":1167,"items_purged":["Writhe"],"score":512,"play_id":"b7e535bf-ca71-4d79-966f-3c22b96cd78c","local_time":"20190528151551","is_ascension_mode":false,"campfire_choices":[{"data":"Pommel Strike","floor":12.0,"key":"SMITH"},{"data":"Pommel Strike","floor":15.0,"key":"SMITH"},{"floor":23.0,"key":"RECALL"},{"floor":28.0,"key":"REST"},{"floor":32.0,"key":"REST"},{"floor":41,"key":"REST"}],"neow_cost":"NONE","seed_source_timestamp":0,"circlet_count":0,"master_deck":["Strike_R+1","Strike_R+1","Strike_R+1","Strike_R+1","Strike_R+1","Defend_R+1","Defend_R+1","Defend_R+1","Defend_R+1","Bash+1","Perfected Strike+1","Pommel Strike+1","Pommel Strike+1","Double Tap","Twin Strike","Discovery","Wild Strike","Twin Strike","Ghostly Armor","True Grit","Apotheosis","Perfected Strike+1"],"special_seed":0,"relics":["Burning Blood","NeowsBlessing","Juzu Bracelet","Bottled Flame","Frozen Egg 2","Fusion Hammer","WingedGreaves","Sundial","Orichalcum","Lee\u0027s Waffle","Red Mask","Darkstone Periapt","Bag of Preparation","Runic Pyramid","Old Coin","Anchor","Vajra","Smiling Mask","Happy Flower"],"potions_floor_usage":[40,40],"damage_taken":[{"damage":0.0,"enemies":"Jaw Worm","floor":1.0,"turns":1.0},{"damage":0.0,"enemies":"Small Slimes","floor":5.0,"turns":1.0},{"damage":0.0,"enemies":"Gremlin Nob","floor":6.0,"turns":1.0},{"damage":21.0,"enemies":"3 Sentries","floor":8.0,"turns":5.0},{"damage":0.0,"enemies":"Cultist","floor":10.0,"turns":3.0},{"damage":7.0,"enemies":"Blue Slaver","floor":13.0,"turns":2.0},{"damage":7.0,"enemies":"Large Slime","floor":14.0,"turns":5.0},{"damage":68.0,"enemies":"The Guardian","floor":16.0,"turns":12.0},{"damage":30.0,"enemies":"2 Thieves","floor":18.0,"turns":3.0},{"damage":9.0,"enemies":"Colosseum Slavers","floor":19.0,"turns":4.0},{"damage":10.0,"enemies":"Colosseum Nobs","floor":19.0,"turns":3.0},{"damage":12.0,"enemies":"Masked Bandits","floor":22.0,"turns":4.0},{"damage":2.0,"enemies":"Shell Parasite","floor":25.0,"turns":3.0},{"damage":0.0,"enemies":"Centurion and Healer","floor":27.0,"turns":3.0},{"damage":32.0,"enemies":"Slavers","floor":29.0,"turns":4.0},{"damage":14.0,"enemies":"Shelled Parasite and Fungi","floor":31.0,"turns":3.0},{"damage":40.0,"enemies":"Champ","floor":33.0,"turns":9.0},{"damage":18,"enemies":"3 Darklings","floor":35,"turns":6},{"damage":0,"enemies":"3 Shapes","floor":36,"turns":4},{"damage":14,"enemies":"Mind Bloom Boss Battle","floor":37,"turns":7},{"damage":81,"enemies":"Nemesis","floor":40,"turns":7},{"damage":51,"enemies":"Reptomancer","floor":44,"turns":2}],"seed_played":"4197916465611717338","potions_obtained":[{"floor":5.0,"key":"PowerPotion"},{"floor":8.0,"key":"Weak Potion"},{"floor":10.0,"key":"Fire Potion"},{"floor":13.0,"key":"BloodPotion"},{"floor":27.0,"key":"SkillPotion"},{"floor":31.0,"key":"SkillPotion"},{"floor":35,"key":"FearPotion"},{"floor":40,"key":"Ancient Potion"}],"is_trial":false,"path_per_floor":["M","?","?","$","M","E","?","E","T","M","?","R","M","M","R","B",null,"M","?","?","$","?","R","?","M","T","M","R","E","?","M","R","B",null,"M","M","?","?","$","E","R","?","T","E"],"character_chosen":"IRONCLAD","items_purchased":["Perfected Strike","Discovery","Orichalcum","Lee\u0027s Waffle","Apotheosis","Anchor","Vajra"],"campfire_rested":3,"item_purchase_floors":[4,21,21,21,39,39,39],"current_hp_per_floor":[80,80,80,80,80,80,80,65,65,71,71,71,70,69,69,7,80,56,49,49,87,81,81,81,85,85,87,87,61,67,59,86,52,93,81,87,79,79,79,13,40,40,40,0],"gold":157,"neow_bonus":"THREE_ENEMY_KILL","is_prod":false,"is_daily":false,"chose_seed":false,"campfire_upgraded":2,"win_rate":0,"timestamp":1559049351,"path_taken":["M","?","?","$","?","E","?","E","T","M","?","R","M","M","R","BOSS","M","?","?","?","?","R","?","M","T","M","R","E","?","M","R","BOSS","M","M","?","?","$","E","R","?","T","E"],"build_version":"2019-01-23","purchased_purges":1,"victory":false,"max_hp_per_floor":[80,80,80,80,80,80,80,80,80,80,80,80,80,80,80,80,80,80,80,80,87,87,87,87,87,87,87,87,87,93,93,93,93,93,93,93,93,93,93,93,93,93,93,93],"card_choices":[{"not_picked":["Armaments","Blood for Blood","Iron Wave"],"picked":"SKIP","floor":1.0},{"not_picked":["Carnage","Intimidate"],"picked":"Pommel Strike","floor":5.0},{"not_picked":["Bloodletting","Pummel"],"picked":"Pommel Strike","floor":6.0},{"not_picked":["Searing Blow","Rupture","Immolate"],"picked":"SKIP","floor":8.0},{"not_picked":["Second Wind","Rampage","Hemokinesis"],"picked":"SKIP","floor":10.0},{"not_picked":["Clash","Sever Soul","Combust+1"],"picked":"SKIP","floor":13.0},{"not_picked":["Sword Boomerang","Bloodletting","True Grit"],"picked":"SKIP","floor":14.0},{"not_picked":["Berserk+1","Fiend Fire"],"picked":"Double Tap","floor":16.0},{"not_picked":["Reckless Charge","Seeing Red+1","Dual Wield+1"],"picked":"SKIP","floor":18.0},{"not_picked":["Perfected Strike","Pommel Strike+1"],"picked":"Twin Strike","floor":19.0},{"not_picked":["Dropkick","Infernal Blade"],"picked":"Wild Strike","floor":22.0},{"not_picked":["Disarm","Dual Wield"],"picked":"Twin Strike","floor":25.0},{"not_picked":["Second Wind+1","Thunderclap","Pommel Strike"],"picked":"SKIP","floor":27.0},{"not_picked":["Reaper","Berserk+1"],"picked":"Ghostly Armor","floor":29.0},{"not_picked":["Warcry+1","Armaments","Clothesline"],"picked":"SKIP","floor":31.0},{"not_picked":["Power Through","Infernal Blade","Evolve+1"],"picked":"SKIP","floor":35},{"not_picked":["True Grit+1","Feel No Pain+1","Armaments"],"picked":"SKIP","floor":36},{"not_picked":["Armaments","Warcry"],"picked":"True Grit","floor":37},{"not_picked":["Cleave","Headbutt","Sword Boomerang+1"],"picked":"SKIP","floor":40}],"player_experience":97571,"relics_obtained":[{"floor":6.0,"key":"Juzu Bracelet"},{"floor":8.0,"key":"Bottled Flame"},{"floor":9.0,"key":"Frozen Egg 2"},{"floor":19.0,"key":"WingedGreaves"},{"floor":19.0,"key":"Sundial"},{"floor":22.0,"key":"Red Mask"},{"floor":29.0,"key":"Darkstone Periapt"},{"floor":37,"key":"Old Coin"},{"floor":40,"key":"Smiling Mask"},{"floor":43,"key":"Happy Flower"}],"event_choices":[{"damage_healed":0.0,"max_hp_gain":0.0,"max_hp_loss":0.0,"gold_gain":0.0,"event_name":"Living Wall","player_choice":"Grow","floor":2.0,"gold_loss":0.0,"damage_taken":0.0,"cards_upgraded":["Bash"]},{"damage_healed":0.0,"max_hp_gain":0.0,"max_hp_loss":0.0,"gold_gain":0.0,"event_name":"Wheel of Change","player_choice":"Full Heal","floor":3.0,"gold_loss":0.0,"damage_taken":0.0},{"damage_healed":0.0,"max_hp_gain":0.0,"max_hp_loss":0.0,"gold_gain":56.0,"event_name":"Golden Wing","player_choice":"Gained Gold","floor":7.0,"gold_loss":0.0,"damage_taken":0.0},{"damage_healed":0.0,"max_hp_gain":0.0,"max_hp_loss":0.0,"gold_gain":0.0,"event_name":"Accursed Blacksmith","player_choice":"Forge","floor":11.0,"gold_loss":0.0,"damage_taken":0.0,"cards_upgraded":["Perfected Strike"]},{"damage_healed":0.0,"max_hp_gain":0.0,"max_hp_loss":0.0,"gold_gain":0.0,"event_name":"Colosseum","player_choice":"Fight","floor":19.0,"gold_loss":0.0,"damage_taken":0.0},{"damage_healed":0.0,"max_hp_gain":0.0,"max_hp_loss":0.0,"gold_gain":0.0,"event_name":"Colosseum","player_choice":"Fought Nobs","floor":19.0,"gold_loss":0.0,"damage_taken":0.0},{"damage_healed":0.0,"max_hp_gain":0.0,"max_hp_loss":0.0,"gold_gain":0.0,"event_name":"Vampires","player_choice":"Ignored","floor":20.0,"gold_loss":0.0,"damage_taken":0.0},{"damage_healed":0.0,"max_hp_gain":0.0,"max_hp_loss":0.0,"gold_gain":0.0,"event_name":"Masked Bandits","player_choice":"Fought Bandits","floor":22.0,"gold_loss":0.0,"damage_taken":0.0},{"damage_healed":0.0,"max_hp_gain":0.0,"max_hp_loss":0.0,"gold_gain":0.0,"event_name":"Back to Basics","player_choice":"Simplicity","floor":24.0,"gold_loss":0.0,"damage_taken":0.0,"cards_upgraded":["Strike_R","Strike_R","Strike_R","Strike_R","Strike_R","Defend_R","Defend_R","Defend_R","Defend_R"]},{"damage_healed":0.0,"max_hp_gain":0.0,"max_hp_loss":0.0,"gold_gain":0.0,"event_name":"The Mausoleum","player_choice":"Opened","floor":30.0,"gold_loss":0.0,"damage_taken":0.0,"relics_obtained":["Bag of Preparation"],"cards_obtained":["Writhe"]},{"damage_healed":0,"gold_gain":0,"player_choice":"Fight","damage_taken":0,"max_hp_gain":0,"max_hp_loss":0,"event_name":"MindBloom","floor":37,"gold_loss":0},{"damage_healed":0,"gold_gain":0,"player_choice":"Memory 1","damage_taken":0,"max_hp_gain":0,"max_hp_loss":0,"event_name":"SensoryStone","floor":38,"gold_loss":0},{"damage_healed":0,"gold_gain":0,"player_choice":"Copied","damage_taken":0,"max_hp_gain":0,"max_hp_loss":0,"event_name":"Duplicator","floor":42,"gold_loss":0,"cards_obtained":["Perfected Strike"]}],"is_beta":false,"boss_relics":[{"not_picked":["White Beast Statue","Black Blood"],"picked":"Fusion Hammer"},{"not_picked":["Lizard Tail","Calling Bell"],"picked":"Runic Pyramid"}],"items_purged_floors":[39],"is_endless":false,"potions_floor_spawned":[5,8,10,13,19,27,31,35,40],"killed_by":"Reptomancer","ascension_level":0}