{"gold_per_floor":[118,118,118,39,49,78,91,105,181,200,235,235,245,270,270,373,373,388,407,424,444,464,498,170,205,205,3,33,33,67,85,85,85],"floor_reached":33,"playtime":3726,"items_purged":["Strike_G"],"score":583,"play_id":"fa693c69-00d2-4aa7-b122-2b04f8b81c33","local_time":"20190601171351","is_ascension_mode":true,"campfire_choices":[{"data":"Footwork","floor":15.0,"key":"SMITH"},{"data":"Bouncing Flask","floor":29.0,"key":"SMITH"},{"data":"Neutralize","floor":32.0,"key":"SMITH"}],"neow_cost":"NONE","seed_source_timestamp":1167909331667458,"circlet_count":0,"master_deck":["AscendersBane","Defend_G","Defend_G+1","Defend_G","Defend_G","Defend_G","Strike_G","Strike_G+1","Strike_G","Survivor","Neutralize+1","Crippling Poison","Poisoned Stab+1","Noxious Fumes+1","Flying Knee+1","Die Die Die","Bouncing Flask+1","Footwork+1","Deadly Poison","Dodge and Roll","Dash","Bullet Time","Well Laid Plans","Night Terror","Backflip","Dagger Spray+1","Footwork","Dodge and Roll","Dodge and Roll"],"special_seed":0,"relics":["Orrery","Bird Faced Urn","Bottled Tornado","Snake Skull","PreservedInsect","Velvet Choker","Strawberry","Lantern","Ornamental Fan","WingedGreaves","Lee\u0027s Waffle","Whetstone","The Specimen"],"potions_floor_usage":[],"damage_taken":[{"damage":0.0,"enemies":"Cultist","floor":1.0,"turns":3.0},{"damage":4.0,"enemies":"Jaw Worm","floor":5.0,"turns":3.0},{"damage":14.0,"enemies":"3 Sentries","floor":6.0,"turns":6.0},{"damage":0.0,"enemies":"Small Slimes","floor":7.0,"turns":2.0},{"damage":13.0,"enemies":"3 Louse","floor":8.0,"turns":2.0},{"damage":6.0,"enemies":"Exordium Wildlife","floor":10.0,"turns":4.0},{"damage":6.0,"enemies":"Lagavulin","floor":11.0,"turns":6.0},{"damage":12.0,"enemies":"Looter","floor":13.0,"turns":3.0},{"damage":9.0,"enemies":"Gremlin Nob","floor":14.0,"turns":4.0},{"damage":4.0,"enemies":"The Guardian","floor":16.0,"turns":8.0},{"damage":14.0,"enemies":"Spheric Guardian","floor":18.0,"turns":4.0},{"damage":7.0,"enemies":"3 Byrds","floor":19.0,"turns":4.0},{"damage":3.0,"enemies":"Centurion and Healer","floor":20.0,"turns":5.0},{"damage":13.0,"enemies":"Snake Plant","floor":21.0,"turns":4.0},{"damage":11.0,"enemies":"Snecko","floor":22.0,"turns":4.0},{"damage":26.0,"enemies":"Book of Stabbing","floor":23.0,"turns":5.0},{"damage":19.0,"enemies":"Gremlin Leader","floor":25.0,"turns":6.0},{"damage":23.0,"enemies":"Slavers","floor":28.0,"turns":3.0},{"damage":43.0,"enemies":"Book of Stabbing","floor":30.0,"turns":5.0},{"damage":5.0,"enemies":"Centurion and Healer","floor":31.0,"turns":5.0},{"damage":76,"enemies":"Collector","floor":33,"turns":7}],"seed_played":"-8974676132424881136","potions_obtained":[{"floor":1.0,"key":"SmokeBomb"},{"floor":11.0,"key":"Fruit Juice"},{"floor":14.0,"key":"Explosive Potion"},{"floor":16.0,"key":"EssenceOfSteel"},{"floor":18.0,"key":"Swift Potion"},{"floor":20.0,"key":"GamblersBrew"},{"floor":21.0,"key":"Regen Potion"},{"floor":30.0,"key":"Swift Potion"},{"floor":31.0,"key":"SteroidPotion"}],"is_trial":false,"path_per_floor":["M","?","?","$","M","E","M","M","T","M","E","?","M","E","R","B",null,"M","M","M","M","M","E","$","E","T","$","E","R","E","M","R","B"],"character_chosen":"THE_SILENT","items_purchased":["Footwork","Lantern","Fruit Juice","Lee\u0027s Waffle"],"campfire_rested":0,"item_purchase_floors":[4,24,24,27],"current_hp_per_floor":[63,49,49,49,45,31,33,22,22,20,18,18,10,10,10,12,59,51,50,53,44,53,42,42,31,31,89,75,75,46,49,49,0],"gold":85,"neow_bonus":"BOSS_RELIC","is_prod":false,"is_daily":false,"chose_seed":false,"campfire_upgraded":3,"win_rate":0,"timestamp":1559389431,"path_taken":["M","?","?","$","M","E","M","?","T","M","E","?","M","E","R","BOSS","M","M","M","M","M","E","$","E","T","$","E","R","E","M","R","BOSS"],"build_version":"2019-01-23","purchased_purges":1,"victory":false,"max_hp_per_floor":[70,70,70,70,70,70,70,70,70,70,70,70,70,75,75,75,75,75,75,75,75,75,82,82,82,82,89,94,94,94,94,94,94],"card_choices":[{"not_picked":["Quick Slash","Reflex"],"picked":"Crippling Poison","floor":0.0},{"not_picked":["Blade Dance","Quick Slash"],"picked":"Poisoned Stab","floor":0.0},{"not_picked":["Bouncing Flask","Acrobatics"],"picked":"Noxious Fumes","floor":0.0},{"not_picked":["Prepared","Deflect"],"picked":"Flying Knee","floor":0.0},{"not_picked":["Acrobatics","Prepared"],"picked":"Die Die Die","floor":1.0},{"not_picked":["Infinite Blades","Predator"],"picked":"Deadly Poison","floor":5.0},{"not_picked":["Poisoned Stab","Riddle With Holes","Heel Hook"],"picked":"SKIP","floor":6.0},{"not_picked":["Concentrate","Underhanded Strike","Blur"],"picked":"SKIP","floor":7.0},{"not_picked":["Flying Knee","Masterful Stab"],"picked":"Dodge and Roll","floor":8.0},{"not_picked":["Terror","Blade Dance"],"picked":"Dash","floor":10.0},{"not_picked":["Calculated Gamble","Bane"],"picked":"Bullet Time","floor":11.0},{"not_picked":["Accuracy","All Out Attack"],"picked":"Well Laid Plans","floor":13.0},{"not_picked":["Dash","Sucker Punch","Outmaneuver"],"picked":"SKIP","floor":14.0},{"not_picked":["Malaise","Die Die Die"],"picked":"Night Terror","floor":16.0},{"not_picked":["Flying Knee","Prepared+1"],"picked":"Backflip","floor":18.0},{"not_picked":["Choke+1","Cloak And Dagger"],"picked":"Dagger Spray+1","floor":19.0},{"not_picked":["Choke","Sucker Punch"],"picked":"Footwork","floor":20.0},{"not_picked":["Reflex","Masterful Stab"],"picked":"Dodge and Roll","floor":21.0},{"not_picked":["Flying Knee","Sucker Punch+1"],"picked":"Dodge and Roll","floor":22.0},{"not_picked":["Underhanded Strike+1","All Out Attack+1","Flying Knee+1"],"picked":"SKIP","floor":23.0},{"not_picked":["Flying Knee","Dagger Spray","Escape Plan"],"picked":"SKIP","floor":25.0},{"not_picked":["Finisher","Eviscerate","Blade Dance"],"picked":"SKIP","floor":28.0},{"not_picked":["Blur","Flechettes","Terror"],"picked":"SKIP","floor":30.0},{"not_picked":["Dagger Spray","Outmaneuver","Dodge and Roll"],"picked":"SKIP","floor":31.0}],"player_experience":1056414,"relics_obtained":[{"floor":6.0,"key":"Bird Faced Urn"},{"floor":9.0,"key":"Bottled Tornado"},{"floor":11.0,"key":"Snake Skull"},{"floor":14.0,"key":"PreservedInsect"},{"floor":23.0,"key":"Strawberry"},{"floor":25.0,"key":"Ornamental Fan"},{"floor":26.0,"key":"WingedGreaves"},{"floor":28.0,"key":"Whetstone"},{"floor":30.0,"key":"The Specimen"}],"event_choices":[{"damage_healed":0.0,"max_hp_gain":0.0,"max_hp_loss":0.0,"gold_gain":0.0,"event_name":"Shining Light","player_choice":"Entered Light","floor":2.0,"gold_loss":0.0,"damage_taken":14.0,"cards_upgraded":["Flying Knee","Defend_G"]},{"damage_healed":0.0,"max_hp_gain":0.0,"max_hp_loss":0.0,"gold_gain":0.0,"cards_transformed":["Strike_G"],"event_name":"Transmorgrifier","player_choice":"Transformed","floor":3.0,"gold_loss":0.0,"damage_taken":0.0,"cards_obtained":["Bouncing Flask"]},{"damage_healed":0.0,"max_hp_gain":0.0,"max_hp_loss":0.0,"gold_gain":0.0,"event_name":"Living Wall","player_choice":"Grow","floor":12.0,"gold_loss":0.0,"damage_taken":0.0,"cards_upgraded":["Noxious Fumes"]}],"is_beta":false,"boss_relics":[{"not_picked":["Runic Dome","Snecko Eye"],"picked":"Velvet Choker"}],"items_purged_floors":[24],"is_endless":false,"potions_floor_spawned":[1,11,14,16,18,20,21,30,31],"killed_by":"Collector","ascension_level":12}