{"gold_per_floor":[115,190,2,20,195,226,116,130,130,144,144,157,173,204,204,301,301,315,315,5,5,19,19,47,63,63,63,95,95,195,228,228,324,324,339,339,359,231,0,34,34,52,76,94,107,133,83,83,83,83,83,83,9,9],"floor_reached":54,"playtime":6991,"items_purged":["Doubt","Strike_B","Strike_B","Defend_B"],"score":1081,"play_id":"3ed37d3d-ae53-4ab6-803b-54c93115e70d","local_time":"20190525154407","is_ascension_mode":true,"campfire_choices":[{"data":"Go for the Eyes","floor":11.0,"key":"SMITH"},{"data":"Machine Learning","floor":15.0,"key":"SMITH"},{"data":"Buffer","floor":23.0,"key":"SMITH"},{"floor":27.0,"key":"RECALL"},{"floor":32.0,"key":"REST"},{"floor":49,"key":"REST"},{"floor":52,"key":"REST"}],"neow_cost":"NONE","seed_source_timestamp":0,"circlet_count":0,"master_deck":["Defend_B+1","Defend_B+1","Zap+1","Dualcast+1","Doom and Gloom+1","BootSequence+1","Coolheaded+1","Conserve Battery+1","Loop+1","Cold Snap+1","Go for the Eyes+1","Machine Learning+1","Hologram+1","Sweeping Beam+1","Buffer+1","Fusion+1","Flame Barrier+1","Consume+1","Glacier+1","A Thousand Cuts+1","Loop+1","Shrug It Off+1","Envenom+1"],"special_seed":0,"relics":["Cracked Core","NeowsBlessing","Lantern","Gremlin Horn","Orichalcum","War Paint","Snecko Eye","Dream Catcher","PrismaticShard","Centennial Puzzle","Smiling Mask","Turnip","Singing Bowl","Meat on the Bone","Black Star","Red Mask","Matryoshka","Thread and Needle","Boot","Happy Flower","Pear","Darkstone Periapt","Mark of the Bloom"],"potions_floor_usage":[50,50],"damage_taken":[{"damage":0.0,"enemies":"Small Slimes","floor":1.0,"turns":1.0},{"damage":0.0,"enemies":"Jaw Worm","floor":4.0,"turns":1.0},{"damage":0.0,"enemies":"Lagavulin","floor":6.0,"turns":1.0},{"damage":0.0,"enemies":"2 Louse","floor":8.0,"turns":2.0},{"damage":1.0,"enemies":"Blue Slaver","floor":10.0,"turns":4.0},{"damage":0.0,"enemies":"2 Fungi Beasts","floor":12.0,"turns":3.0},{"damage":0.0,"enemies":"3 Louse","floor":13.0,"turns":3.0},{"damage":0.0,"enemies":"Gremlin Nob","floor":14.0,"turns":3.0},{"damage":21.0,"enemies":"Slime Boss","floor":16.0,"turns":11.0},{"damage":4.0,"enemies":"Shell Parasite","floor":18.0,"turns":5.0},{"damage":0.0,"enemies":"Spheric Guardian","floor":22.0,"turns":3.0},{"damage":11.0,"enemies":"Slavers","floor":24.0,"turns":5.0},{"damage":5.0,"enemies":"Cultist and Chosen","floor":25.0,"turns":6.0},{"damage":0.0,"enemies":"Book of Stabbing","floor":28.0,"turns":5.0},{"damage":9.0,"enemies":"Colosseum Slavers","floor":30.0,"turns":7.0},{"damage":24.0,"enemies":"Colosseum Nobs","floor":30.0,"turns":5.0},{"damage":10.0,"enemies":"Gremlin Leader","floor":31.0,"turns":7.0},{"damage":22.0,"enemies":"Collector","floor":33.0,"turns":11.0},{"damage":12,"enemies":"3 Shapes","floor":35,"turns":5},{"damage":4,"enemies":"3 Darklings","floor":37,"turns":6},{"damage":52,"enemies":"Giant Head","floor":40,"turns":12},{"damage":0,"enemies":"Spire Growth","floor":42,"turns":7},{"damage":9,"enemies":"4 Shapes","floor":44,"turns":7},{"damage":17,"enemies":"3 Darklings","floor":45,"turns":7},{"damage":1,"enemies":"Nemesis","floor":46,"turns":10},{"damage":42,"enemies":"Time Eater","floor":50,"turns":6},{"damage":27,"enemies":"Shield and Spear","floor":54,"turns":5}],"seed_played":"3944599441172052056","potions_obtained":[{"floor":1.0,"key":"FearPotion"},{"floor":8.0,"key":"Poison Potion"},{"floor":12.0,"key":"Energy Potion"},{"floor":16.0,"key":"Fruit Juice"},{"floor":18.0,"key":"SpeedPotion"},{"floor":30.0,"key":"Swift Potion"},{"floor":31.0,"key":"AttackPotion"},{"floor":42,"key":"FocusPotion"},{"floor":46,"key":"Swift Potion"}],"is_trial":false,"path_per_floor":["M","?","$","M","?","E","$","M","T","M","R","M","M","E","R","B",null,"M","?","$","?","M","R","E","M","T","R","E","?","?","E","R","B",null,"M","?","M","$","?","E","$","M","T","M","M","E","$","?","R","B",null,"R","$","E"],"character_chosen":"DEFECT","items_purchased":["Lantern","BootSequence","Loop","PrismaticShard","Loop","FocusPotion"],"campfire_rested":3,"item_purchase_floors":[3,3,7,20,38,53],"current_hp_per_floor":[75,64,64,64,64,64,64,64,64,63,63,63,63,63,63,47,80,76,76,76,76,76,76,65,60,60,60,60,60,29,21,48,38,86,76,78,76,76,76,36,36,50,50,55,52,61,61,61,61,19,19,19,19,0],"gold":9,"neow_bonus":"THREE_ENEMY_KILL","is_prod":false,"is_daily":false,"chose_seed":false,"campfire_upgraded":3,"win_rate":0,"timestamp":1558813447,"path_taken":["M","?","$","M","?","E","$","M","T","M","R","M","M","E","R","BOSS","M","?","$","?","M","R","E","M","T","R","E","?","?","E","R","BOSS","M","?","M","$","?","E","?","M","T","M","M","E","$","?","R","BOSS","R","$","E"],"build_version":"2019-01-23","purchased_purges":4,"victory":false,"max_hp_per_floor":[75,75,75,75,75,75,75,75,75,75,75,75,75,75,75,80,80,80,80,80,80,80,80,80,80,80,80,80,80,82,84,86,86,86,88,90,92,92,92,92,92,94,94,96,98,108,108,108,110,110,110,112,112,112],"card_choices":[{"not_picked":["Go for the Eyes","Ball Lightning"],"picked":"Doom and Gloom","floor":1.0},{"not_picked":["Blizzard","Chaos"],"picked":"Coolheaded","floor":4.0},{"not_picked":["Auto Shields","Leap"],"picked":"Conserve Battery","floor":6.0},{"not_picked":["Conserve Battery","Leap"],"picked":"Cold Snap","floor":8.0},{"not_picked":["Gash","Leap"],"picked":"Go for the Eyes","floor":10.0},{"not_picked":["Gash","Aggregate"],"picked":"Machine Learning","floor":12.0},{"not_picked":["Streamline","Blizzard"],"picked":"Hologram","floor":13.0},{"not_picked":["Tempest","Fission"],"picked":"Sweeping Beam","floor":14.0},{"not_picked":["Thunder Strike","Meteor Strike"],"picked":"Buffer","floor":16.0},{"not_picked":["Compile Driver+1","Streamline"],"picked":"Fusion","floor":18.0},{"not_picked":["Steam","Anger+1","Twin Strike"],"picked":"SKIP","floor":22.0},{"not_picked":["Barrage+1","Fission"],"picked":"Flame Barrier+1","floor":24.0},{"not_picked":["Headbutt","Skewer","Underhanded Strike+1"],"picked":"SKIP","floor":25.0},{"not_picked":["Warcry+1","Blizzard","Concentrate"],"picked":"SKIP","floor":28.0},{"not_picked":["PiercingWail+1","Escape Plan","Perfected Strike"],"picked":"Singing Bowl","floor":30.0},{"not_picked":["Melter+1","Blizzard","Clash"],"picked":"Singing Bowl","floor":31.0},{"not_picked":["Fiend Fire","Reprogram","Underhanded Strike"],"picked":"Singing Bowl","floor":32.0},{"not_picked":["Burst","Adrenaline"],"picked":"A Thousand Cuts","floor":33.0},{"not_picked":["Havoc","Body Slam","Backflip"],"picked":"Singing Bowl","floor":35},{"not_picked":["Enlightenment","Discovery","Magnetism"],"picked":"Singing Bowl","floor":36},{"not_picked":["Hello World","Steam","Body Slam"],"picked":"Singing Bowl","floor":37},{"not_picked":["Battle Trance","Dodge and Roll"],"picked":"Shrug It Off","floor":40},{"not_picked":["Beam Cell+1","PiercingWail+1","Flex"],"picked":"Singing Bowl","floor":42},{"not_picked":["Clash","Melter","Clothesline+1"],"picked":"Singing Bowl","floor":44},{"not_picked":["Doom and Gloom","Leap+1","Cloak And Dagger"],"picked":"Singing Bowl","floor":45},{"not_picked":["Thunderclap+1","Storm+1"],"picked":"Envenom","floor":46},{"not_picked":["Turbo+1","Beam Cell","Deadly Poison+1"],"picked":"Singing Bowl","floor":49},{"not_picked":["Sword Boomerang+1","Poisoned Stab+1","Thunderclap+1"],"picked":"Singing Bowl","floor":52}],"player_experience":254111,"relics_obtained":[{"floor":6.0,"key":"Gremlin Horn"},{"floor":9.0,"key":"Orichalcum"},{"floor":14.0,"key":"War Paint"},{"floor":24.0,"key":"Centennial Puzzle"},{"floor":28.0,"key":"Smiling Mask"},{"floor":30.0,"key":"Turnip"},{"floor":30.0,"key":"Singing Bowl"},{"floor":31.0,"key":"Meat on the Bone"},{"floor":40,"key":"Matryoshka"},{"floor":40,"key":"Thread and Needle"},{"floor":43,"key":"Boot"},{"floor":43,"key":"Happy Flower"},{"floor":46,"key":"Pear"},{"floor":46,"key":"Darkstone Periapt"}],"event_choices":[{"damage_healed":0.0,"max_hp_gain":0.0,"max_hp_loss":0.0,"gold_gain":75.0,"event_name":"World of Goop","player_choice":"Gather Gold","floor":2.0,"gold_loss":0.0,"damage_taken":11.0},{"damage_healed":0.0,"max_hp_gain":0.0,"max_hp_loss":0.0,"gold_gain":175.0,"event_name":"Liars Game","player_choice":"AGREE","floor":5.0,"gold_loss":0.0,"damage_taken":0.0,"cards_obtained":["Doubt"]},{"damage_healed":0.0,"max_hp_gain":0.0,"max_hp_loss":0.0,"gold_gain":0.0,"event_name":"The Mausoleum","player_choice":"Opened","floor":19.0,"gold_loss":0.0,"damage_taken":0.0,"relics_obtained":["Dream Catcher"]},{"cards_removed":["Strike_B"],"damage_healed":0.0,"max_hp_gain":0.0,"max_hp_loss":0.0,"gold_gain":0.0,"event_name":"Back to Basics","player_choice":"Elegance","floor":21.0,"gold_loss":0.0,"damage_taken":0.0},{"damage_healed":0.0,"max_hp_gain":0.0,"max_hp_loss":0.0,"gold_gain":0.0,"cards_transformed":["Strike_B","Defend_B"],"event_name":"Drug Dealer","player_choice":"Became Test Subject","floor":29.0,"gold_loss":0.0,"damage_taken":0.0,"cards_obtained":["Consume","Glacier"]},{"damage_healed":0.0,"max_hp_gain":0.0,"max_hp_loss":0.0,"gold_gain":0.0,"event_name":"Colosseum","player_choice":"Fight","floor":30.0,"gold_loss":0.0,"damage_taken":0.0},{"damage_healed":0.0,"max_hp_gain":0.0,"max_hp_loss":0.0,"gold_gain":0.0,"event_name":"Colosseum","player_choice":"Fought Nobs","floor":30.0,"gold_loss":0.0,"damage_taken":0.0},{"damage_healed":0,"gold_gain":0,"player_choice":"Memory 1","damage_taken":0,"max_hp_gain":0,"max_hp_loss":0,"event_name":"SensoryStone","floor":36,"gold_loss":0},{"damage_healed":0,"gold_gain":0,"player_choice":"Paid","damage_taken":0,"relics_obtained":["Red Mask"],"max_hp_gain":0,"max_hp_loss":0,"event_name":"Tomb of Lord Red Mask","floor":39,"gold_loss":231},{"damage_healed":0,"gold_gain":0,"player_choice":"Upgrade","damage_taken":0,"relics_obtained":["Mark of the Bloom"],"max_hp_gain":0,"max_hp_loss":0,"event_name":"MindBloom","floor":48,"gold_loss":0,"cards_upgraded":["Defend_B","Dualcast","Doom and Gloom","BootSequence","Coolheaded","Conserve Battery","Loop","Cold Snap","Hologram","Sweeping Beam","Fusion","Consume","Glacier","A Thousand Cuts","Loop","Shrug It Off","Envenom"]}],"is_beta":false,"boss_relics":[{"not_picked":["Orrery","Cursed Key"],"picked":"Snecko Eye"},{"not_picked":["Tiny House","Coffee Dripper"],"picked":"Black Star"}],"items_purged_floors":[7,20,38,47],"is_endless":false,"potions_floor_spawned":[1,8,12,16,18,30,31,42,46],"killed_by":"Shield and Spear","ascension_level":4}