{"gold_per_floor":[119,294,23,23,38,65,65,65,65,98,47,81,81,91,91,186,186,199,199,218,317,232,261,272,301,377,34,68,88,88,178,178,282,282,292,111,127,140,28,28,56,56,83,83,98,38,52,65,65,65],"floor_reached":50,"playtime":8032,"items_purged":["Doubt","Decay"],"score":1084,"play_id":"97da9a1f-ec39-4884-8285-e5e9e1d00c8e","local_time":"20190601194543","is_ascension_mode":true,"campfire_choices":[{"data":"Skewer","floor":7.0,"key":"SMITH"},{"floor":13.0,"key":"REST"},{"data":"Catalyst","floor":15.0,"key":"SMITH"},{"data":"After Image","floor":30.0,"key":"SMITH"},{"data":"Deadly Poison","floor":32.0,"key":"SMITH"},{"data":"Footwork","floor":40.0,"key":"SMITH"},{"data":"Leg Sweep","floor":42.0,"key":"SMITH"},{"floor":44,"key":"REST"},{"floor":49,"key":"REST"}],"neow_cost":"NONE","seed_source_timestamp":1172143442620052,"circlet_count":0,"master_deck":["AscendersBane","Defend_G+1","Defend_G+1","Defend_G","Defend_G","Defend_G","Strike_G","Strike_G","Strike_G","Strike_G","Survivor","Neutralize","Deadly Poison+1","Mayhem","Skewer+1","Injury","Catalyst+1","Leg Sweep","After Image+1","Leg Sweep+1","PiercingWail+1","Doppelganger+1","Leg Sweep+1","Envenom","Storm of Steel+1","Footwork+1","Night Terror+1","Regret","Dash+1","Leg Sweep+1"],"special_seed":0,"relics":["Cursed Key","Dodecahedron","Anchor","Vajra","Sundial","Bag of Marbles","Snecko Eye","The Courier","Toxic Egg 2","War Paint","Gremlin Horn","Bottled Tornado","Centennial Puzzle","Runic Dome","Happy Flower","The Specimen"],"potions_floor_usage":[],"damage_taken":[{"damage":0.0,"enemies":"2 Louse","floor":1.0,"turns":3.0},{"damage":5.0,"enemies":"Jaw Worm","floor":5.0,"turns":4.0},{"damage":27.0,"enemies":"Gremlin Nob","floor":6.0,"turns":5.0},{"damage":12.0,"enemies":"3 Sentries","floor":10.0,"turns":8.0},{"damage":0.0,"enemies":"Gremlin Nob","floor":12.0,"turns":2.0},{"damage":0.0,"enemies":"Small Slimes","floor":14.0,"turns":3.0},{"damage":15.0,"enemies":"The Guardian","floor":16.0,"turns":8.0},{"damage":0.0,"enemies":"Shell Parasite","floor":18.0,"turns":3.0},{"damage":0.0,"enemies":"2 Thieves","floor":20.0,"turns":4.0},{"damage":0.0,"enemies":"Gremlin Leader","floor":23.0,"turns":6.0},{"damage":0.0,"enemies":"Snake Plant","floor":24.0,"turns":4.0},{"damage":7.0,"enemies":"Book of Stabbing","floor":25.0,"turns":6.0},{"damage":1.0,"enemies":"Slavers","floor":28.0,"turns":6.0},{"damage":0.0,"enemies":"Centurion and Healer","floor":29.0,"turns":5.0},{"damage":36.0,"enemies":"Champ","floor":33.0,"turns":10.0},{"damage":4.0,"enemies":"3 Shapes","floor":35.0,"turns":6.0},{"damage":0.0,"enemies":"3 Darklings","floor":37.0,"turns":4.0},{"damage":9.0,"enemies":"Spire Growth","floor":38.0,"turns":5.0},{"damage":0.0,"enemies":"Giant Head","floor":41.0,"turns":10.0},{"damage":21,"enemies":"Sphere and 2 Shapes","floor":45,"turns":8},{"damage":44,"enemies":"4 Shapes","floor":47,"turns":8},{"damage":7,"enemies":"Transient","floor":48,"turns":5},{"damage":25,"enemies":"Time Eater","floor":50,"turns":8}],"seed_played":"-7296266862137359396","potions_obtained":[{"floor":10.0,"key":"Weak Potion"},{"floor":14.0,"key":"Poison Potion"},{"floor":19.0,"key":"SteroidPotion"},{"floor":19.0,"key":"SneckoOil"},{"floor":20.0,"key":"SkillPotion"},{"floor":24.0,"key":"Ancient Potion"},{"floor":25.0,"key":"Energy Potion"},{"floor":29.0,"key":"Fruit Juice"},{"floor":38.0,"key":"GhostInAJar"},{"floor":41.0,"key":"GhostInAJar"}],"is_trial":false,"path_per_floor":["M","?","$","?","M","E","R","?","T","E","$","E","R","M","R","B",null,"M","?","M","?","?","E","M","E","T","$","E","M","R","?","R","B",null,"M","$","M","M","$","R","E","R","T","R","M","?","M","M","R","B"],"character_chosen":"THE_SILENT","items_purchased":["Mayhem","Energy Potion","Bottled Tornado","Leg Sweep+1","Footwork","Happy Flower","Night Terror+1"],"campfire_rested":3,"item_purchase_floors":[3,11,27,27,36,36,39],"current_hp_per_floor":[63,63,63,68,63,36,36,24,24,12,12,12,34,34,34,19,61,61,61,61,61,61,61,61,54,54,54,53,53,58,42,42,6,62,58,58,58,49,49,49,49,49,49,73,52,52,8,1,25,0],"gold":65,"neow_bonus":"BOSS_RELIC","is_prod":false,"is_daily":false,"chose_seed":false,"campfire_upgraded":6,"win_rate":0,"timestamp":1559398543,"path_taken":["M","?","$","?","M","E","R","?","T","E","$","E","R","M","R","BOSS","M","?","?","?","?","E","M","E","T","$","E","M","R","?","R","BOSS","M","$","?","M","$","R","E","R","T","R","M","?","?","?","R","BOSS"],"build_version":"2019-01-23","purchased_purges":2,"victory":false,"max_hp_per_floor":[70,70,70,75,75,75,75,75,75,75,75,75,75,75,75,75,75,75,75,75,75,75,75,75,75,75,75,75,75,80,80,80,80,80,80,80,80,80,80,80,80,80,80,80,80,80,80,80,80,80],"card_choices":[{"not_picked":["Bane","Acrobatics"],"picked":"Deadly Poison","floor":1.0},{"not_picked":["Backflip","Prepared","Outmaneuver"],"picked":"SKIP","floor":5.0},{"not_picked":["Night Terror","Infinite Blades"],"picked":"Skewer","floor":6.0},{"not_picked":["Dagger Throw","Poisoned Stab"],"picked":"Catalyst","floor":10.0},{"not_picked":["Deflect","Bane","Outmaneuver"],"picked":"SKIP","floor":12.0},{"not_picked":["Outmaneuver","Sucker Punch"],"picked":"Leg Sweep","floor":14.0},{"not_picked":["Malaise","Die Die Die"],"picked":"After Image","floor":16.0},{"not_picked":["Backflip","Poisoned Stab","Quick Slash"],"picked":"SKIP","floor":18.0},{"not_picked":["Underhanded Strike","Deadly Poison+1"],"picked":"Leg Sweep","floor":20.0},{"not_picked":["Flying Knee","Underhanded Strike"],"picked":"PiercingWail","floor":23.0},{"not_picked":["Terror+1","Blade Dance+1","Poisoned Stab"],"picked":"SKIP","floor":24.0},{"not_picked":["Skewer","Outmaneuver+1"],"picked":"Doppelganger+1","floor":25.0},{"not_picked":["Outmaneuver+1","Acrobatics+1"],"picked":"Envenom","floor":28.0},{"not_picked":["Slice","Outmaneuver+1","Quick Slash+1"],"picked":"SKIP","floor":29.0},{"not_picked":["After Image","Envenom"],"picked":"Storm of Steel+1","floor":33.0},{"not_picked":["Sucker Punch","Dagger Throw","Bane"],"picked":"SKIP","floor":35.0},{"not_picked":["Escape Plan+1","PiercingWail+1","Poisoned Stab"],"picked":"SKIP","floor":37.0},{"not_picked":["Outmaneuver+1","All Out Attack","Deadly Poison+1"],"picked":"SKIP","floor":38.0},{"not_picked":["Accuracy","Backflip+1","Setup+1"],"picked":"SKIP","floor":41.0},{"not_picked":["Quick Slash","Setup+1","Infinite Blades+1"],"picked":"SKIP","floor":45},{"not_picked":["Endless Agony","Acrobatics+1"],"picked":"Dash+1","floor":47},{"not_picked":["Outmaneuver+1","PiercingWail+1"],"picked":"Leg Sweep+1","floor":48}],"player_experience":1060140,"relics_obtained":[{"floor":6.0,"key":"Dodecahedron"},{"floor":9.0,"key":"Vajra"},{"floor":10.0,"key":"Sundial"},{"floor":12.0,"key":"Bag of Marbles"},{"floor":23.0,"key":"Toxic Egg 2"},{"floor":25.0,"key":"War Paint"},{"floor":26.0,"key":"Gremlin Horn"},{"floor":28.0,"key":"Centennial Puzzle"},{"floor":41.0,"key":"The Specimen"}],"event_choices":[{"damage_healed":0.0,"max_hp_gain":0.0,"max_hp_loss":0.0,"gold_gain":175.0,"event_name":"Liars Game","player_choice":"AGREE","floor":2.0,"gold_loss":0.0,"damage_taken":0.0,"cards_obtained":["Doubt"]},{"damage_healed":0.0,"max_hp_gain":5.0,"max_hp_loss":0.0,"gold_gain":0.0,"event_name":"Big Fish","player_choice":"Donut","floor":4.0,"gold_loss":0.0,"damage_taken":0.0},{"damage_healed":0.0,"max_hp_gain":0.0,"max_hp_loss":0.0,"gold_gain":0.0,"event_name":"Scrap Ooze","player_choice":"Success","floor":8.0,"gold_loss":0.0,"damage_taken":12.0,"relics_obtained":["Anchor"]},{"damage_healed":0.0,"max_hp_gain":0.0,"max_hp_loss":0.0,"gold_gain":0.0,"event_name":"Lab","player_choice":"Got Potions","floor":19.0,"gold_loss":0.0,"damage_taken":0.0},{"damage_healed":0.0,"max_hp_gain":0.0,"max_hp_loss":0.0,"gold_gain":99.0,"event_name":"Nest","player_choice":"Stole From Cult","floor":21.0,"gold_loss":0.0,"damage_taken":0.0},{"damage_healed":0.0,"max_hp_gain":0.0,"max_hp_loss":0.0,"gold_gain":0.0,"event_name":"Addict","player_choice":"Obtained Relic","floor":22.0,"gold_loss":85.0,"damage_taken":0.0,"relics_obtained":["The Courier"]},{"damage_healed":0.0,"max_hp_gain":0.0,"max_hp_loss":0.0,"gold_gain":90.0,"event_name":"Knowing Skull","player_choice":"GOLD ","floor":31.0,"potions_obtained":[],"gold_loss":0.0,"damage_taken":16.0,"cards_obtained":[]},{"cards_removed":["Strike_G"],"damage_healed":0,"gold_gain":0,"player_choice":"Single Remove","damage_taken":0,"max_hp_gain":0,"max_hp_loss":0,"event_name":"Designer","floor":46,"gold_loss":60}],"is_beta":false,"boss_relics":[{"not_picked":["Eternal Feather","Empty Cage"],"picked":"Snecko Eye"},{"not_picked":["Black Star","Astrolabe"],"picked":"Runic Dome"}],"items_purged_floors":[3,27],"is_endless":false,"potions_floor_spawned":[10,14,20,24,25,29,38,41,48],"killed_by":"Time Eater","ascension_level":12}