{"gold_per_floor":[110,110,31,49,59,59,76,76,76,91,102,119,119,147,147,251,251,268,287,2,15,33,33,66,82,82,82],"floor_reached":27,"playtime":1973,"items_purged":[],"score":239,"play_id":"23bfbf46-c771-4f52-a228-0b519ce86c1c","local_time":"20190421194635","is_ascension_mode":false,"campfire_choices":[{"data":"Amplify","floor":6.0,"key":"SMITH"},{"data":"White Noise","floor":8.0,"key":"SMITH"},{"data":"Echo Form","floor":13.0,"key":"SMITH"},{"floor":15.0,"key":"REST"},{"floor":23,"key":"REST"}],"neow_cost":"NONE","seed_source_timestamp":0,"circlet_count":0,"master_deck":["Strike_B","Strike_B","Strike_B","Strike_B","Defend_B","Defend_B","Defend_B","Defend_B","Zap","Dualcast","White Noise+1","Doom and Gloom","Amplify+1","Lockon","Self Repair","Coolheaded","Conserve Battery","Cold Snap","Force Field","Echo Form+1","Defragment","Loop","Meteor Strike+1","Storm","Auto Shields+1","Apotheosis","White Noise","Auto Shields","Conserve Battery","Conserve Battery","Normality"],"special_seed":0,"relics":["Cracked Core","Molten Egg 2","Shovel","Cursed Key","Vajra","Prayer Wheel"],"potions_floor_usage":[21,22,22,24,27],"damage_taken":[{"damage":5.0,"enemies":"Jaw Worm","floor":1.0,"turns":4.0},{"damage":5.0,"enemies":"Cultist","floor":4.0,"turns":4.0},{"damage":3.0,"enemies":"Small Slimes","floor":5.0,"turns":4.0},{"damage":6.0,"enemies":"Red Slaver","floor":7.0,"turns":5.0},{"damage":5.0,"enemies":"Looter","floor":10.0,"turns":3.0},{"damage":6.0,"enemies":"3 Louse","floor":11.0,"turns":4.0},{"damage":6.0,"enemies":"2 Fungi Beasts","floor":12.0,"turns":3.0},{"damage":35.0,"enemies":"Gremlin Nob","floor":14.0,"turns":5.0},{"damage":42.0,"enemies":"The Guardian","floor":16.0,"turns":10.0},{"damage":16.0,"enemies":"Shell Parasite","floor":18.0,"turns":8.0},{"damage":40.0,"enemies":"2 Thieves","floor":19.0,"turns":4.0},{"damage":4,"enemies":"Cultist and Chosen","floor":21,"turns":6},{"damage":4,"enemies":"Snake Plant","floor":22,"turns":5},{"damage":22,"enemies":"Slavers","floor":24,"turns":3},{"damage":37,"enemies":"Shelled Parasite and Fungi","floor":25,"turns":3},{"damage":25,"enemies":"Colosseum Slavers","floor":27,"turns":1}],"seed_played":"7225379580512068667","potions_obtained":[{"floor":4.0,"key":"Block Potion"},{"floor":10.0,"key":"GamblersBrew"},{"floor":11.0,"key":"Regen Potion"},{"floor":16.0,"key":"Fire Potion"},{"floor":21,"key":"SkillPotion"},{"floor":22,"key":"Explosive Potion"},{"floor":25,"key":"LiquidBronze"}],"is_trial":false,"path_per_floor":["?","?"],"character_chosen":"DEFECT","items_purchased":["Self Repair","Apotheosis","White Noise","Auto Shields"],"campfire_rested":2,"item_purchase_floors":[3,20,20,20],"current_hp_per_floor":[70,70,70,72,75,75,75,75,75,70,71,65,65,44,66,46,75,73,40,40,36,39,61,39,16,16,0],"gold":82,"neow_bonus":"THREE_CARDS","is_prod":false,"is_daily":false,"chose_seed":false,"campfire_upgraded":3,"win_rate":0,"timestamp":1555890395,"path_taken":["M","?","$","M","M","R","M","R","T","M","M","M","R","E","R","BOSS","M","M","$","M","M","R","E","M","T","?"],"build_version":"2019-01-23","purchased_purges":0,"victory":false,"max_hp_per_floor":[75,75,75,75,75,75,75,75,75,75,75,75,75,75,75,75,75,75,75,75,75,75,75,75,75,75,75],"card_choices":[{"not_picked":["Compile Driver","Lockon"],"picked":"White Noise","floor":0.0},{"not_picked":["Hologram","White Noise"],"picked":"Doom and Gloom","floor":1.0},{"not_picked":["Hologram","Stack"],"picked":"Coolheaded","floor":4.0},{"not_picked":["Compile Driver","Hologram"],"picked":"Conserve Battery","floor":5.0},{"not_picked":["Sunder","Ball Lightning"],"picked":"Cold Snap","floor":7.0},{"not_picked":["Rebound+1","Steam Power"],"picked":"Force Field","floor":10.0},{"not_picked":["Steam Power","Fusion"],"picked":"Echo Form","floor":11.0},{"not_picked":["Steam","Reprogram"],"picked":"Defragment","floor":12.0},{"not_picked":["Gash+1","Cold Snap+1"],"picked":"Loop","floor":14.0},{"not_picked":["Seek","All For One+1"],"picked":"Meteor Strike+1","floor":16.0},{"not_picked":["Genetic Algorithm","Static Discharge+1"],"picked":"Storm","floor":18.0},{"not_picked":["Leap","Go for the Eyes+1"],"picked":"Auto Shields+1","floor":19.0},{"not_picked":["Coolheaded","Rebound+1","Hologram"],"picked":"SKIP","floor":21},{"not_picked":["Melter+1","Go for the Eyes+1"],"picked":"Conserve Battery","floor":22},{"not_picked":["Rebound+1","Hyperbeam+1","Reprogram"],"picked":"SKIP","floor":24},{"not_picked":["Gash+1","Ball Lightning+1"],"picked":"Conserve Battery","floor":25}],"player_experience":398757,"relics_obtained":[{"floor":9.0,"key":"Molten Egg 2"},{"floor":14.0,"key":"Shovel"},{"floor":24,"key":"Vajra"},{"floor":26,"key":"Prayer Wheel"}],"event_choices":[{"damage_healed":0.0,"max_hp_gain":0.0,"max_hp_loss":0.0,"gold_gain":0.0,"event_name":"Match and Keep!","player_choice":"2 cards matched","floor":2.0,"gold_loss":0.0,"damage_taken":0.0,"cards_obtained":["Amplify","Lockon"]},{"damage_healed":0,"gold_gain":0,"player_choice":"Fight","damage_taken":0,"max_hp_gain":0,"max_hp_loss":0,"event_name":"Colosseum","floor":27,"gold_loss":0}],"is_beta":false,"boss_relics":[{"not_picked":["Astrolabe","Velvet Choker"],"picked":"Cursed Key"}],"items_purged_floors":[],"is_endless":false,"potions_floor_spawned":[4,10,11,16,21,22,25],"killed_by":"Colosseum Slavers","ascension_level":0}