{"gold_per_floor":[218,143,43,53,71,105,105,123,176,176,276,53,53,78,78,182,182,195,4,4,103,123,123,141,141,190,190,220,13,41,60,60,158,158,169,169,169],"floor_reached":37,"playtime":5245,"items_purged":["Strike_G","Strike_G","Defend_G"],"score":454,"play_id":"56d2f3c4-8674-4a7c-99b6-1ec1df889cf6","local_time":"20181211011334","is_ascension_mode":true,"campfire_choices":[{"data":"Neutralize","floor":7,"key":"SMITH"},{"data":"Footwork","floor":10,"key":"SMITH"},{"floor":13,"key":"REST"},{"floor":15,"key":"REST"},{"data":"Tools of the Trade","floor":23,"key":"SMITH"},{"data":"Well Laid Plans","floor":25,"key":"SMITH"},{"floor":32,"key":"REST"}],"neow_cost":"NONE","seed_source_timestamp":2816081433736662,"circlet_count":0,"master_deck":["Defend_G","Defend_G+1","Defend_G+1","Defend_G","Strike_G","Strike_G","Strike_G","Survivor","Neutralize+1","Cloak And Dagger","Footwork+1","Blade Dance+1","Well Laid Plans+1","Corpse Explosion+1","Noxious Fumes","Dodge and Roll+1","Tools of the Trade+1","PiercingWail+1","Blur+1","Reflex+1","Envenom","Accuracy","Blur+1","A Thousand Cuts","Dodge and Roll+1"],"relics":["Ring of the Serpent","Toxic Egg 2","Vajra","TwistedFunnel","Boot","Nloth\u0027s Gift","Ornamental Fan","Incense Burner","WristBlade"],"potions_floor_usage":[6,33,35,37,37,37,37,37],"damage_taken":[{"damage":0,"enemies":"Cultist","floor":1,"turns":5},{"damage":1,"enemies":"2 Louse","floor":4,"turns":3},{"damage":0,"enemies":"Jaw Worm","floor":5,"turns":4},{"damage":48,"enemies":"Gremlin Nob","floor":6,"turns":7},{"damage":2,"enemies":"Looter","floor":8,"turns":5},{"damage":18,"enemies":"3 Sentries","floor":14,"turns":3},{"damage":5,"enemies":"The Guardian","floor":16,"turns":12},{"damage":1,"enemies":"Shell Parasite","floor":18,"turns":7},{"damage":0,"enemies":"3 Byrds","floor":22,"turns":3},{"damage":0,"enemies":"3 Cultists","floor":24,"turns":3},{"damage":12,"enemies":"Book of Stabbing","floor":28,"turns":9},{"damage":22,"enemies":"Slavers","floor":30,"turns":3},{"damage":6,"enemies":"Cultist and Chosen","floor":31,"turns":7},{"damage":37,"enemies":"Collector","floor":33,"turns":11},{"damage":1,"enemies":"3 Darklings","floor":35,"turns":5},{"damage":71,"enemies":"2 Orb Walkers","floor":37,"turns":5}],"seed_played":"-2086458750104516740","potions_obtained":[{"floor":1,"key":"Explosive Potion"},{"floor":8,"key":"FearPotion"},{"floor":22,"key":"EntropicBrew"},{"floor":31,"key":"SkillPotion"},{"floor":33,"key":"Energy Potion"},{"floor":35,"key":"PowerPotion"}],"is_trial":false,"path_per_floor":["M","$","$","M","M","E","R","M","T","R","?","$","R","E","R","B",null,"M","$","?","?","M","R","M","R","T","?","E","$","E","M","R","B",null,"M","?","?"],"character_chosen":"THE_SILENT","items_purchased":["Corpse Explosion+1","Noxious Fumes","TwistedFunnel","Accuracy"],"campfire_rested":3,"item_purchase_floors":[12,12,19,29],"current_hp_per_floor":[70,70,70,69,69,21,21,19,19,19,19,19,40,22,43,38,70,69,69,69,69,69,69,69,69,69,69,57,57,35,29,50,13,70,69,69,0],"gold":169,"neow_bonus":"HUNDRED_GOLD","is_prod":false,"is_daily":false,"chose_seed":false,"campfire_upgraded":4,"win_rate":0,"timestamp":1544508814,"path_taken":["M","?","$","M","M","E","R","M","T","R","?","$","R","E","R","BOSS","M","$","?","?","M","R","M","R","T","?","E","$","E","M","R","BOSS","M","?","?"],"build_version":"2018-12-06","purchased_purges":3,"victory":false,"max_hp_per_floor":[70,70,70,70,70,70,70,70,70,70,70,70,70,70,70,70,70,70,70,70,70,70,70,70,70,70,70,70,70,70,70,70,70,70,70,70,70],"card_choices":[{"not_picked":["Prepared","Poisoned Stab"],"picked":"Dagger Spray","floor":1},{"not_picked":["PiercingWail","Slice"],"picked":"Cloak And Dagger","floor":4},{"not_picked":["Bane","Blade Dance"],"picked":"Footwork","floor":5},{"not_picked":["Deflect","Prepared"],"picked":"Blade Dance","floor":6},{"not_picked":["Acrobatics+1","Underhanded Strike"],"picked":"Well Laid Plans","floor":8},{"not_picked":["Calculated Gamble+1","Bane"],"picked":"Dodge and Roll+1","floor":14},{"not_picked":["Doppelganger+1","Glass Knife"],"picked":"Tools of the Trade","floor":16},{"not_picked":["Poisoned Stab+1","Expertise+1"],"picked":"PiercingWail+1","floor":18},{"not_picked":["Distraction+1","Cloak And Dagger+1"],"picked":"Blur+1","floor":22},{"not_picked":["Bane","Skewer"],"picked":"Reflex+1","floor":24},{"not_picked":["Glass Knife","Bullet Time+1"],"picked":"Envenom","floor":28},{"not_picked":["Wraith Form v2","Choke","Phantasmal Killer+1"],"picked":"SKIP","floor":30},{"not_picked":["Wraith Form v2","Choke","Phantasmal Killer+1"],"picked":"SKIP","floor":30},{"not_picked":["Catalyst+1","Cloak And Dagger+1"],"picked":"Blur+1","floor":31},{"not_picked":["Storm of Steel+1","Envenom"],"picked":"A Thousand Cuts","floor":33},{"not_picked":["Outmaneuver+1","Poisoned Stab+1"],"picked":"Dodge and Roll+1","floor":35}],"player_experience":191265,"relics_obtained":[{"floor":6,"key":"Toxic Egg 2"},{"floor":9,"key":"Vajra"},{"floor":14,"key":"War Paint"},{"floor":26,"key":"Boot"},{"floor":28,"key":"Ornamental Fan"},{"floor":30,"key":"Incense Burner"}],"event_choices":[{"damage_healed":0,"gold_gain":100,"player_choice":"Pray","damage_taken":0,"max_hp_gain":0,"max_hp_loss":0,"event_name":"Golden Shrine","floor":11,"gold_loss":0},{"damage_healed":0,"gold_gain":0,"player_choice":"Ignored","damage_taken":0,"max_hp_gain":0,"max_hp_loss":0,"event_name":"Ghosts","floor":20,"gold_loss":0},{"damage_healed":0,"gold_gain":99,"player_choice":"Stole From Cult","damage_taken":0,"max_hp_gain":0,"max_hp_loss":0,"event_name":"Nest","floor":21,"gold_loss":0},{"damage_healed":0,"gold_gain":0,"player_choice":"Traded Relic","damage_taken":0,"relics_obtained":["Nloth\u0027s Gift"],"max_hp_gain":0,"max_hp_loss":0,"event_name":"N\u0027loth","floor":27,"relics_lost":["War Paint"],"gold_loss":0},{"cards_removed":["Dagger Spray"],"damage_healed":0,"gold_gain":0,"player_choice":"Removed Attack","damage_taken":0,"max_hp_gain":0,"max_hp_loss":0,"event_name":"Falling","floor":36,"gold_loss":0},{"damage_healed":0,"gold_gain":0,"player_choice":"Fight","damage_taken":0,"max_hp_gain":0,"max_hp_loss":0,"event_name":"Mysterious Sphere","floor":37,"gold_loss":0}],"is_beta":false,"boss_relics":[{"not_picked":["Snecko Eye","Philosopher\u0027s Stone"],"picked":"Ring of the Serpent"},{"not_picked":["Busted Crown","Runic Dome"],"picked":"WristBlade"}],"items_purged_floors":[2,3,29],"is_endless":false,"potions_floor_spawned":[1,8,22,31,33,35],"killed_by":"2 Orb Walkers","ascension_level":2}