{"gold_per_floor":[113,123,123,123,139,171,171,189,189],"floor_reached":9,"playtime":512,"items_purged":[],"score":63,"play_id":"b137e567-a1de-4d2c-9966-9c63fe96bd92","local_time":"20190105221530","is_ascension_mode":false,"campfire_choices":[{"floor":7,"key":"REST"}],"neow_cost":"NONE","seed_source_timestamp":620635030928929,"circlet_count":0,"master_deck":["Strike_B","Strike_B","Strike_B","Strike_B","Defend_B+1","Defend_B","Defend_B","Defend_B","Zap","Dualcast+1","Gash+1","Cold Snap","Redo","Thunder Strike+1","Genetic Algorithm"],"relics":["Cracked Core","Molten Egg 2","Sundial"],"potions_floor_usage":[],"damage_taken":[{"damage":8,"enemies":"2 Louse","floor":1,"turns":2},{"damage":6,"enemies":"Jaw Worm","floor":2,"turns":3},{"damage":0,"enemies":"Cultist","floor":5,"turns":2},{"damage":45,"enemies":"Lagavulin","floor":6,"turns":7},{"damage":13,"enemies":"Lots of Slimes","floor":8,"turns":3}],"seed_played":"-7503602681322968812","potions_obtained":[{"floor":2,"key":"Strength Potion"},{"floor":5,"key":"EssenceOfSteel"}],"is_trial":false,"path_per_floor":["M","M","?","?","M","E","R","M","T"],"character_chosen":"DEFECT","items_purchased":[],"campfire_rested":1,"item_purchase_floors":[],"current_hp_per_floor":[74,68,52,52,52,7,31,18,18],"gold":189,"neow_bonus":"TEN_PERCENT_HP_BONUS","is_prod":false,"is_daily":false,"chose_seed":false,"campfire_upgraded":0,"win_rate":0.0,"timestamp":1546748130,"path_taken":["M","M","?","?","M","E","R","M","T"],"build_version":"2019-01-03v4","purchased_purges":0,"victory":false,"max_hp_per_floor":[82,82,82,82,82,82,82,82,82],"card_choices":[{"not_picked":["Chill","Turbo"],"picked":"Gash","floor":1},{"not_picked":["Force Field","Steam"],"picked":"Cold Snap","floor":2},{"not_picked":["Beam Cell","Barrage"],"picked":"Redo","floor":5},{"not_picked":["Go for the Eyes","Chill"],"picked":"Thunder Strike","floor":6},{"not_picked":["Undo","Sweeping Beam+1"],"picked":"Genetic Algorithm","floor":8}],"player_experience":20903,"relics_obtained":[{"floor":6,"key":"Molten Egg 2"},{"floor":9,"key":"Sundial"}],"event_choices":[{"damage_healed":0,"gold_gain":0,"player_choice":"Entered Light","damage_taken":16,"max_hp_gain":0,"max_hp_loss":0,"event_name":"Shining Light","floor":3,"gold_loss":0,"cards_upgraded":["Defend_B","Dualcast"]},{"damage_healed":0,"gold_gain":0,"player_choice":"Forge","damage_taken":0,"max_hp_gain":0,"max_hp_loss":0,"event_name":"Accursed Blacksmith","floor":4,"gold_loss":0,"cards_upgraded":["Gash"]}],"is_beta":false,"boss_relics":[],"items_purged_floors":[],"is_endless":false,"potions_floor_spawned":[2,5,8],"ascension_level":0}