{"gold_per_floor":[111,111,121,196,35,67,67,97,121,121,140,140,90,101,101,197,197,210,237,237,256,272,272,299,299],"floor_reached":25,"playtime":800,"items_purged":[],"score":298,"play_id":"1c42160f-d093-4363-ae3a-128410f3a6d4","local_time":"20190604132232","is_ascension_mode":true,"campfire_choices":[{"data":"Sunder","floor":10.0,"key":"SMITH"},{"data":"Trip","floor":12.0,"key":"SMITH"},{"data":"Loop","floor":15.0,"key":"SMITH"},{"data":"Glacier","floor":23,"key":"SMITH"}],"neow_cost":"TEN_PERCENT_HP_LOSS","seed_source_timestamp":9406244793059,"circlet_count":0,"master_deck":["Strike_B","Strike_B","Defend_B","Defend_B","Zap","Dualcast","Glacier+1","Sunder+1","Trip+1","Loop+1","Meteor Strike+1","Sweeping Beam+1","BootSequence","Rebound+1","Double Energy"],"special_seed":0,"relics":["Cracked Core","Lantern","Mummified Hand","Molten Egg 2","Smiling Mask","Sozu","Red Mask","Symbiotic Virus","keyreminder:keyreminder"],"potions_floor_usage":[],"damage_taken":[{"damage":12.0,"enemies":"Small Slimes","floor":1.0,"turns":2.0},{"damage":0.0,"enemies":"Jaw Worm","floor":3.0,"turns":3.0},{"damage":8.0,"enemies":"Gremlin Nob","floor":6.0,"turns":4.0},{"damage":5.0,"enemies":"3 Sentries","floor":8.0,"turns":6.0},{"damage":0.0,"enemies":"2 Louse","floor":11.0,"turns":2.0},{"damage":4.0,"enemies":"Blue Slaver","floor":14.0,"turns":3.0},{"damage":16.0,"enemies":"Slime Boss","floor":16.0,"turns":9.0},{"damage":12.0,"enemies":"Chosen","floor":18.0,"turns":2.0},{"damage":0.0,"enemies":"Masked Bandits","floor":19.0,"turns":2.0},{"damage":1.0,"enemies":"3 Byrds","floor":21.0,"turns":4.0},{"damage":3,"enemies":"Cultist and Chosen","floor":22,"turns":3},{"damage":25,"enemies":"Slavers","floor":24,"turns":7},{"damage":18,"enemies":"Centurion and Healer","floor":25,"turns":3}],"seed_played":"-8737159103803918764","potions_obtained":[{"floor":3.0,"key":"Explosive Potion"},{"floor":6.0,"key":"LiquidBronze"},{"floor":8.0,"key":"GamblersBrew"},{"floor":16.0,"key":"SmokeBomb"}],"is_trial":false,"path_per_floor":["M","?","M","?","$","E","?","E","T","R","M","R","?","M","R","B",null,"M","?","?","M","M","R","E","M"],"character_chosen":"DEFECT","items_purchased":["Sunder","Trip"],"campfire_rested":0,"item_purchase_floors":[5,5],"current_hp_per_floor":[56,44,44,33,33,25,47,42,42,42,42,42,42,38,38,22,57,45,45,45,44,41,41,16,0],"gold":299,"neow_bonus":"REMOVE_TWO","is_prod":false,"is_daily":false,"chose_seed":false,"campfire_upgraded":4,"win_rate":0,"timestamp":1559647352,"path_taken":["M","?","M","?","?","E","?","E","T","R","M","R","?","M","R","BOSS","M","?","?","?","M","R","E","M"],"build_version":"2019-01-23","purchased_purges":0,"victory":false,"max_hp_per_floor":[68,68,68,68,68,68,68,68,68,68,68,68,68,68,68,68,68,68,68,68,68,68,68,68,68],"card_choices":[{"not_picked":["Rebound","Double Energy","Tempest"],"picked":"SKIP","floor":1.0},{"not_picked":["Ball Lightning","Redo"],"picked":"Glacier","floor":3.0},{"not_picked":["Chill","Go for the Eyes"],"picked":"Loop","floor":6.0},{"not_picked":["Redo","Heatsinks"],"picked":"Meteor Strike","floor":8.0},{"not_picked":["Scrape+1","Consume"],"picked":"Sweeping Beam+1","floor":11.0},{"not_picked":["Gash+1","Streamline+1","Ball Lightning+1"],"picked":"SKIP","floor":14.0},{"not_picked":["Leap","Sunder+1"],"picked":"BootSequence","floor":18.0},{"not_picked":["Stack","Redo","Defragment"],"picked":"SKIP","floor":21},{"not_picked":["Go for the Eyes+1","Streamline+1"],"picked":"Rebound+1","floor":22},{"not_picked":["Doom and Gloom+1","Glacier+1"],"picked":"Double Energy","floor":24}],"player_experience":117568,"relics_obtained":[{"floor":6.0,"key":"Mummified Hand"},{"floor":8.0,"key":"Molten Egg 2"},{"floor":9.0,"key":"Smiling Mask"},{"floor":19.0,"key":"Red Mask"},{"floor":24,"key":"Symbiotic Virus"}],"event_choices":[{"damage_healed":0.0,"max_hp_gain":0.0,"max_hp_loss":0.0,"gold_gain":0.0,"event_name":"Scrap Ooze","player_choice":"Success","floor":2.0,"gold_loss":0.0,"damage_taken":12.0,"relics_obtained":["Lantern"]},{"damage_healed":0.0,"max_hp_gain":0.0,"max_hp_loss":0.0,"gold_gain":75.0,"event_name":"World of Goop","player_choice":"Gather Gold","floor":4.0,"gold_loss":0.0,"damage_taken":11.0},{"damage_healed":22.0,"max_hp_gain":0.0,"max_hp_loss":0.0,"gold_gain":0.0,"event_name":"Big Fish","player_choice":"Banana","floor":7.0,"gold_loss":0.0,"damage_taken":0.0},{"cards_removed":["Strike_B"],"damage_healed":0.0,"max_hp_gain":0.0,"max_hp_loss":0.0,"gold_gain":0.0,"event_name":"The Cleric","player_choice":"Card Removal","floor":13.0,"gold_loss":50.0,"damage_taken":0.0},{"damage_healed":0.0,"max_hp_gain":0.0,"max_hp_loss":0.0,"gold_gain":0.0,"event_name":"Masked Bandits","player_choice":"Fought Bandits","floor":19.0,"gold_loss":0.0,"damage_taken":0.0},{"cards_removed":["Defend_B"],"damage_healed":0.0,"max_hp_gain":0.0,"max_hp_loss":0.0,"gold_gain":0.0,"event_name":"Wheel of Change","player_choice":"Card Removal","floor":20.0,"gold_loss":0.0,"damage_taken":0.0}],"is_beta":false,"boss_relics":[{"not_picked":["Astrolabe","Empty Cage"],"picked":"Sozu"}],"items_purged_floors":[],"is_endless":false,"potions_floor_spawned":[3,6,8,16,18,21],"killed_by":"Centurion and Healer","ascension_level":6}