{"gold_per_floor":[217,217,232,246,262,296,296,296],"floor_reached":8,"playtime":626,"items_purged":[],"score":93,"play_id":"bd7191e4-62dc-4def-8333-477981f85d5f","local_time":"20190602003829","is_ascension_mode":true,"campfire_choices":[{"data":"Neutralize","floor":7,"key":"SMITH"}],"neow_cost":"NONE","seed_source_timestamp":1198021265604580,"circlet_count":0,"master_deck":["AscendersBane","Defend_G","Defend_G","Defend_G","Defend_G","Defend_G","Strike_G","Strike_G","Strike_G","Strike_G","Survivor","Neutralize+1","Dagger Throw","Dash","Dodge and Roll","PiercingWail"],"special_seed":0,"relics":["Ring of the Snake","Art of War"],"potions_floor_usage":[6,6],"damage_taken":[{"damage":0.0,"enemies":"2 Louse","floor":1.0,"turns":4.0},{"damage":0.0,"enemies":"Jaw Worm","floor":3.0,"turns":3.0},{"damage":0.0,"enemies":"Small Slimes","floor":4.0,"turns":4.0},{"damage":1.0,"enemies":"3 Louse","floor":5.0,"turns":6.0},{"damage":42,"enemies":"Gremlin Nob","floor":6,"turns":7},{"damage":24,"enemies":"Lagavulin","floor":8,"turns":5}],"seed_played":"-6186431503582300679","potions_obtained":[{"floor":3.0,"key":"LiquidBronze"},{"floor":4.0,"key":"Block Potion"}],"is_trial":false,"path_per_floor":["M","?","M","M","M","E","R","E"],"character_chosen":"THE_SILENT","items_purchased":[],"campfire_rested":0,"item_purchase_floors":[],"current_hp_per_floor":[63,63,63,63,62,20,20,0],"gold":296,"neow_bonus":"HUNDRED_GOLD","is_prod":false,"is_daily":false,"chose_seed":false,"campfire_upgraded":1,"win_rate":0,"timestamp":1559416109,"path_taken":["M","?","M","M","M","E","R","E"],"build_version":"2019-01-23","purchased_purges":0,"victory":false,"max_hp_per_floor":[70,70,70,70,70,70,70,70],"card_choices":[{"not_picked":["Blade Dance","Heel Hook"],"picked":"Dagger Throw","floor":1.0},{"not_picked":["Backflip","Prepared"],"picked":"Dash","floor":3.0},{"not_picked":["Calculated Gamble","Flying Knee"],"picked":"Dodge and Roll","floor":4.0},{"not_picked":["Quick Slash","Sucker Punch"],"picked":"PiercingWail","floor":5.0},{"not_picked":["Expertise","Reflex","Grand Finale"],"picked":"SKIP","floor":6},{"not_picked":["Expertise","Reflex","Grand Finale"],"picked":"SKIP","floor":6}],"player_experience":1077842,"relics_obtained":[{"floor":6,"key":"Art of War"}],"event_choices":[{"cards_removed":["Strike_G"],"damage_healed":0.0,"max_hp_gain":0.0,"max_hp_loss":0.0,"gold_gain":0.0,"event_name":"Living Wall","player_choice":"Forget","floor":2.0,"gold_loss":0.0,"damage_taken":0.0}],"is_beta":false,"boss_relics":[],"items_purged_floors":[],"is_endless":false,"potions_floor_spawned":[3,4],"killed_by":"Lagavulin","ascension_level":12}