{"gold_per_floor":[113,38,38,55,75,75,109,109,109,109,9,9,21,39,39,135,135,152,169,183,201,215,215,249,249,275,275,291,305,305,337,337,433,433,450,360,370,381,396,428,428,105,105,117,135,151,151,163,163,163,163,163,44,78,78],"floor_reached":56,"playtime":4223,"items_purged":["Strike_G","Strike_G","Strike_G"],"score":1200,"play_id":"970abbc7-d7dd-454f-a0cc-a052c2c61aef","local_time":"20190501212208","is_ascension_mode":false,"campfire_choices":[{"data":"Noxious Fumes","floor":6.0,"key":"SMITH"},{"data":"Neutralize","floor":8.0,"key":"SMITH"},{"floor":12.0,"key":"DIG"},{"data":"Catalyst","floor":15.0,"key":"SMITH"},{"floor":23.0,"key":"DIG"},{"floor":25.0,"key":"DIG"},{"floor":27.0,"key":"DIG"},{"floor":32.0,"key":"DIG"},{"floor":41,"key":"RECALL"},{"floor":47,"key":"DIG"},{"floor":49,"key":"DIG"},{"floor":52,"key":"DIG"}],"neow_cost":"NONE","seed_source_timestamp":0,"circlet_count":0,"master_deck":["Defend_G","Defend_G","Defend_G","Defend_G","Defend_G","Strike_G+1","Survivor","Neutralize+1","Noxious Fumes+1","Backstab","Heel Hook","Infinite Blades","Catalyst+1","Die Die Die+1","Noxious Fumes+1","Catalyst+1","Dodge and Roll+1","Dodge and Roll+1","PiercingWail","Caltrops+1","Outmaneuver+1","Cloak And Dagger+1","Escape Plan","Deadly Poison+1","Accuracy+1","Infinite Blades","Blur"],"special_seed":0,"relics":["Ring of the Snake","NeowsBlessing","Shovel","Mercury Hourglass","Matryoshka","Coffee Dripper","Centennial Puzzle","Molten Egg 2","Pear","Whetstone","Dream Catcher","Mummified Hand","Juzu Bracelet","Snake Skull","Runic Pyramid","Oddly Smooth Stone","Lee\u0027s Waffle","Vajra","Singing Bowl","Orichalcum","Anchor","Paper Crane","Happy Flower"],"potions_floor_usage":[40,48,55,55,55],"damage_taken":[{"damage":0.0,"enemies":"Cultist","floor":1.0,"turns":1.0},{"damage":0.0,"enemies":"Jaw Worm","floor":4.0,"turns":1.0},{"damage":0.0,"enemies":"Small Slimes","floor":5.0,"turns":1.0},{"damage":5.0,"enemies":"3 Sentries","floor":7.0,"turns":7.0},{"damage":0.0,"enemies":"2 Fungi Beasts","floor":13.0,"turns":3.0},{"damage":3.0,"enemies":"Gremlin Gang","floor":14.0,"turns":4.0},{"damage":9.0,"enemies":"The Guardian","floor":16.0,"turns":10.0},{"damage":5.0,"enemies":"3 Byrds","floor":18.0,"turns":3.0},{"damage":10.0,"enemies":"Chosen","floor":19.0,"turns":5.0},{"damage":5.0,"enemies":"Snake Plant","floor":20.0,"turns":4.0},{"damage":0.0,"enemies":"3 Cultists","floor":21.0,"turns":3.0},{"damage":15.0,"enemies":"Centurion and Healer","floor":22.0,"turns":5.0},{"damage":11.0,"enemies":"Gremlin Leader","floor":24.0,"turns":5.0},{"damage":3.0,"enemies":"Snecko","floor":28.0,"turns":5.0},{"damage":5.0,"enemies":"3 Cultists","floor":29.0,"turns":4.0},{"damage":4.0,"enemies":"Colosseum Slavers","floor":30.0,"turns":4.0},{"damage":22.0,"enemies":"Book of Stabbing","floor":31.0,"turns":6.0},{"damage":1.0,"enemies":"Champ","floor":33.0,"turns":8.0},{"damage":5,"enemies":"Orb Walker","floor":35,"turns":4},{"damage":3,"enemies":"3 Shapes","floor":37,"turns":3},{"damage":9,"enemies":"3 Darklings","floor":38,"turns":4},{"damage":13,"enemies":"Sphere and 2 Shapes","floor":39,"turns":5},{"damage":8,"enemies":"Giant Head","floor":40,"turns":7},{"damage":1,"enemies":"Transient","floor":44,"turns":5},{"damage":0,"enemies":"Spire Growth","floor":45,"turns":3},{"damage":14,"enemies":"Writhing Mass","floor":46,"turns":6},{"damage":10,"enemies":"Transient","floor":48,"turns":5},{"damage":13,"enemies":"Time Eater","floor":50,"turns":6},{"damage":65,"enemies":"Shield and Spear","floor":54,"turns":6},{"damage":29,"enemies":"The Heart","floor":55,"turns":6}],"seed_played":"-2465909171671018530","potions_obtained":[{"floor":1.0,"key":"EntropicBrew"},{"floor":4.0,"key":"Fruit Juice"},{"floor":5.0,"key":"AttackPotion"},{"floor":18.0,"key":"GhostInAJar"},{"floor":22.0,"key":"Block Potion"},{"floor":28.0,"key":"GhostInAJar"},{"floor":29.0,"key":"FearPotion"},{"floor":31.0,"key":"EntropicBrew"},{"floor":33.0,"key":"Poison Potion"},{"floor":40,"key":"SpeedPotion"},{"floor":44,"key":"Regen Potion"},{"floor":48,"key":"EssenceOfSteel"}],"is_trial":false,"path_per_floor":["M","$","?","M","M","R","E","R","T","T","$","R","M","M","R","B",null,"M","M","M","M","M","R","E","R","T","R","M","M","?","E","R","B",null,"M","?","M","M","M","E","R","$","T","M","M","M","R","M","R","B",null,"R","$","E","B",null],"character_chosen":"THE_SILENT","items_purchased":["Lee\u0027s Waffle","Infinite Blades","Blur"],"campfire_rested":0,"item_purchase_floors":[42,53,53],"current_hp_per_floor":[70,70,63,63,63,63,63,63,63,63,63,63,63,60,60,51,75,70,60,55,55,40,40,29,39,39,39,36,31,27,5,5,4,85,80,80,77,68,55,47,47,92,92,93,95,81,81,85,85,72,96,96,96,33,4],"gold":78,"neow_bonus":"THREE_ENEMY_KILL","is_prod":false,"is_daily":false,"chose_seed":false,"campfire_upgraded":3,"win_rate":0,"timestamp":1556763728,"path_taken":["M","$","?","?","?","R","E","R","T","?","$","R","M","M","R","BOSS","M","M","M","M","?","R","E","R","T","R","?","M","?","E","R","BOSS","M","?","M","M","M","E","R","$","T","M","M","M","R","M","R","BOSS","R","$","E","BOSS"],"build_version":"2019-01-23","purchased_purges":3,"victory":true,"max_hp_per_floor":[70,70,70,70,70,70,75,75,75,75,75,75,75,75,75,75,75,75,75,75,75,75,75,75,85,85,85,85,85,85,85,85,85,85,85,85,85,85,85,85,85,92,92,94,96,96,96,96,96,96,96,96,96,98,98],"card_choices":[{"not_picked":["Bane","Sucker Punch"],"picked":"Noxious Fumes","floor":1.0},{"not_picked":["Acrobatics","Poisoned Stab"],"picked":"Backstab","floor":4.0},{"not_picked":["All Out Attack","Underhanded Strike"],"picked":"Heel Hook","floor":5.0},{"not_picked":["Bouncing Flask","Dagger Throw"],"picked":"Infinite Blades","floor":7.0},{"not_picked":["Flying Knee","Deflect"],"picked":"Catalyst","floor":13.0},{"not_picked":["Night Terror","Flechettes","Dash"],"picked":"SKIP","floor":14.0},{"not_picked":["A Thousand Cuts","Malaise"],"picked":"Die Die Die","floor":16.0},{"not_picked":["Catalyst","Bouncing Flask+1"],"picked":"Noxious Fumes+1","floor":18.0},{"not_picked":["Sucker Punch","Dash","Deadly Poison"],"picked":"SKIP","floor":19.0},{"not_picked":["Slice","Bane","Dagger Spray"],"picked":"SKIP","floor":20.0},{"not_picked":["Underhanded Strike+1","Slice"],"picked":"Catalyst+1","floor":21.0},{"not_picked":["Slice","Expertise"],"picked":"Dodge and Roll+1","floor":22.0},{"not_picked":["Slice","Phantasmal Killer"],"picked":"Dodge and Roll","floor":24.0},{"not_picked":["Bane+1","Slice+1","Dagger Throw+1"],"picked":"SKIP","floor":28.0},{"not_picked":["Bane+1","Outmaneuver+1"],"picked":"PiercingWail","floor":29.0},{"not_picked":["Slice+1","Dodge and Roll","Grand Finale+1"],"picked":"SKIP","floor":31.0},{"not_picked":["Dagger Throw+1","Poisoned Stab+1"],"picked":"Caltrops+1","floor":35},{"not_picked":["Cloak And Dagger+1","Tactician+1"],"picked":"Outmaneuver+1","floor":37},{"not_picked":["Outmaneuver","Crippling Poison","Underhanded Strike+1"],"picked":"SKIP","floor":38},{"not_picked":["Backstab+1","Endless Agony+1"],"picked":"Cloak And Dagger+1","floor":39},{"not_picked":["Underhanded Strike+1","Outmaneuver"],"picked":"Escape Plan","floor":40},{"not_picked":["Backstab+1","Unload+1","Distraction+1"],"picked":"Singing Bowl","floor":44},{"not_picked":["Riddle With Holes+1","Setup+1","Deflect+1"],"picked":"Singing Bowl","floor":45},{"not_picked":["Prepared","Backflip"],"picked":"Deadly Poison+1","floor":46},{"not_picked":["Predator+1","Backflip+1"],"picked":"Accuracy+1","floor":48},{"not_picked":["Sucker Punch+1","Quick Slash+1","Corpse Explosion"],"picked":"Singing Bowl","floor":54}],"player_experience":249119,"relics_obtained":[{"floor":7.0,"key":"Shovel"},{"floor":10.0,"key":"Mercury Hourglass"},{"floor":12.0,"key":"Matryoshka"},{"floor":23.0,"key":"Centennial Puzzle"},{"floor":24.0,"key":"Molten Egg 2"},{"floor":25.0,"key":"Pear"},{"floor":26.0,"key":"Whetstone"},{"floor":26.0,"key":"Dream Catcher"},{"floor":27.0,"key":"Mummified Hand"},{"floor":31.0,"key":"Juzu Bracelet"},{"floor":32.0,"key":"Snake Skull"},{"floor":40,"key":"Oddly Smooth Stone"},{"floor":43,"key":"Vajra"},{"floor":43,"key":"Singing Bowl"},{"floor":47,"key":"Orichalcum"},{"floor":49,"key":"Anchor"},{"floor":52,"key":"Paper Crane"},{"floor":54,"key":"Happy Flower"}],"event_choices":[{"damage_healed":0.0,"max_hp_gain":0.0,"max_hp_loss":0.0,"gold_gain":0.0,"event_name":"Wheel of Change","player_choice":"Damaged","floor":3.0,"gold_loss":0.0,"damage_taken":7.0},{"damage_healed":0.0,"max_hp_gain":0.0,"max_hp_loss":0.0,"gold_gain":0.0,"event_name":"Colosseum","player_choice":"Fight","floor":30.0,"gold_loss":0.0,"damage_taken":0.0},{"damage_healed":0.0,"max_hp_gain":0.0,"max_hp_loss":0.0,"gold_gain":0.0,"event_name":"Colosseum","player_choice":"Fled From Nobs","floor":30.0,"gold_loss":0.0,"damage_taken":0.0},{"cards_removed":["Strike_G"],"damage_healed":0,"gold_gain":0,"player_choice":"Upgrade and Remove","damage_taken":0,"max_hp_gain":0,"max_hp_loss":0,"event_name":"Designer","floor":36,"gold_loss":90,"cards_upgraded":["Dodge and Roll"]}],"is_beta":false,"boss_relics":[{"not_picked":["Eternal Feather","Runic Dome"],"picked":"Coffee Dripper"},{"not_picked":["HoveringKite","Cursed Key"],"picked":"Runic Pyramid"}],"items_purged_floors":[2,11,42],"is_endless":false,"potions_floor_spawned":[1,4,5,18,22,28,29,31,33,40,44,48,54],"ascension_level":0}