{"gold_per_floor":[19,37,56,6,23,51,51,51,51,51,118,118,147,162,162,162],"floor_reached":16,"playtime":510,"items_purged":[],"score":176,"play_id":"a7939c76-3273-4941-af12-89e44a21effa","local_time":"20190330204230","is_ascension_mode":true,"campfire_choices":[{"data":"Searing Blow","floor":8,"key":"SMITH"},{"data":"Searing Blow+1","floor":10,"key":"SMITH"},{"data":"Searing Blow+2","floor":12,"key":"SMITH"},{"data":"Searing Blow+3","floor":15,"key":"SMITH"}],"neow_cost":"NO_GOLD","seed_source_timestamp":1027629117365030,"circlet_count":0,"master_deck":["Strike_R","Strike_R","Strike_R","Strike_R","Defend_R","Defend_R","Defend_R","Defend_R","Bash","Feed","Shrug It Off","Body Slam","Anger","Rampage","Searing Blow+4","Armaments","Dual Wield"],"relics":["Burning Blood","Anchor","SsserpentHead","Paper Frog"],"potions_floor_usage":[],"damage_taken":[{"damage":9,"enemies":"Small Slimes","floor":1,"turns":4},{"damage":0,"enemies":"2 Louse","floor":2,"turns":4},{"damage":1,"enemies":"Cultist","floor":3,"turns":4},{"damage":4,"enemies":"Looter","floor":5,"turns":3},{"damage":47,"enemies":"3 Sentries","floor":6,"turns":10},{"damage":14,"enemies":"Lots of Slimes","floor":11,"turns":5},{"damage":43,"enemies":"Lagavulin","floor":13,"turns":9},{"damage":4,"enemies":"Red Slaver","floor":14,"turns":4},{"damage":22,"enemies":"Hexaghost","floor":16,"turns":9}],"seed_played":"-5245792255925590703","potions_obtained":[{"floor":2,"key":"Strength Potion"},{"floor":5,"key":"LiquidBronze"},{"floor":6,"key":"Strength Potion"}],"is_trial":false,"path_per_floor":["M","M","M","?","M","E","?","R","T","R","M","R","E","M","R","B"],"character_chosen":"IRONCLAD","items_purchased":[],"campfire_rested":0,"item_purchase_floors":[],"current_hp_per_floor":[72,81,89,89,92,54,54,54,54,54,49,49,16,18,18,0],"gold":162,"neow_bonus":"THREE_RARE_CARDS","is_prod":false,"is_daily":false,"chose_seed":false,"campfire_upgraded":4,"win_rate":0,"timestamp":1553946150,"path_taken":["M","M","M","?","M","E","?","R","T","R","?","R","E","M","R","BOSS"],"build_version":"2019-01-23","purchased_purges":0,"victory":false,"max_hp_per_floor":[83,86,89,89,92,95,95,95,95,95,98,98,102,102,102,102],"card_choices":[{"not_picked":["Double Tap","Brutality"],"picked":"Feed","floor":0},{"not_picked":["Wild Strike","Thunderclap"],"picked":"Shrug It Off","floor":1},{"not_picked":["Second Wind","Warcry"],"picked":"Body Slam","floor":2},{"not_picked":["Heavy Blade","Headbutt"],"picked":"Anger","floor":3},{"not_picked":["Fire Breathing","Sever Soul"],"picked":"Rampage","floor":5},{"not_picked":["Havoc","Rampage"],"picked":"Searing Blow","floor":6},{"not_picked":["Heavy Blade","Rupture"],"picked":"Armaments","floor":11},{"not_picked":["Sentinel","Berserk"],"picked":"Dual Wield","floor":13},{"not_picked":["Whirlwind","Inflame","Clash"],"picked":"SKIP","floor":14}],"player_experience":393909,"relics_obtained":[{"floor":6,"key":"Anchor"},{"floor":9,"key":"Paper Frog"}],"event_choices":[{"cards_removed":["Strike_R"],"damage_healed":0,"gold_gain":0,"player_choice":"Card Removal","damage_taken":0,"max_hp_gain":0,"max_hp_loss":0,"event_name":"The Cleric","floor":4,"gold_loss":50},{"damage_healed":0,"gold_gain":0,"player_choice":"Trade","damage_taken":0,"relics_obtained":["SsserpentHead"],"max_hp_gain":0,"max_hp_loss":0,"event_name":"FaceTrader","floor":7,"gold_loss":0}],"is_beta":false,"boss_relics":[],"items_purged_floors":[],"is_endless":false,"potions_floor_spawned":[2,5,6,14],"killed_by":"Hexaghost","ascension_level":7}