{"gold_per_floor":[113,113,125,50,63,127,127,162,162,162,192,212,212,241,241,241],"floor_reached":16,"playtime":772,"items_purged":["Pain"],"score":173,"play_id":"4604feb0-62cf-4bd6-8cdc-445bc570201e","local_time":"20190524045856","is_ascension_mode":true,"campfire_choices":[{"data":"True Grit","floor":10.0,"key":"SMITH"},{"floor":15,"key":"REST"}],"neow_cost":"NONE","seed_source_timestamp":435850169032965,"circlet_count":0,"master_deck":["Strike_R","Strike_R","Strike_R","Strike_R","Strike_R","Defend_R+1","Defend_R","Defend_R","Defend_R","Bash+1","Cleave","Headbutt","True Grit+1","Flame Barrier+1","Shrug It Off","Headbutt"],"special_seed":0,"relics":["Burning Blood","NeowsBlessing","WarpedTongs","Tiny Chest","Turnip","Mummified Hand","Ornamental Fan","Singing Bowl"],"potions_floor_usage":[11,14,16],"damage_taken":[{"damage":0.0,"enemies":"Small Slimes","floor":1.0,"turns":1.0},{"damage":0.0,"enemies":"Cultist","floor":3.0,"turns":1.0},{"damage":0.0,"enemies":"2 Louse","floor":5.0,"turns":1.0},{"damage":22.0,"enemies":"Gremlin Nob","floor":6.0,"turns":4.0},{"damage":4.0,"enemies":"3 Sentries","floor":8.0,"turns":7.0},{"damage":41,"enemies":"Gremlin Nob","floor":11,"turns":5},{"damage":7,"enemies":"Looter","floor":12,"turns":4},{"damage":12,"enemies":"3 Sentries","floor":14,"turns":6},{"damage":38,"enemies":"Slime Boss","floor":16,"turns":3}],"seed_played":"-6456063520256844368","potions_obtained":[{"floor":6.0,"key":"Block Potion"},{"floor":8.0,"key":"Block Potion"},{"floor":11,"key":"SteroidPotion"},{"floor":14,"key":"Dexterity Potion"}],"is_trial":false,"path_per_floor":["M","?","M","$","M","E","?","E","T","R","E","M","?","E","R","B"],"character_chosen":"IRONCLAD","items_purchased":[],"campfire_rested":1,"item_purchase_floors":[],"current_hp_per_floor":[78,78,80,80,80,64,48,50,50,50,15,14,14,10,34,0],"gold":241,"neow_bonus":"THREE_ENEMY_KILL","is_prod":false,"is_daily":false,"chose_seed":false,"campfire_upgraded":1,"win_rate":0,"timestamp":1558654136,"path_taken":["M","?","?","$","M","E","?","E","T","R","E","M","?","E","R","BOSS"],"build_version":"2019-01-23","purchased_purges":1,"victory":false,"max_hp_per_floor":[80,80,80,80,80,80,80,80,80,80,80,80,80,82,82,82],"card_choices":[{"not_picked":["Cleave","Dual Wield","Clash"],"picked":"SKIP","floor":1.0},{"not_picked":["Dual Wield","Clash"],"picked":"Cleave","floor":1.0},{"not_picked":["Body Slam","Iron Wave"],"picked":"Headbutt","floor":3.0},{"not_picked":["Pommel Strike","Dropkick"],"picked":"True Grit","floor":5.0},{"not_picked":["Barricade","Twin Strike"],"picked":"Flame Barrier","floor":6.0},{"not_picked":["Pummel","Anger","Body Slam"],"picked":"SKIP","floor":8.0},{"not_picked":["Feel No Pain","Havoc"],"picked":"Shrug It Off","floor":11},{"not_picked":["Heavy Blade","Corruption"],"picked":"Headbutt","floor":12},{"not_picked":["Combust","Thunderclap","Brutality"],"picked":"Singing Bowl","floor":14}],"player_experience":693554,"relics_obtained":[{"floor":6.0,"key":"Tiny Chest"},{"floor":8.0,"key":"Turnip"},{"floor":9.0,"key":"Mummified Hand"},{"floor":11,"key":"Ornamental Fan"},{"floor":14,"key":"Singing Bowl"}],"event_choices":[{"damage_healed":0.0,"max_hp_gain":0.0,"max_hp_loss":0.0,"gold_gain":0.0,"event_name":"Accursed Blacksmith","player_choice":"Rummage","floor":2.0,"gold_loss":0.0,"damage_taken":0.0,"relics_obtained":["WarpedTongs"],"cards_obtained":["Pain"]},{"damage_healed":0.0,"max_hp_gain":0.0,"max_hp_loss":0.0,"gold_gain":0.0,"event_name":"Shining Light","player_choice":"Entered Light","floor":7.0,"gold_loss":0.0,"damage_taken":16.0,"cards_upgraded":["Flame Barrier","Defend_R"]},{"damage_healed":0,"gold_gain":0,"player_choice":"Upgraded","damage_taken":0,"max_hp_gain":0,"max_hp_loss":0,"event_name":"Upgrade Shrine","floor":13,"gold_loss":0,"cards_upgraded":["Bash"]}],"is_beta":false,"boss_relics":[],"items_purged_floors":[4],"is_endless":false,"potions_floor_spawned":[6,8,11,14],"killed_by":"Slime Boss","ascension_level":7}