{"path_per_floor":["M","M","$","M","M","R","M","?","T","$","R","M","M","$","R","B",null,"M","M","?","M","?","R"],"character_chosen":"THE_SILENT","items_purchased":[],"gold_per_floor":[116,136,61,75,92,92,106,106,106,6,6,24,43,43,43,145,145,70,80,80,91,91,91],"floor_reached":24,"campfire_rested":4,"playtime":2264,"current_hp_per_floor":[33,33,33,33,12,33,24,24,24,24,45,43,38,38,59,44,70,46,44,44,13,13,34],"items_purged":["Strike_G","Strike_G"],"gold":91,"play_id":"23ce62a5-9406-4c32-be48-038f731fdf5e","is_prod":false,"is_daily":false,"is_ascension_mode":false,"campfire_upgraded":0,"path_taken":["M","M","$","?","M","R","M","?","T","?","R","M","?","$","R","BOSS","M","M","?","?","?","R","E"],"build_version":"2018-02-01-PROD3","purchased_purges":2,"victory":false,"master_deck":["Defend_G","Defend_G","Defend_G","Defend_G","Defend_G","Strike_G","Strike_G","Strike_G","Survivor","Neutralize","Tools of the Trade+1","Catalyst","Malaise","Noxious Fumes","Deadly Poison","Backflip","Escape Plan"],"max_hp_per_floor":[70,70,70,70,70,70,70,70,70,70,70,70,70,70,70,70,70,70,70,70,70,70,70],"relics":["Ring of the Snake","Vajra","Runic Pyramid"],"card_choices":[{"not_picked":["Night Terror","Bullet Time"],"picked":"Tools of the Trade"},{"not_picked":["Flying Knee","Slice"],"picked":"Catalyst"},{"not_picked":["Dagger Throw","Outmaneuver"],"picked":"Malaise"},{"not_picked":["Die Die Die","Blade Dance"],"picked":"Noxious Fumes"},{"not_picked":["Prepared","Masterful Stab"],"picked":"Deadly Poison"},{"not_picked":["Distraction","Flying Knee"],"picked":"Backflip"},{"not_picked":["Dodge and Roll","Prepared"],"picked":"Escape Plan"}],"player_experience":23922,"potions_floor_usage":[16,18,24],"damage_taken":[{"damage":2,"enemies":"Blue Slaver","floor":1,"turns":7},{"damage":0,"enemies":"2 Louse","floor":2,"turns":5},{"damage":0,"enemies":"Small Slimes","floor":4,"turns":5},{"damage":21,"enemies":"Exordium Thugs","floor":5,"turns":5},{"damage":9,"enemies":"Gremlin Gang","floor":7,"turns":5},{"damage":2,"enemies":"Looter","floor":12,"turns":5},{"damage":5,"enemies":"3 Louse","floor":13,"turns":4},{"damage":15,"enemies":"Slime Boss","floor":16,"turns":10},{"damage":24,"enemies":"2 Thieves","floor":18,"turns":5},{"damage":2,"enemies":"Shell Parasite","floor":19,"turns":8},{"damage":31,"enemies":"Sentry and Sphere","floor":21,"turns":8},{"damage":37,"enemies":"Gremlin Leader","floor":24,"turns":7}],"event_choices":[{"event_name":"Upgrade Shrine","player_choice":"Upgraded","floor":8,"damage_taken":0},{"event_name":"The Mausoleum","player_choice":"No","floor":20,"damage_taken":0},{"event_name":"Vampires","player_choice":"Ignored","floor":22,"damage_taken":0}],"boss_relics":[{"not_picked":["Philosopher\u0027s Stone","Eternal Feather"],"picked":"Runic Pyramid"}],"potions_floor_spawned":[4,12,13,21],"seed_played":"-521427589347342348","killed_by":"Gremlin Leader","ascension_level":0,"is_trial":false}