{"gold_per_floor":[113,113,188,212,12,12,12,12,12,12,27,27,43,87,87,206,206,176,56,56,56,56,56,56,56,56,56,56,56,56,56,56,56,56,56,56,56,56,56,56,56,56,56,56,6,0,0,0,0,0],"floor_reached":50,"playtime":5512,"items_purged":["Strike_B","Strike_B","Parasite"],"score":587,"play_id":"96a5f48d-dd56-48a7-a434-7b71146f730f","local_time":"20181210032235","is_ascension_mode":true,"campfire_choices":[{"data":"Zap","floor":6,"key":"SMITH"},{"data":"Dualcast","floor":10,"key":"SMITH"},{"floor":12,"key":"REST"},{"floor":15,"key":"REST"},{"data":"Chill","floor":24,"key":"SMITH"},{"data":"Creative AI","floor":28,"key":"SMITH"},{"data":"Conserve Battery","floor":30,"key":"SMITH"},{"floor":32,"key":"REST"},{"data":"Seek","floor":40,"key":"SMITH"},{"floor":42,"key":"REST"},{"floor":49,"key":"REST"}],"neow_cost":"NONE","seed_source_timestamp":2737156014463430,"circlet_count":0,"master_deck":["Defend_B","Defend_B","Defend_B","Zap+1","Dualcast+1","Ball Lightning","Skim","Self Repair","Cold Snap","Turbo","Compile Driver","Chaos","Electrodynamics","BootSequence","Cold Snap","Chill+1","Creative AI+1","Conserve Battery+1","Ball Lightning+1","Seek+1","Defragment+1","Double Energy+1"],"relics":["Cracked Core","Golden Idol","Cables","The Courier","Meat on the Bone","Ectoplasm","MutagenicStrength","Singing Bowl","Bottled Lightning","Blood Vial","Empty Cage","Juzu Bracelet","Smiling Mask","Red Mask","FossilizedHelix"],"potions_floor_usage":[14,16,23,27,41,41,41,50,50],"damage_taken":[{"damage":8,"enemies":"Small Slimes","floor":1,"turns":3},{"damage":5,"enemies":"2 Louse","floor":4,"turns":2},{"damage":2,"enemies":"Jaw Worm","floor":11,"turns":2},{"damage":23,"enemies":"Gremlin Gang","floor":13,"turns":3},{"damage":4,"enemies":"Lagavulin","floor":14,"turns":5},{"damage":35,"enemies":"Hexaghost","floor":16,"turns":9},{"damage":12,"enemies":"2 Thieves","floor":18,"turns":2},{"damage":3,"enemies":"Shell Parasite","floor":20,"turns":6},{"damage":9,"enemies":"Slavers","floor":23,"turns":4},{"damage":17,"enemies":"Gremlin Leader","floor":25,"turns":6},{"damage":11,"enemies":"Centurion and Healer","floor":27,"turns":6},{"damage":7,"enemies":"3 Cultists","floor":29,"turns":5},{"damage":29,"enemies":"Snake Plant","floor":31,"turns":6},{"damage":49,"enemies":"Collector","floor":33,"turns":11},{"damage":1,"enemies":"3 Shapes","floor":35,"turns":3},{"damage":6,"enemies":"Orb Walker","floor":36,"turns":4},{"damage":11,"enemies":"Sphere and 2 Shapes","floor":38,"turns":4},{"damage":3,"enemies":"Maw","floor":39,"turns":6},{"damage":95,"enemies":"Giant Head","floor":41,"turns":9},{"damage":46,"enemies":"Writhing Mass","floor":44,"turns":6},{"damage":8,"enemies":"Mind Bloom Boss Battle","floor":47,"turns":8},{"damage":0,"enemies":"3 Darklings","floor":48,"turns":4},{"damage":83,"enemies":"Time Eater","floor":50,"turns":12}],"seed_played":"1585783200338218888","potions_obtained":[{"floor":1,"key":"Strength Potion"},{"floor":11,"key":"EssenceOfSteel"},{"floor":16,"key":"Fire Potion"},{"floor":18,"key":"FearPotion"},{"floor":23,"key":"Regen Potion"},{"floor":27,"key":"Regen Potion"},{"floor":38,"key":"Regen Potion"},{"floor":39,"key":"GamblersBrew"},{"floor":41,"key":"SpeedPotion"},{"floor":44,"key":"Dexterity Potion"},{"floor":48,"key":"SpeedPotion"}],"is_trial":false,"path_per_floor":["M","?","?","M","$","R","T","$","T","R","M","R","M","E","R","B",null,"M","$","M","?","$","E","R","E","T","M","R","M","R","M","R","B",null,"M","M","$","M","M","R","E","R","T","M","$","?","?","M","R","B"],"character_chosen":"DEFECT","items_purchased":["Self Repair","Cold Snap","Cold Snap"],"campfire_rested":5,"item_purchase_floors":[5,5,19],"current_hp_per_floor":[67,49,38,33,33,33,33,33,33,33,31,53,37,40,62,46,75,70,70,74,74,74,74,74,64,64,73,73,75,75,55,78,49,79,79,81,81,79,85,85,28,54,54,29,29,29,44,55,81,0],"gold":0,"neow_bonus":"REMOVE_CARD","is_prod":false,"is_daily":false,"chose_seed":false,"campfire_upgraded":6,"win_rate":0,"timestamp":1544430155,"path_taken":["M","?","?","M","$","R","?","$","T","R","M","R","M","E","R","BOSS","M","$","?","?","?","E","R","E","T","M","R","M","R","?","R","BOSS","M","M","$","M","M","R","E","R","T","M","$","?","?","M","R","BOSS"],"build_version":"2018-12-06","purchased_purges":3,"victory":false,"max_hp_per_floor":[75,75,75,75,75,75,75,75,75,75,75,75,75,75,75,75,75,75,75,75,75,75,77,77,77,77,79,79,79,79,79,79,79,79,79,81,81,83,85,85,87,87,87,87,84,84,86,88,88,88],"card_choices":[{"not_picked":["Scrape","Steam"],"picked":"Ball Lightning","floor":1},{"not_picked":["Ball Lightning","Static Discharge"],"picked":"Skim","floor":4},{"not_picked":["Beam Cell","Stack"],"picked":"Turbo","floor":11},{"not_picked":["Rip and Tear","Skim"],"picked":"Compile Driver","floor":13},{"not_picked":["Stack","Aggregate"],"picked":"Chaos","floor":14},{"not_picked":["Meteor Strike","Seek"],"picked":"Electrodynamics","floor":16},{"not_picked":["Double Energy","Darkness"],"picked":"BootSequence","floor":18},{"not_picked":["Redo","Cold Snap"],"picked":"Chill","floor":20},{"not_picked":["Undo","Rebound+1","Redo"],"picked":"Singing Bowl","floor":23},{"not_picked":["Go for the Eyes+1","Sunder+1"],"picked":"Creative AI","floor":25},{"not_picked":["Aggregate","Undo+1","Doom and Gloom"],"picked":"Singing Bowl","floor":27},{"not_picked":["Cold Snap","Barrage+1"],"picked":"Conserve Battery","floor":29},{"not_picked":["Leap","Cold Snap"],"picked":"Ball Lightning+1","floor":31},{"not_picked":["Amplify","Machine Learning"],"picked":"Seek","floor":33},{"not_picked":["Sunder","BootSequence"],"picked":"Defragment+1","floor":35},{"not_picked":["Beam Cell","Fusion+1","Gash"],"picked":"Singing Bowl","floor":36},{"not_picked":["Consume+1","Coolheaded+1","Rebound+1"],"picked":"Singing Bowl","floor":38},{"not_picked":["Stack","Turbo+1","Sunder"],"picked":"Singing Bowl","floor":39},{"not_picked":["Heatsinks+1","Force Field+1","Redo+1"],"picked":"Singing Bowl","floor":41},{"not_picked":["Streamline","Rebound+1"],"picked":"Double Energy+1","floor":44},{"not_picked":["Rebound+1","Redo+1","Force Field"],"picked":"Singing Bowl","floor":47},{"not_picked":["Barrage","Steam+1","Compile Driver+1"],"picked":"Singing Bowl","floor":48}],"player_experience":184322,"relics_obtained":[{"floor":7,"key":"Cables"},{"floor":9,"key":"The Courier"},{"floor":14,"key":"Meat on the Bone"},{"floor":23,"key":"Singing Bowl"},{"floor":25,"key":"Bottled Lightning"},{"floor":26,"key":"Blood Vial"},{"floor":41,"key":"Juzu Bracelet"},{"floor":43,"key":"Smiling Mask"},{"floor":47,"key":"FossilizedHelix"}],"event_choices":[{"damage_healed":0,"gold_gain":0,"player_choice":"Take Damage","damage_taken":18,"relics_obtained":["Golden Idol"],"max_hp_gain":0,"max_hp_loss":0,"event_name":"Golden Idol","floor":2,"gold_loss":0},{"damage_healed":0,"gold_gain":75,"player_choice":"Gather Gold","damage_taken":11,"max_hp_gain":0,"max_hp_loss":0,"event_name":"World of Goop","floor":3,"gold_loss":0},{"damage_healed":0,"gold_gain":0,"player_choice":"Inject Mutagens","damage_taken":0,"relics_obtained":["MutagenicStrength"],"max_hp_gain":0,"max_hp_loss":0,"event_name":"Drug Dealer","floor":21,"gold_loss":0},{"damage_healed":0,"gold_gain":0,"player_choice":"Paid","damage_taken":0,"relics_obtained":["Red Mask"],"max_hp_gain":0,"max_hp_loss":0,"event_name":"Tomb of Lord Red Mask","floor":46,"gold_loss":6},{"damage_healed":0,"gold_gain":0,"player_choice":"Fight","damage_taken":0,"max_hp_gain":0,"max_hp_loss":0,"event_name":"MindBloom","floor":47,"gold_loss":0}],"is_beta":false,"boss_relics":[{"not_picked":["Pandora\u0027s Box","White Beast Statue"],"picked":"Ectoplasm"},{"not_picked":["Calling Bell","Runic Dome"],"picked":"Empty Cage"}],"items_purged_floors":[5,19,45],"is_endless":false,"potions_floor_spawned":[1,11,16,18,23,27,38,39,41,44,48],"killed_by":"Time Eater","ascension_level":3}