{"gold_per_floor":[118,128,141,141,151,177,177,192,218,48,80,180,180,212,212,308,308,328,341,341],"floor_reached":20,"playtime":1683,"items_purged":["Regret"],"score":194,"play_id":"8cd8b17b-cd53-4bb5-bd8f-ca5bce25a1fa","local_time":"20190311201249","is_ascension_mode":false,"campfire_choices":[{"floor":7.0,"key":"REST"},{"floor":13.0,"key":"REST"},{"floor":15.0,"key":"REST"}],"neow_cost":"NONE","seed_source_timestamp":0,"circlet_count":0,"master_deck":["Survivor","Neutralize","Dash","Blur","Catalyst","Bouncing Flask","Flying Knee","Backstab","Cloak And Dagger","Well Laid Plans","Burst","Blur","Corpse Explosion","Burst","Terror","Dagger Throw","Envenom","Tools of the Trade","Tools of the Trade","All Out Attack","Corpse Explosion","Catalyst","Dagger Throw","Outmaneuver","Quick Slash+1"],"special_seed":0,"relics":["Ring of the Snake","NeowsBlessing","Bag of Preparation","Boot","Happy Flower","Oddly Smooth Stone","Darkstone Periapt","Pandora\u0027s Box"],"potions_floor_usage":[],"damage_taken":[{"damage":0.0,"enemies":"Jaw Worm","floor":1.0,"turns":1.0},{"damage":0.0,"enemies":"2 Louse","floor":2.0,"turns":1.0},{"damage":0.0,"enemies":"Cultist","floor":3.0,"turns":1.0},{"damage":8.0,"enemies":"Looter","floor":5.0,"turns":3.0},{"damage":39.0,"enemies":"Lagavulin","floor":6.0,"turns":7.0},{"damage":5.0,"enemies":"Exordium Wildlife","floor":8.0,"turns":6.0},{"damage":19.0,"enemies":"Gremlin Nob","floor":11.0,"turns":4.0},{"damage":1.0,"enemies":"Lagavulin","floor":14.0,"turns":4.0},{"damage":25.0,"enemies":"Slime Boss","floor":16.0,"turns":14.0},{"damage":23.0,"enemies":"3 Byrds","floor":18.0,"turns":4.0},{"damage":20.0,"enemies":"2 Thieves","floor":19.0,"turns":4.0},{"damage":0,"enemies":"Snake Plant","floor":20,"turns":1}],"seed_played":"-8231574818343615908","potions_obtained":[{"floor":1.0,"key":"AttackPotion"},{"floor":3.0,"key":"SkillPotion"},{"floor":8.0,"key":"EssenceOfSteel"},{"floor":11.0,"key":"LiquidBronze"},{"floor":18.0,"key":"SpeedPotion"},{"floor":19.0,"key":"LiquidBronze"}],"is_trial":false,"path_per_floor":["?","?"],"character_chosen":"THE_SILENT","items_purchased":["Cloak And Dagger","Well Laid Plans"],"campfire_rested":3,"item_purchase_floors":[10,10],"current_hp_per_floor":[70,70,70,70,62,23,44,39,39,39,20,20,41,40,61,36,70,47,27,27],"gold":341,"neow_bonus":"THREE_ENEMY_KILL","is_prod":false,"is_daily":false,"chose_seed":false,"campfire_upgraded":0,"win_rate":0,"timestamp":1552349569,"path_taken":["M","M","M","?","M","E","R","M","T","$","E","?","R","E","R","BOSS","M","M","M"],"build_version":"2019-01-23","purchased_purges":1,"victory":false,"max_hp_per_floor":[70,70,70,70,70,70,70,70,70,70,70,70,70,70,70,70,70,70,70,70],"card_choices":[{"not_picked":["Poisoned Stab","Terror"],"picked":"Dash","floor":1.0},{"not_picked":["Slice","Underhanded Strike"],"picked":"Blur","floor":2.0},{"not_picked":["Cloak And Dagger","Prepared"],"picked":"Catalyst","floor":3.0},{"not_picked":["Dagger Throw","Tactician"],"picked":"Bouncing Flask","floor":5.0},{"not_picked":["Leg Sweep","Outmaneuver"],"picked":"Flying Knee","floor":6.0},{"not_picked":["Masterful Stab","Flying Knee"],"picked":"Backstab","floor":8.0},{"not_picked":["Blade Dance","Dodge and Roll"],"picked":"Burst","floor":11.0},{"not_picked":["Tactician","Blade Dance"],"picked":"Blur","floor":14.0},{"not_picked":["Tools of the Trade","After Image"],"picked":"Corpse Explosion","floor":16.0},{"not_picked":["Sucker Punch","Distraction"],"picked":"Outmaneuver","floor":18.0},{"not_picked":["Reflex+1","Sucker Punch"],"picked":"Quick Slash+1","floor":19.0}],"player_experience":268377,"relics_obtained":[{"floor":6.0,"key":"Boot"},{"floor":9.0,"key":"Happy Flower"},{"floor":11.0,"key":"Oddly Smooth Stone"},{"floor":14.0,"key":"Darkstone Periapt"}],"event_choices":[{"damage_healed":0.0,"max_hp_gain":0.0,"max_hp_loss":0.0,"gold_gain":0.0,"event_name":"Big Fish","player_choice":"Box","floor":4.0,"gold_loss":0.0,"damage_taken":0.0,"relics_obtained":["Bag of Preparation"],"cards_obtained":["Regret"]},{"damage_healed":0.0,"max_hp_gain":0.0,"max_hp_loss":0.0,"gold_gain":100.0,"event_name":"Golden Shrine","player_choice":"Pray","floor":12.0,"gold_loss":0.0,"damage_taken":0.0}],"is_beta":false,"boss_relics":[{"not_picked":["Calling Bell","White Beast Statue"],"picked":"Pandora\u0027s Box"}],"items_purged_floors":[10],"is_endless":false,"potions_floor_spawned":[1,3,8,11,18,19],"killed_by":"Snake Plant","ascension_level":0}