{"gold_per_floor":[12,12,12,24,73,73,73,106,131,143,175,187,217,241,253,368,380,410,422,402,88,100,100,0,0,0,11,11,36,46,46,46,46],"floor_reached":33,"playtime":6764,"items_purged":["Defend_B","Defend_B"],"score":331,"play_id":"0d3c1831-1792-4ec8-999c-b82106ffb3c8","local_time":"20190529205421","is_ascension_mode":true,"campfire_choices":[{"data":"Zap","floor":6.0,"key":"SMITH"},{"floor":10.0,"key":"REST"},{"data":"Conserve Battery","floor":12.0,"key":"SMITH"},{"floor":15.0,"key":"REST"},{"floor":23,"key":"REST"},{"data":"Dualcast","floor":25,"key":"SMITH"},{"floor":28,"key":"REST"},{"floor":32,"key":"REST"}],"neow_cost":"NO_GOLD","seed_source_timestamp":2015898080738542,"circlet_count":0,"master_deck":["Strike_B","Strike_B","Defend_B","Zap+1","Dualcast+1","Conserve Battery+1","Multi-Cast","Cold Snap","Conserve Battery","Cold Snap","Melter","Rebound","Conserve Battery+1","Streamline+1","Self Repair","Reprogram+1","Compile Driver"],"special_seed":0,"relics":["Cracked Core","Bird Faced Urn","MawBank","Velvet Choker","Letter Opener","Ice Cream","Ancient Tea Set"],"potions_floor_usage":[29,33],"damage_taken":[{"damage":8.0,"enemies":"2 Louse","floor":1.0,"turns":3.0},{"damage":7.0,"enemies":"Small Slimes","floor":4.0,"turns":3.0},{"damage":44.0,"enemies":"3 Sentries","floor":8.0,"turns":10.0},{"damage":0.0,"enemies":"Jaw Worm","floor":11.0,"turns":2.0},{"damage":1.0,"enemies":"Blue Slaver","floor":13.0,"turns":3.0},{"damage":0.0,"enemies":"Exordium Wildlife","floor":14.0,"turns":4.0},{"damage":3.0,"enemies":"The Guardian","floor":16.0,"turns":14.0},{"damage":4.0,"enemies":"3 Byrds","floor":18.0,"turns":6.0},{"damage":12.0,"enemies":"2 Thieves","floor":20.0,"turns":5.0},{"damage":33,"enemies":"Shelled Parasite and Fungi","floor":22,"turns":4},{"damage":9,"enemies":"Snecko","floor":27,"turns":5},{"damage":38,"enemies":"Slavers","floor":29,"turns":5},{"damage":0,"enemies":"Sentry and Sphere","floor":30,"turns":3},{"damage":79,"enemies":"Champ","floor":33,"turns":9}],"seed_played":"-6001566561266869829","potions_obtained":[{"floor":4.0,"key":"Strength Potion"},{"floor":11.0,"key":"LiquidBronze"},{"floor":18.0,"key":"Dexterity Potion"},{"floor":22,"key":"Energy Potion"},{"floor":30,"key":"EssenceOfSteel"}],"is_trial":false,"path_per_floor":["M","?","?","M","T","R","$","E","T","R","M","R","M","M","R","B",null,"M","?","M","$","M","R","$","R","T","M","R","E","M","?","R","B"],"character_chosen":"DEFECT","items_purchased":["Letter Opener"],"campfire_rested":5,"item_purchase_floors":[21],"current_hp_per_floor":[67,67,67,60,60,60,60,16,16,38,38,38,37,37,59,56,70,66,66,54,54,21,43,43,43,43,34,56,27,36,36,58,0],"gold":46,"neow_bonus":"REMOVE_TWO","is_prod":false,"is_daily":false,"chose_seed":false,"campfire_upgraded":3,"win_rate":0,"timestamp":1559177661,"path_taken":["M","?","?","M","?","R","?","E","T","R","M","R","M","M","R","BOSS","M","?","M","?","M","R","$","R","T","M","R","E","M","?","R","BOSS"],"build_version":"2019-01-23","purchased_purges":2,"victory":false,"max_hp_per_floor":[75,75,75,75,75,75,75,75,75,75,75,75,75,75,75,75,75,75,75,75,75,75,75,75,75,75,75,75,75,75,75,75,75],"card_choices":[{"not_picked":["Barrage","Undo"],"picked":"Conserve Battery","floor":1.0},{"not_picked":["Loop","Streamline"],"picked":"Cold Snap","floor":4.0},{"not_picked":["Gash","Force Field"],"picked":"Conserve Battery","floor":8.0},{"not_picked":["Reboot","Turbo"],"picked":"Cold Snap","floor":11.0},{"not_picked":["Heatsinks","Turbo"],"picked":"Melter","floor":13.0},{"not_picked":["Turbo","Capacitor"],"picked":"Rebound","floor":14.0},{"not_picked":["Stack","Turbo+1"],"picked":"Conserve Battery+1","floor":18.0},{"not_picked":["White Noise","Leap"],"picked":"Streamline+1","floor":20.0},{"not_picked":["Undo","Lockon","Beam Cell"],"picked":"SKIP","floor":22},{"not_picked":["Undo","Genetic Algorithm+1"],"picked":"Self Repair","floor":27},{"not_picked":["Coolheaded","Rebound"],"picked":"Reprogram+1","floor":29},{"not_picked":["Auto Shields","Creative AI"],"picked":"Compile Driver","floor":30}],"player_experience":316075,"relics_obtained":[{"floor":8.0,"key":"Bird Faced Urn"},{"floor":9.0,"key":"MawBank"},{"floor":26,"key":"Ice Cream"},{"floor":29,"key":"Ancient Tea Set"}],"event_choices":[{"damage_healed":0.0,"max_hp_gain":0.0,"max_hp_loss":0.0,"gold_gain":0.0,"cards_transformed":["Strike_B"],"event_name":"Living Wall","player_choice":"Change","floor":2.0,"gold_loss":0.0,"damage_taken":0.0,"cards_obtained":["Multi-Cast"]},{"damage_healed":0.0,"max_hp_gain":0.0,"max_hp_loss":0.0,"gold_gain":0.0,"event_name":"Scrap Ooze","player_choice":"Fled","floor":3.0,"gold_loss":0.0,"damage_taken":0.0},{"damage_healed":0.0,"max_hp_gain":0.0,"max_hp_loss":0.0,"gold_gain":0.0,"event_name":"The Woman in Blue","player_choice":"Bought 0 Potions","floor":19.0,"gold_loss":0.0,"damage_taken":0.0},{"damage_healed":0,"gold_gain":0,"player_choice":"Ignored","damage_taken":0,"max_hp_gain":0,"max_hp_loss":0,"event_name":"Vampires","floor":31,"gold_loss":0}],"is_beta":false,"boss_relics":[{"not_picked":["Black Star","Lizard Tail"],"picked":"Velvet Choker"}],"items_purged_floors":[21,24],"is_endless":false,"potions_floor_spawned":[4,11,18,22,30],"killed_by":"Champ","ascension_level":5}