{"gold_per_floor":[109,109,123,48,58,58,74,74,74,74,94,169,169,184,184,315,315,339,363,363,383,383,383,407,443,494,494,569,569,569,272,272,272],"floor_reached":33,"playtime":3628,"items_purged":["Strike_R","Clumsy"],"score":255,"play_id":"7dc8a742-952f-4e9a-95ff-402f2808696e","local_time":"20190117021839","is_ascension_mode":false,"campfire_choices":[{"data":"Iron Wave","floor":6,"key":"SMITH"},{"data":"Iron Wave","floor":10,"key":"SMITH"},{"data":"Bash","floor":15,"key":"SMITH"},{"data":"True Grit","floor":23,"key":"SMITH"},{"data":"Whirlwind","floor":27,"key":"SMITH"},{"floor":32,"key":"REST"}],"neow_cost":"NONE","seed_source_timestamp":619145141607565,"circlet_count":0,"master_deck":["Strike_R+1","Strike_R+1","Strike_R+1","Strike_R+1","Defend_R+1","Defend_R+1","Defend_R+1","Defend_R+1","Bash+1","Impervious","Iron Wave+1","Iron Wave+1","Ghostly Armor","Shrug It Off","Warcry","True Grit+1","Cleave","Cleave","Whirlwind+1","Battle Trance"],"relics":["Burning Blood","Bag of Preparation","Golden Idol","Turnip","Red Skull","Philosopher\u0027s Stone","Mango","Juzu Bracelet","Ancient Tea Set","Chemical X"],"potions_floor_usage":[16,16,24,33,33],"damage_taken":[{"damage":0,"enemies":"2 Louse","floor":1,"turns":3},{"damage":5,"enemies":"Cultist","floor":3,"turns":4},{"damage":1,"enemies":"Jaw Worm","floor":5,"turns":3},{"damage":6,"enemies":"Large Slime","floor":7,"turns":6},{"damage":0,"enemies":"Blue Slaver","floor":11,"turns":4},{"damage":0,"enemies":"Exordium Wildlife","floor":14,"turns":5},{"damage":48,"enemies":"The Guardian","floor":16,"turns":16},{"damage":10,"enemies":"3 Byrds","floor":18,"turns":9},{"damage":3,"enemies":"Chosen","floor":19,"turns":6},{"damage":17,"enemies":"Shelled Parasite and Fungi","floor":21,"turns":8},{"damage":29,"enemies":"Cultist and Chosen","floor":24,"turns":5},{"damage":15,"enemies":"Gremlin Leader","floor":25,"turns":5},{"damage":79,"enemies":"Automaton","floor":33,"turns":12}],"seed_played":"-4635246946573797986","potions_obtained":[{"floor":3,"key":"Weak Potion"},{"floor":11,"key":"Poison Potion"},{"floor":16,"key":"BloodPotion"},{"floor":21,"key":"AttackPotion"},{"floor":25,"key":"Block Potion"}],"is_trial":false,"path_per_floor":["M","?","M","$","M","R","M","?","T","R","M","?","T","M","R","B",null,"M","M","?","M","?","R","M","E","T","R","?","?","?","$","R","B"],"character_chosen":"IRONCLAD","items_purchased":["Chemical X"],"campfire_rested":1,"item_purchase_floors":[31],"current_hp_per_floor":[80,80,80,80,80,80,80,60,60,60,66,55,55,61,61,19,80,76,79,79,68,68,68,45,50,50,50,41,41,41,41,69,0],"gold":272,"neow_bonus":"RANDOM_COMMON_RELIC","is_prod":false,"is_daily":false,"chose_seed":false,"campfire_upgraded":5,"win_rate":0,"timestamp":1547713119,"path_taken":["M","?","M","$","M","R","?","?","T","R","M","?","?","M","R","BOSS","M","M","?","M","?","R","M","E","T","R","?","?","?","$","R","BOSS"],"build_version":"2019-01-10","purchased_purges":2,"victory":false,"max_hp_per_floor":[80,80,80,80,80,80,80,80,80,80,80,80,80,80,80,80,80,80,80,80,80,80,80,80,94,94,94,94,94,94,94,94,94],"card_choices":[{"not_picked":["Wild Strike","Reckless Charge","Havoc"],"picked":"SKIP","floor":1},{"not_picked":["Warcry","Wild Strike"],"picked":"Iron Wave","floor":3},{"not_picked":["Impervious","Clash"],"picked":"Ghostly Armor","floor":5},{"not_picked":["Wild Strike","Twin Strike","Searing Blow"],"picked":"SKIP","floor":7},{"not_picked":["Flame Barrier","Rupture"],"picked":"Shrug It Off","floor":11},{"not_picked":["Clothesline","Evolve"],"picked":"Warcry","floor":14},{"not_picked":["Reaper","Exhume"],"picked":"Limit Break","floor":16},{"not_picked":["Uppercut","Havoc"],"picked":"True Grit","floor":18},{"not_picked":["Dropkick","Anger"],"picked":"Cleave","floor":19},{"not_picked":["Searing Blow+1","Thunderclap"],"picked":"Cleave","floor":21},{"not_picked":["Shrug It Off","Thunderclap+1"],"picked":"Whirlwind","floor":24},{"not_picked":["Rampage","Pummel","Wild Strike"],"picked":"SKIP","floor":25}],"player_experience":94175,"relics_obtained":[{"floor":9,"key":"Turnip"},{"floor":13,"key":"Red Skull"},{"floor":25,"key":"Mango"},{"floor":26,"key":"Juzu Bracelet"}],"event_choices":[{"damage_healed":0,"gold_gain":0,"player_choice":"2 cards matched","damage_taken":0,"max_hp_gain":0,"max_hp_loss":0,"event_name":"Match and Keep!","floor":2,"gold_loss":0,"cards_obtained":["Impervious","Iron Wave"]},{"damage_healed":0,"gold_gain":0,"player_choice":"Take Damage","damage_taken":20,"relics_obtained":["Golden Idol"],"max_hp_gain":0,"max_hp_loss":0,"event_name":"Golden Idol","floor":8,"gold_loss":0},{"damage_healed":0,"gold_gain":75,"player_choice":"Gather Gold","damage_taken":11,"max_hp_gain":0,"max_hp_loss":0,"event_name":"World of Goop","floor":12,"gold_loss":0},{"damage_healed":0,"gold_gain":0,"player_choice":"Simplicity","damage_taken":0,"max_hp_gain":0,"max_hp_loss":0,"event_name":"Back to Basics","floor":20,"gold_loss":0,"cards_upgraded":["Strike_R","Strike_R","Strike_R","Strike_R","Defend_R","Defend_R","Defend_R","Defend_R"]},{"damage_healed":0,"gold_gain":0,"player_choice":"Ignored","damage_taken":0,"max_hp_gain":0,"max_hp_loss":0,"event_name":"Ghosts","floor":22,"gold_loss":0},{"damage_healed":0,"gold_gain":75,"player_choice":"Touch","damage_taken":9,"max_hp_gain":0,"max_hp_loss":0,"event_name":"FaceTrader","floor":28,"gold_loss":0},{"damage_healed":0,"gold_gain":0,"player_choice":"Opened","damage_taken":0,"relics_obtained":["Ancient Tea Set"],"max_hp_gain":0,"max_hp_loss":0,"event_name":"The Mausoleum","floor":29,"gold_loss":0,"cards_obtained":["Writhe"]},{"damage_healed":0,"gold_gain":0,"cards_transformed":["Limit Break","Writhe"],"player_choice":"Became Test Subject","damage_taken":0,"max_hp_gain":0,"max_hp_loss":0,"event_name":"Drug Dealer","floor":30,"gold_loss":0,"cards_obtained":["Battle Trance","Clumsy"]}],"is_beta":false,"boss_relics":[{"not_picked":["Orrery","Black Blood"],"picked":"Philosopher\u0027s Stone"}],"items_purged_floors":[4,31],"is_endless":false,"potions_floor_spawned":[3,11,16,21,25],"killed_by":"Automaton","ascension_level":0}