{"gold_per_floor":[117,137,137,151,111,111,136,26,49,59,59,94,112,137,137,241,241,253,523,543,555,570,599,610,610,610,645,665,665,700,719,719,821,821,831,831,545,558,578,606,618,650,650,650,750,750,750],"floor_reached":47,"playtime":9212,"items_purged":["Reflex"],"score":883,"play_id":"f51d4e6a-b214-430e-acad-f0b73b8b1707","local_time":"20190524124105","is_ascension_mode":true,"campfire_choices":[{"data":"Neutralize","floor":6.0,"key":"SMITH"},{"data":"Footwork","floor":15.0,"key":"SMITH"},{"floor":25.0,"key":"REST"},{"floor":32,"key":"REST"},{"floor":44,"key":"RECALL"}],"neow_cost":"NONE","seed_source_timestamp":455207709961449,"circlet_count":0,"master_deck":["Survivor","Neutralize+1","Endless Agony","Bane","Blade Dance","Adrenaline+1","Footwork+1","Predator","Cloak And Dagger","Doppelganger","Dash","Dash","Deadly Poison+1","Footwork","Deadly Poison","Wraith Form v2","After Image","PiercingWail","PiercingWail+1","Footwork+1","Backflip+1","Catalyst","After Image","Footwork","Escape Plan","Noxious Fumes+1"],"special_seed":0,"relics":["Pandora\u0027s Box","Ancient Tea Set","Meat on the Bone","Blood Vial","Bottled Tornado","Letter Opener","Regal Pillow","Fusion Hammer","Blue Candle","Snake Skull","Torii","War Paint","Runic Dome","Happy Flower","Thread and Needle","Bottled Flame","Peace Pipe"],"potions_floor_usage":[40],"damage_taken":[{"damage":0.0,"enemies":"Cultist","floor":1.0,"turns":3.0},{"damage":0.0,"enemies":"Small Slimes","floor":2.0,"turns":3.0},{"damage":0.0,"enemies":"2 Louse","floor":4.0,"turns":3.0},{"damage":0.0,"enemies":"Gremlin Nob","floor":7.0,"turns":3.0},{"damage":2.0,"enemies":"Red Slaver","floor":10.0,"turns":3.0},{"damage":6.0,"enemies":"Lagavulin","floor":12.0,"turns":6.0},{"damage":0.0,"enemies":"Exordium Thugs","floor":13.0,"turns":4.0},{"damage":6.0,"enemies":"Gremlin Nob","floor":14.0,"turns":4.0},{"damage":19.0,"enemies":"Hexaghost","floor":16.0,"turns":8.0},{"damage":7.0,"enemies":"2 Thieves","floor":18.0,"turns":5.0},{"damage":2.0,"enemies":"Shell Parasite","floor":20.0,"turns":5.0},{"damage":4.0,"enemies":"Chosen and Byrds","floor":21.0,"turns":6.0},{"damage":2.0,"enemies":"Shelled Parasite and Fungi","floor":22.0,"turns":6.0},{"damage":3.0,"enemies":"Gremlin Leader","floor":23.0,"turns":7.0},{"damage":7.0,"enemies":"Sentry and Sphere","floor":24.0,"turns":7.0},{"damage":20.0,"enemies":"Slavers","floor":27.0,"turns":7.0},{"damage":0.0,"enemies":"Snecko","floor":28.0,"turns":6.0},{"damage":3,"enemies":"Book of Stabbing","floor":30,"turns":7},{"damage":0,"enemies":"3 Cultists","floor":31,"turns":7},{"damage":54,"enemies":"Collector","floor":33,"turns":8},{"damage":0,"enemies":"3 Shapes","floor":35,"turns":5},{"damage":8,"enemies":"Orb Walker","floor":38,"turns":6},{"damage":29,"enemies":"3 Darklings","floor":39,"turns":7},{"damage":20,"enemies":"Reptomancer","floor":40,"turns":7},{"damage":0,"enemies":"Maw","floor":41,"turns":6},{"damage":0,"enemies":"Nemesis","floor":42,"turns":7},{"damage":6,"enemies":"Mind Bloom Boss Battle","floor":45,"turns":7},{"damage":43,"enemies":"Reptomancer","floor":47,"turns":6}],"seed_played":"-2277187830748044254","potions_obtained":[{"floor":1.0,"key":"Energy Potion"},{"floor":5.0,"key":"Weak Potion"},{"floor":5.0,"key":"EssenceOfSteel"},{"floor":5.0,"key":"Ancient Potion"},{"floor":7.0,"key":"Ancient Potion"},{"floor":20.0,"key":"Poison Potion"},{"floor":22.0,"key":"SteroidPotion"},{"floor":28.0,"key":"SpeedPotion"},{"floor":31,"key":"LiquidBronze"},{"floor":33,"key":"Dexterity Potion"},{"floor":39,"key":"Fire Potion"},{"floor":40,"key":"Strength Potion"}],"is_trial":false,"path_per_floor":["M","M","?","M","?","R","E","$","T","M","T","E","M","E","R","B",null,"M","?","M","M","M","E","M","R","T","E","M","?","E","M","R","B",null,"M","?","$","M","M","E","M","E","T","R","?","?","E"],"character_chosen":"THE_SILENT","items_purchased":["Footwork","Footwork","Happy Flower","Escape Plan"],"campfire_rested":2,"item_purchase_floors":[8,37,37,37],"current_hp_per_floor":[63,63,60,60,60,60,60,60,60,60,60,56,58,54,54,37,62,57,29,41,39,39,38,45,70,70,50,52,52,51,53,70,28,60,62,55,55,49,34,28,42,44,44,44,40,40,0],"gold":750,"neow_bonus":"BOSS_RELIC","is_prod":false,"is_daily":false,"chose_seed":false,"campfire_upgraded":2,"win_rate":0,"timestamp":1558681865,"path_taken":["M","?","?","M","?","R","E","$","T","?","?","E","M","E","R","BOSS","M","?","M","M","M","E","?","R","T","E","M","?","E","M","R","BOSS","M","?","$","M","?","E","M","E","T","R","?","?","E"],"build_version":"2019-01-23","purchased_purges":1,"victory":false,"max_hp_per_floor":[70,70,70,70,70,70,70,70,70,70,70,70,70,70,70,70,70,70,70,70,70,70,70,70,70,70,70,70,70,70,70,70,70,70,70,70,70,70,70,70,70,70,70,70,70,70,70],"card_choices":[{"not_picked":["Riddle With Holes","Deflect"],"picked":"Dash","floor":1.0},{"not_picked":["Poisoned Stab","Dagger Throw"],"picked":"Dash","floor":2.0},{"not_picked":["Poisoned Stab","Outmaneuver"],"picked":"Deadly Poison","floor":4.0},{"not_picked":["PiercingWail","Tactician","Masterful Stab"],"picked":"SKIP","floor":7.0},{"not_picked":["Prepared","Leg Sweep"],"picked":"Deadly Poison","floor":10.0},{"not_picked":["Deflect","Die Die Die"],"picked":"Wraith Form v2","floor":12.0},{"not_picked":["Finisher","Outmaneuver","Riddle With Holes"],"picked":"SKIP","floor":13.0},{"not_picked":["Sucker Punch","Dagger Throw","Finisher"],"picked":"SKIP","floor":14.0},{"not_picked":["Storm of Steel","Envenom"],"picked":"After Image","floor":16.0},{"not_picked":["Slice","Setup","Deflect"],"picked":"SKIP","floor":18.0},{"not_picked":["Outmaneuver+1","Endless Agony"],"picked":"PiercingWail","floor":20.0},{"not_picked":["Backflip","Sucker Punch"],"picked":"PiercingWail+1","floor":21.0},{"not_picked":["Leg Sweep","Blur"],"picked":"Footwork+1","floor":22.0},{"not_picked":["Grand Finale","Prepared","Underhanded Strike"],"picked":"SKIP","floor":23.0},{"not_picked":["Reflex+1","Cloak And Dagger","Sucker Punch"],"picked":"SKIP","floor":24.0},{"not_picked":["Dagger Throw","Flying Knee","Slice"],"picked":"SKIP","floor":27.0},{"not_picked":["Well Laid Plans","Cloak And Dagger"],"picked":"Backflip+1","floor":28.0},{"not_picked":["Flying Knee","Tactician","Cloak And Dagger"],"picked":"SKIP","floor":30},{"not_picked":["Slice","Expertise"],"picked":"Catalyst","floor":31},{"not_picked":["Venomology","Die Die Die"],"picked":"After Image","floor":33},{"not_picked":["Backflip","Blur","Distraction"],"picked":"SKIP","floor":35},{"not_picked":["Acrobatics+1","Skewer","Blade Dance"],"picked":"SKIP","floor":38},{"not_picked":["PiercingWail+1","Endless Agony+1","Phantasmal Killer"],"picked":"SKIP","floor":39},{"not_picked":["Choke","Prepared","Accuracy"],"picked":"SKIP","floor":40},{"not_picked":["Sucker Punch","Dagger Throw"],"picked":"Noxious Fumes+1","floor":41},{"not_picked":["Underhanded Strike","Acrobatics+1","Reflex+1"],"picked":"SKIP","floor":42}],"player_experience":705805,"relics_obtained":[{"floor":7.0,"key":"Meat on the Bone"},{"floor":9.0,"key":"Blood Vial"},{"floor":11.0,"key":"Bottled Tornado"},{"floor":12.0,"key":"Letter Opener"},{"floor":14.0,"key":"Regal Pillow"},{"floor":23.0,"key":"Blue Candle"},{"floor":26.0,"key":"Snake Skull"},{"floor":27.0,"key":"Torii"},{"floor":30,"key":"War Paint"},{"floor":40,"key":"Thread and Needle"},{"floor":42,"key":"Bottled Flame"},{"floor":45,"key":"Peace Pipe"}],"event_choices":[{"damage_healed":0.0,"max_hp_gain":0.0,"max_hp_loss":0.0,"gold_gain":0.0,"event_name":"Scrap Ooze","player_choice":"Success","floor":3.0,"gold_loss":0.0,"damage_taken":3.0,"relics_obtained":["Ancient Tea Set"]},{"damage_healed":0.0,"max_hp_gain":0.0,"max_hp_loss":0.0,"gold_gain":0.0,"event_name":"The Woman in Blue","player_choice":"Bought 3 Potions","floor":5.0,"gold_loss":0.0,"damage_taken":0.0},{"damage_healed":0.0,"max_hp_gain":0.0,"max_hp_loss":0.0,"gold_gain":270.0,"event_name":"Knowing Skull","player_choice":"GOLD GOLD GOLD ","floor":19.0,"potions_obtained":[],"gold_loss":0.0,"damage_taken":28.0,"cards_obtained":[]},{"cards_removed":["Outmaneuver"],"damage_healed":0,"gold_gain":0,"player_choice":"Elegance","damage_taken":0,"max_hp_gain":0,"max_hp_loss":0,"event_name":"Back to Basics","floor":29,"gold_loss":0},{"damage_healed":0,"gold_gain":0,"player_choice":"Damaged","damage_taken":7,"max_hp_gain":0,"max_hp_loss":0,"event_name":"Wheel of Change","floor":36,"gold_loss":0},{"damage_healed":0,"gold_gain":0,"player_choice":"Fight","damage_taken":0,"max_hp_gain":0,"max_hp_loss":0,"event_name":"MindBloom","floor":45,"gold_loss":0},{"damage_healed":0,"gold_gain":0,"player_choice":"Ignored","damage_taken":0,"max_hp_gain":0,"max_hp_loss":0,"event_name":"Tomb of Lord Red Mask","floor":46,"gold_loss":0}],"is_beta":false,"boss_relics":[{"not_picked":["Orrery","Calling Bell"],"picked":"Fusion Hammer"},{"not_picked":["Runic Pyramid","Snecko Eye"],"picked":"Runic Dome"}],"items_purged_floors":[8],"is_endless":false,"potions_floor_spawned":[1,7,10,20,22,28,31,33,39,40,42],"killed_by":"Reptomancer","ascension_level":7}