{"gold_per_floor":[115,130,150,228,241,241,260,272,272,282,74,74,4,16,16,114,114,126,137,137,151,166,194,194,207,207,207,220,236,256,273,273,378,378,392,392,410,72,118,118,150,150,175,175,175,201,221,233,233,233],"floor_reached":51,"playtime":5159,"items_purged":["Strike_G+1"],"score":852,"play_id":"c9dbcac3-08b6-48a5-9a30-76c4f5eb1797","local_time":"20190505091242","is_ascension_mode":false,"campfire_choices":[{"data":"Underhanded Strike","floor":6.0,"key":"SMITH"},{"floor":12.0,"key":"REST"},{"data":"Adrenaline","floor":15.0,"key":"SMITH"},{"floor":24.0,"key":"REST"},{"floor":32,"key":"REST"},{"floor":40,"key":"REST"},{"data":"After Image","floor":42,"key":"SMITH"},{"data":"Night Terror","floor":44,"key":"SMITH"},{"data":"Enlightenment","floor":49,"key":"SMITH"}],"neow_cost":"NONE","seed_source_timestamp":0,"circlet_count":0,"master_deck":["Defend_G+1","Defend_G+1","Defend_G+1","Defend_G+1","Defend_G+1","Strike_G+1","Strike_G+1","Strike_G+1","Survivor","Neutralize+1","Acrobatics","Underhanded Strike+1","Flying Knee","All Out Attack","Underhanded Strike","Adrenaline+1","Dash","Footwork","Well Laid Plans","After Image+1","Dagger Throw","Underhanded Strike","Caltrops+1","Dash","Unload","Underhanded Strike+1","Dash","Night Terror+1","Cloak And Dagger+1","Blade Dance+1","Backstab","Storm of Steel","Acrobatics","Cloak And Dagger","Enlightenment+1"],"special_seed":0,"relics":["Ring of the Serpent","Ninja Scroll","Shuriken","Kunai","Black Star","Gambling Chip","PreservedInsect","Dead Branch","Bird Faced Urn","Letter Opener"],"potions_floor_usage":[33,33,39,50],"damage_taken":[{"damage":6.0,"enemies":"Jaw Worm","floor":1.0,"turns":5.0},{"damage":0.0,"enemies":"Small Slimes","floor":2.0,"turns":3.0},{"damage":1.0,"enemies":"Cultist","floor":3.0,"turns":4.0},{"damage":5.0,"enemies":"3 Louse","floor":5.0,"turns":4.0},{"damage":3.0,"enemies":"Large Slime","floor":7.0,"turns":6.0},{"damage":7.0,"enemies":"Exordium Wildlife","floor":8.0,"turns":5.0},{"damage":4.0,"enemies":"3 Louse","floor":10.0,"turns":2.0},{"damage":5.0,"enemies":"2 Fungi Beasts","floor":14.0,"turns":3.0},{"damage":7.0,"enemies":"Slime Boss","floor":16.0,"turns":9.0},{"damage":0.0,"enemies":"3 Byrds","floor":18.0,"turns":4.0},{"damage":2.0,"enemies":"Shell Parasite","floor":19.0,"turns":7.0},{"damage":7.0,"enemies":"Snake Plant","floor":21.0,"turns":6.0},{"damage":15.0,"enemies":"Sentry and Sphere","floor":22.0,"turns":7.0},{"damage":8.0,"enemies":"Book of Stabbing","floor":23.0,"turns":6.0},{"damage":13.0,"enemies":"3 Cultists","floor":25.0,"turns":7.0},{"damage":12.0,"enemies":"Chosen and Byrds","floor":28.0,"turns":5.0},{"damage":18,"enemies":"Centurion and Healer","floor":29,"turns":4},{"damage":3,"enemies":"Snake Plant","floor":30,"turns":3},{"damage":0,"enemies":"Snecko","floor":31,"turns":4},{"damage":0,"enemies":"Champ","floor":33,"turns":12},{"damage":2,"enemies":"Orb Walker","floor":35,"turns":3},{"damage":0,"enemies":"3 Shapes","floor":37,"turns":6},{"damage":20,"enemies":"2 Orb Walkers","floor":39,"turns":5},{"damage":0,"enemies":"Nemesis","floor":41,"turns":5},{"damage":0,"enemies":"Giant Head","floor":46,"turns":4},{"damage":0,"enemies":"Jaw Worm Horde","floor":47,"turns":2},{"damage":3,"enemies":"Sphere and 2 Shapes","floor":48,"turns":3},{"damage":58,"enemies":"Time Eater","floor":50,"turns":15}],"seed_played":"2033552560030043598","potions_obtained":[{"floor":2.0,"key":"Block Potion"},{"floor":7.0,"key":"LiquidBronze"},{"floor":8.0,"key":"AttackPotion"},{"floor":19.0,"key":"Swift Potion"},{"floor":37,"key":"GamblersBrew"},{"floor":39,"key":"Block Potion"},{"floor":41,"key":"FearPotion"}],"is_trial":false,"path_per_floor":["?","?","?","M","?","?","?"],"character_chosen":"THE_SILENT","items_purchased":["Adrenaline","Dash","Footwork","Backstab","Storm of Steel","Acrobatics"],"campfire_rested":4,"item_purchase_floors":[11,11,13,38,38,38],"current_hp_per_floor":[64,64,63,63,58,58,55,48,48,44,44,65,65,60,60,53,70,70,68,68,61,46,38,59,46,46,46,34,16,13,13,34,34,70,68,68,68,68,48,69,69,69,69,69,69,69,70,67,67,17],"gold":233,"neow_bonus":"UPGRADE_CARD","is_prod":false,"is_daily":false,"chose_seed":false,"campfire_upgraded":5,"win_rate":0,"timestamp":1557061962,"path_taken":["M","M","M","?","M","R","M","M","T","M","$","R","$","M","R","BOSS","M","M","?","M","M","E","R","M","T","?","?","M","M","M","R","BOSS","M","?","M","$","?","R","E","R","T","R","?","E","M","M","R","BOSS"],"build_version":"2019-01-23","purchased_purges":1,"victory":true,"max_hp_per_floor":[70,70,70,70,70,70,70,70,70,70,70,70,70,70,70,70,70,70,70,70,70,70,70,70,70,70,70,70,70,70,70,70,70,70,70,70,70,70,70,70,70,70,70,70,70,70,70,70,70,70],"card_choices":[{"not_picked":["Deadly Poison","Dodge and Roll"],"picked":"Acrobatics","floor":1.0},{"not_picked":["Outmaneuver","Concentrate"],"picked":"Sucker Punch","floor":2.0},{"not_picked":["Cloak And Dagger","Poisoned Stab"],"picked":"Underhanded Strike","floor":3.0},{"not_picked":["Blade Dance","Poisoned Stab"],"picked":"Flying Knee","floor":5.0},{"not_picked":["Grand Finale","Dagger Spray","Slice"],"picked":"SKIP","floor":7.0},{"not_picked":["Deflect","Dodge and Roll"],"picked":"All Out Attack","floor":8.0},{"not_picked":["Poisoned Stab","Acrobatics"],"picked":"Underhanded Strike","floor":10.0},{"not_picked":["Leg Sweep","Flechettes"],"picked":"Well Laid Plans","floor":14.0},{"not_picked":["Night Terror","Burst"],"picked":"After Image","floor":16.0},{"not_picked":["Slice","Blade Dance"],"picked":"Dagger Throw","floor":18.0},{"not_picked":["Dagger Spray","Dodge and Roll"],"picked":"Underhanded Strike","floor":19.0},{"not_picked":["Blade Dance","Well Laid Plans"],"picked":"Caltrops+1","floor":21.0},{"not_picked":["Calculated Gamble","Dagger Spray","Infinite Blades"],"picked":"SKIP","floor":22.0},{"not_picked":["Dagger Throw","Blur"],"picked":"Dash","floor":23.0},{"not_picked":["PiercingWail","Quick Slash"],"picked":"Unload","floor":25.0},{"not_picked":["Backflip","Riddle With Holes","Dodge and Roll"],"picked":"SKIP","floor":28},{"not_picked":["Bane","Slice"],"picked":"Underhanded Strike+1","floor":29},{"not_picked":["Prepared","Bane","Setup+1"],"picked":"SKIP","floor":30},{"not_picked":["Sucker Punch+1","Prepared"],"picked":"Dash","floor":31},{"not_picked":["Bullet Time","Malaise"],"picked":"Night Terror","floor":33},{"not_picked":["Dagger Spray","Poisoned Stab"],"picked":"Cloak And Dagger+1","floor":35},{"not_picked":["Crippling Poison","Bane+1"],"picked":"Blade Dance+1","floor":37},{"not_picked":["Quick Slash","PiercingWail+1"],"picked":"Cloak And Dagger","floor":39},{"not_picked":["Blur+1","Catalyst+1","Outmaneuver+1"],"picked":"SKIP","floor":41},{"not_picked":["Blur+1","Catalyst+1","Outmaneuver+1"],"picked":"SKIP","floor":41},{"not_picked":["Panacea","Violence"],"picked":"Enlightenment","floor":45},{"not_picked":["Deflect+1","Accuracy","PiercingWail"],"picked":"SKIP","floor":46},{"not_picked":["Sucker Punch+1","Flechettes","Poisoned Stab"],"picked":"SKIP","floor":47},{"not_picked":["Blade Dance","Terror","Cloak And Dagger"],"picked":"SKIP","floor":48}],"player_experience":480689,"relics_obtained":[{"floor":9.0,"key":"Ninja Scroll"},{"floor":23.0,"key":"Shuriken"},{"floor":26.0,"key":"Kunai"},{"floor":39,"key":"Gambling Chip"},{"floor":41,"key":"PreservedInsect"},{"floor":41,"key":"Dead Branch"},{"floor":46,"key":"Bird Faced Urn"},{"floor":46,"key":"Letter Opener"}],"event_choices":[{"damage_healed":0.0,"max_hp_gain":0.0,"max_hp_loss":0.0,"gold_gain":78.0,"event_name":"Golden Wing","player_choice":"Gained Gold","floor":4.0,"gold_loss":0.0,"damage_taken":0.0},{"damage_healed":0.0,"max_hp_gain":0.0,"max_hp_loss":0.0,"gold_gain":0.0,"event_name":"Back to Basics","player_choice":"Simplicity","floor":20.0,"gold_loss":0.0,"damage_taken":0.0,"cards_upgraded":["Defend_G","Defend_G","Defend_G","Defend_G","Defend_G","Strike_G","Strike_G","Strike_G","Strike_G","Strike_G"]},{"cards_removed":["Strike_G"],"damage_healed":0.0,"max_hp_gain":0.0,"max_hp_loss":0.0,"gold_gain":0.0,"event_name":"Purifier","player_choice":"Purged","floor":27.0,"gold_loss":0.0,"damage_taken":0.0},{"cards_removed":["Sucker Punch"],"damage_healed":0,"gold_gain":0,"player_choice":"Removed Attack","damage_taken":0,"max_hp_gain":0,"max_hp_loss":0,"event_name":"Falling","floor":36,"gold_loss":0},{"damage_healed":0,"gold_gain":0,"player_choice":"Fight","damage_taken":0,"max_hp_gain":0,"max_hp_loss":0,"event_name":"Mysterious Sphere","floor":39,"gold_loss":0},{"damage_healed":0,"gold_gain":0,"player_choice":"Memory 1","damage_taken":0,"max_hp_gain":0,"max_hp_loss":0,"event_name":"SensoryStone","floor":45,"gold_loss":0}],"is_beta":false,"boss_relics":[{"not_picked":["Busted Crown","Tiny House"],"picked":"Ring of the Serpent"},{"not_picked":["Orrery","White Beast Statue"],"picked":"Black Star"}],"items_purged_floors":[38],"is_endless":false,"potions_floor_spawned":[2,7,8,10,14,19,22,23,25,29,37,39,41],"ascension_level":0}