{"gold_per_floor":[359,372,182,194,194,194,227,244,267,287,287,356,381,393,393,468,468,480,530,580,530,580,580,640,672,672,689,689,446,446,465,465,465],"floor_reached":33,"playtime":1019,"items_purged":["Strike_R","Strike_R","Strike_R"],"score":512,"play_id":"a52ed436-dcb4-48e9-af9c-3bccedaf7271","local_time":"20190414004126","is_ascension_mode":true,"campfire_choices":[{"data":"Enlightenment","floor":6,"key":"SMITH"},{"data":"Armaments","floor":11,"key":"SMITH"},{"data":"Shockwave","floor":15,"key":"SMITH"},{"floor":23,"key":"REST"},{"floor":28,"key":"REST"},{"data":"Offering","floor":30,"key":"SMITH"},{"floor":32,"key":"REST"}],"neow_cost":"TEN_PERCENT_HP_LOSS","seed_source_timestamp":32073804049088,"circlet_count":0,"master_deck":["AscendersBane","Strike_R","Defend_R","Defend_R","Defend_R","Defend_R","Bash","Iron Wave","Anger","Enlightenment+1","Headbutt","Clothesline","Shockwave+1","Armaments+1","Flame Barrier","Impervious","Sword Boomerang","Clothesline","Offering+1","Uppercut","Master of Strategy"],"relics":["Burning Blood","SsserpentHead","Strawberry","Bronze Scales","Smiling Mask","Lizard Tail","Kunai","Shuriken"],"potions_floor_usage":[14,27,33],"damage_taken":[{"damage":2,"enemies":"2 Louse","floor":1,"turns":3},{"damage":1,"enemies":"Cultist","floor":2,"turns":3},{"damage":10,"enemies":"Small Slimes","floor":4,"turns":3},{"damage":28,"enemies":"Lagavulin","floor":7,"turns":7},{"damage":13,"enemies":"3 Louse","floor":8,"turns":4},{"damage":6,"enemies":"Red Slaver","floor":10,"turns":3},{"damage":1,"enemies":"Blue Slaver","floor":12,"turns":4},{"damage":15,"enemies":"3 Sentries","floor":13,"turns":7},{"damage":7,"enemies":"Lots of Slimes","floor":14,"turns":2},{"damage":31,"enemies":"The Guardian","floor":16,"turns":14},{"damage":18,"enemies":"Chosen","floor":18,"turns":4},{"damage":6,"enemies":"Spheric Guardian","floor":24,"turns":4},{"damage":41,"enemies":"Slavers","floor":25,"turns":7},{"damage":6,"enemies":"Centurion and Healer","floor":27,"turns":6},{"damage":11,"enemies":"Snake Plant","floor":31,"turns":4},{"damage":109,"enemies":"Collector","floor":33,"turns":15}],"seed_played":"-6937477524286884451","potions_obtained":[{"floor":2,"key":"Explosive Potion"},{"floor":10,"key":"Block Potion"},{"floor":14,"key":"Dexterity Potion"},{"floor":27,"key":"Dexterity Potion"}],"is_trial":false,"path_per_floor":["M","M","$","M","?","R","E","M","T","M","R","M","E","M","R","B",null,"M","?","?","$","?","R","M","E","T","M","R","$","R","M","R","B"],"character_chosen":"IRONCLAD","items_purchased":["Enlightenment","Headbutt","Master of Strategy"],"campfire_rested":3,"item_purchase_floors":[3,3,29],"current_hp_per_floor":[68,68,68,64,64,64,49,42,42,42,42,47,38,37,37,12,59,47,47,26,26,26,50,50,15,15,15,39,39,39,34,58,0],"gold":465,"neow_bonus":"TWO_FIFTY_GOLD","is_prod":false,"is_daily":false,"chose_seed":false,"campfire_upgraded":4,"win_rate":0,"timestamp":1555170086,"path_taken":["M","M","$","M","?","R","E","M","T","M","R","?","E","M","R","BOSS","M","?","?","$","?","R","?","E","T","M","R","$","R","M","R","BOSS"],"build_version":"2019-01-23","purchased_purges":3,"victory":false,"max_hp_per_floor":[68,68,68,68,68,68,75,75,75,75,75,75,75,75,75,75,75,75,75,80,80,80,80,80,80,80,80,80,80,80,80,80,80],"card_choices":[{"not_picked":["Infernal Blade","Warcry"],"picked":"Iron Wave","floor":1},{"not_picked":["Rupture","Flex"],"picked":"Anger","floor":2},{"not_picked":["Clash","Perfected Strike"],"picked":"Clothesline","floor":4},{"not_picked":["Fire Breathing","Wild Strike"],"picked":"Shockwave","floor":7},{"not_picked":["Havoc","Sword Boomerang"],"picked":"Armaments","floor":8},{"not_picked":["Thunderclap","Cleave"],"picked":"Flame Barrier","floor":10},{"not_picked":["Sword Boomerang","Perfected Strike"],"picked":"Impervious","floor":12},{"not_picked":["Whirlwind","Clothesline"],"picked":"Sword Boomerang","floor":13},{"not_picked":["Armaments","Combust"],"picked":"Clothesline","floor":14},{"not_picked":["Demon Form","Fiend Fire"],"picked":"Offering","floor":16},{"not_picked":["Perfected Strike","Reckless Charge"],"picked":"Uppercut","floor":18},{"not_picked":["Twin Strike","Body Slam","Shockwave"],"picked":"SKIP","floor":24},{"not_picked":["Twin Strike","Body Slam","Shockwave"],"picked":"SKIP","floor":24},{"not_picked":["Twin Strike","Body Slam","Shockwave"],"picked":"SKIP","floor":24},{"not_picked":["Wild Strike","Flex+1","Shockwave"],"picked":"SKIP","floor":25},{"not_picked":["Flex","Reaper","Perfected Strike"],"picked":"SKIP","floor":27},{"not_picked":["Flex","Shockwave","Wild Strike"],"picked":"SKIP","floor":31}],"player_experience":446889,"relics_obtained":[{"floor":7,"key":"Strawberry"},{"floor":9,"key":"Bronze Scales"},{"floor":13,"key":"Smiling Mask"},{"floor":25,"key":"Kunai"},{"floor":26,"key":"Shuriken"}],"event_choices":[{"damage_healed":0,"gold_gain":0,"player_choice":"Trade","damage_taken":0,"relics_obtained":["SsserpentHead"],"max_hp_gain":0,"max_hp_loss":0,"event_name":"FaceTrader","floor":5,"gold_loss":0},{"damage_healed":0,"gold_gain":0,"player_choice":"Ignored","damage_taken":0,"max_hp_gain":0,"max_hp_loss":0,"event_name":"Vampires","floor":19,"gold_loss":0},{"damage_healed":0,"gold_gain":0,"player_choice":"Shed Blood","damage_taken":26,"max_hp_gain":5,"max_hp_loss":0,"event_name":"Forgotten Altar","floor":20,"gold_loss":0},{"cards_removed":["Strike_R"],"damage_healed":0,"gold_gain":0,"player_choice":"Purged","damage_taken":0,"max_hp_gain":0,"max_hp_loss":0,"event_name":"Purifier","floor":22,"gold_loss":0}],"is_beta":false,"boss_relics":[{"not_picked":["Runic Dome","Coffee Dripper"],"picked":"Lizard Tail"}],"items_purged_floors":[3,21,29],"is_endless":false,"potions_floor_spawned":[2,10,13,14,27,31],"killed_by":"Collector","ascension_level":17}