{"gold_per_floor":[117,136,155,155,174,174,189,224,298,0,0,0,34,45,45,143,143,163,149,21,39,39,70,87,104,128,157,176,176,191,211,211,211],"floor_reached":33,"playtime":2869,"items_purged":["Normality"],"score":303,"play_id":"f2e7c3a4-a650-464f-b5a6-99df6bc4547d","local_time":"20190218184717","is_ascension_mode":false,"campfire_choices":[{"data":"Spot Weakness","floor":6,"key":"SMITH"},{"floor":11,"key":"REST"},{"floor":15,"key":"REST"},{"floor":29,"key":"REST"},{"floor":32,"key":"REST"}],"neow_cost":"NONE","seed_source_timestamp":508214152597646,"circlet_count":0,"master_deck":["Strike_R","Strike_R","Strike_R","Strike_R","Strike_R","Defend_R","Defend_R","Defend_R","Defend_R+1","Bash+1","Spot Weakness+1","Pommel Strike","Perfected Strike","Searing Blow","Heavy Blade","Shrug It Off","Anger","Juggernaut","Heavy Blade","Bludgeon","Injury","Sever Soul","Infernal Blade","Body Slam","Heavy Blade+1","Strike_G","Infernal Blade","Armaments","Fiend Fire","Limit Break","Anger","Seeing Red"],"relics":["Burning Blood","Anchor","Art of War","FossilizedHelix","Self Forming Clay","Gremlin Horn","Lantern","Calling Bell","Bag of Marbles","Question Card","Ginger","Magic Flower","Pen Nib","Pear"],"potions_floor_usage":[23,23,31,33],"damage_taken":[{"damage":1,"enemies":"Cultist","floor":1,"turns":3},{"damage":5,"enemies":"Jaw Worm","floor":2,"turns":6},{"damage":0,"enemies":"2 Louse","floor":3,"turns":2},{"damage":22,"enemies":"Gremlin Gang","floor":5,"turns":6},{"damage":0,"enemies":"Exordium Wildlife","floor":7,"turns":3},{"damage":30,"enemies":"Gremlin Nob","floor":8,"turns":4},{"damage":13,"enemies":"3 Sentries","floor":13,"turns":5},{"damage":0,"enemies":"3 Louse","floor":14,"turns":2},{"damage":14,"enemies":"Slime Boss","floor":16,"turns":9},{"damage":6,"enemies":"Shell Parasite","floor":18,"turns":3},{"damage":10,"enemies":"2 Thieves","floor":19,"turns":4},{"damage":9,"enemies":"Shelled Parasite and Fungi","floor":21,"turns":4},{"damage":13,"enemies":"Slavers","floor":23,"turns":4},{"damage":11,"enemies":"Sentry and Sphere","floor":24,"turns":5},{"damage":31,"enemies":"Cultist and Chosen","floor":25,"turns":6},{"damage":32,"enemies":"Gremlin Leader","floor":27,"turns":6},{"damage":1,"enemies":"Shelled Parasite and Fungi","floor":28,"turns":3},{"damage":13,"enemies":"3 Cultists","floor":30,"turns":5},{"damage":12,"enemies":"Centurion and Healer","floor":31,"turns":5},{"damage":108,"enemies":"Automaton","floor":33,"turns":8}],"seed_played":"-4604399133715172119","potions_obtained":[{"floor":1,"key":"SkillPotion"},{"floor":5,"key":"GamblersBrew"},{"floor":13,"key":"Explosive Potion"},{"floor":14,"key":"Dexterity Potion"},{"floor":23,"key":"GamblersBrew"},{"floor":24,"key":"PowerPotion"},{"floor":25,"key":"PowerPotion"},{"floor":27,"key":"FairyPotion"}],"is_trial":false,"path_per_floor":["?","M","$","?","?","M"],"character_chosen":"IRONCLAD","items_purchased":["Gremlin Horn","Anger","Body Slam"],"campfire_rested":4,"item_purchase_floors":[10,10,20],"current_hp_per_floor":[80,80,80,80,64,64,70,46,46,46,70,54,47,53,77,69,80,80,76,76,73,73,66,64,42,42,29,37,64,60,57,84,0],"gold":211,"neow_bonus":"RANDOM_COMMON_RELIC","is_prod":false,"is_daily":false,"chose_seed":false,"campfire_upgraded":1,"win_rate":0.0,"timestamp":1550533637,"path_taken":["M","M","M","?","M","R","?","E","T","?","R","?","E","M","R","BOSS","M","M","$","M","?","E","?","M","T","E","M","R","M","M","R","BOSS"],"build_version":"2019-01-23","purchased_purges":1,"victory":false,"max_hp_per_floor":[80,80,80,80,80,80,80,80,80,80,80,80,80,80,80,80,80,80,80,80,80,80,80,80,80,80,90,90,90,90,90,90,90],"card_choices":[{"not_picked":["Battle Trance","Clash"],"picked":"Spot Weakness","floor":1},{"not_picked":["Clash","Twin Strike"],"picked":"Pommel Strike","floor":2},{"not_picked":["Corruption","Searing Blow"],"picked":"Perfected Strike","floor":3},{"not_picked":["Clash","Rampage"],"picked":"Searing Blow","floor":5},{"not_picked":["Hemokinesis","Armaments"],"picked":"Heavy Blade","floor":7},{"not_picked":["True Grit","Sword Boomerang"],"picked":"Shrug It Off","floor":8},{"not_picked":["Clothesline","True Grit"],"picked":"Juggernaut","floor":13},{"not_picked":["Body Slam","Corruption"],"picked":"Heavy Blade","floor":14},{"not_picked":["Offering","Brutality"],"picked":"Bludgeon","floor":16},{"not_picked":["Shrug It Off","Warcry","Flex"],"picked":"Sever Soul","floor":18},{"not_picked":["Twin Strike+1","Clash+1","Blood for Blood"],"picked":"Infernal Blade","floor":19},{"not_picked":["Armaments+1","Flex","True Grit"],"picked":"Heavy Blade+1","floor":21},{"not_picked":["Fiend Fire","Fire Breathing","Cleave"],"picked":"Infernal Blade","floor":23},{"not_picked":["Flex","Clash","Warcry"],"picked":"Armaments","floor":24},{"not_picked":["Dropkick","Iron Wave","Warcry","Clothesline"],"picked":"SKIP","floor":25},{"not_picked":["Cleave+1","Twin Strike+1","Sword Boomerang"],"picked":"Fiend Fire","floor":27},{"not_picked":["Metallicize+1","Dual Wield","Thunderclap"],"picked":"Limit Break","floor":28},{"not_picked":["Thunderclap","Shrug It Off","Searing Blow"],"picked":"Anger","floor":30},{"not_picked":["Bloodletting","True Grit","Combust"],"picked":"Seeing Red","floor":31}],"player_experience":105207,"relics_obtained":[{"floor":8,"key":"FossilizedHelix"},{"floor":9,"key":"Self Forming Clay"},{"floor":13,"key":"Lantern"},{"floor":17,"key":"Bag of Marbles"},{"floor":17,"key":"Question Card"},{"floor":17,"key":"Ginger"},{"floor":23,"key":"Magic Flower"},{"floor":26,"key":"Pen Nib"},{"floor":27,"key":"Pear"}],"event_choices":[{"damage_healed":0,"gold_gain":0,"player_choice":"Gave Potion","damage_taken":0,"relics_obtained":["Art of War"],"max_hp_gain":0,"max_hp_loss":0,"event_name":"WeMeetAgain","floor":4,"gold_loss":0},{"damage_healed":0,"gold_gain":0,"player_choice":"Entered Light","damage_taken":16,"max_hp_gain":0,"max_hp_loss":0,"event_name":"Shining Light","floor":12,"gold_loss":0,"cards_upgraded":["Defend_R","Bash"]},{"cards_removed":["Decay"],"damage_healed":0,"gold_gain":0,"player_choice":"Took Card","damage_taken":0,"max_hp_gain":0,"max_hp_loss":0,"event_name":"NoteForYourself","floor":22,"gold_loss":0,"cards_obtained":["Strike_G"]}],"is_beta":false,"boss_relics":[{"not_picked":["Velvet Choker","Busted Crown"],"picked":"Calling Bell"}],"items_purged_floors":[20],"is_endless":false,"potions_floor_spawned":[1,5,13,14,21,23,24,25,27],"killed_by":"Automaton","ascension_level":0}