{"gold_per_floor":[213,388,402,44,63,63,93,107,107,107,139,139,214,227,227,326,326,326,296,296,1,1,1,1,1,1,1,1,1,1,1,1,1,1,1,1,1,1,1,1,1,1,1,1,1,0,0,0,0,0],"floor_reached":50,"playtime":9481,"items_purged":["Doubt"],"score":894,"play_id":"b111190f-5a1e-43c0-a916-b5efa0965e58","local_time":"20190519042911","is_ascension_mode":true,"campfire_choices":[{"data":"Bash","floor":6.0,"key":"SMITH"},{"data":"Corruption","floor":10.0,"key":"SMITH"},{"data":"Barricade","floor":12.0,"key":"SMITH"},{"data":"Spot Weakness","floor":15.0,"key":"SMITH"},{"data":"Immolate","floor":23.0,"key":"SMITH"},{"data":"Disarm","floor":30.0,"key":"SMITH"},{"data":"Feed","floor":32.0,"key":"SMITH"},{"data":"Impervious","floor":41.0,"key":"SMITH"},{"data":"Inflame","floor":47.0,"key":"SMITH"},{"floor":49.0,"key":"RECALL"}],"neow_cost":"NONE","seed_source_timestamp":0,"circlet_count":0,"master_deck":["Strike_R","Strike_R","Strike_R","Strike_R","Strike_R","Defend_R","Defend_R","Defend_R","Defend_R","Bash+1","Dropkick","Spot Weakness+1","Corruption+1","Headbutt","Barricade+1","Whirlwind+1","Immolate+1","Inflame+1","Impervious+1","Shrug It Off","Warcry+1","Shrug It Off","Carnage+1","Disarm+1","Body Slam+1","Feed+1","Juggernaut","Madness","Madness","Finesse","Entrench+1","Warcry+1","Warcry+1"],"special_seed":0,"relics":["Burning Blood","Strange Spoon","Ancient Tea Set","Happy Flower","Blue Candle","Ectoplasm","Incense Burner","Sundial","Anchor","Ginger","Oddly Smooth Stone","Velvet Choker","Turnip","Champion Belt","Bag of Preparation","Red Mask","Old Coin"],"potions_floor_usage":[],"damage_taken":[{"damage":5.0,"enemies":"Small Slimes","floor":1.0,"turns":4.0},{"damage":17.0,"enemies":"2 Louse","floor":3.0,"turns":3.0},{"damage":0.0,"enemies":"Cultist","floor":5.0,"turns":3.0},{"damage":10.0,"enemies":"Lagavulin","floor":7.0,"turns":6.0},{"damage":10.0,"enemies":"Large Slime","floor":8.0,"turns":7.0},{"damage":15.0,"enemies":"3 Sentries","floor":11.0,"turns":4.0},{"damage":0.0,"enemies":"3 Louse","floor":14.0,"turns":1.0},{"damage":51.0,"enemies":"The Guardian","floor":16.0,"turns":8.0},{"damage":1.0,"enemies":"Spheric Guardian","floor":18.0,"turns":4.0},{"damage":12.0,"enemies":"2 Thieves","floor":19.0,"turns":2.0},{"damage":0.0,"enemies":"3 Cultists","floor":22.0,"turns":4.0},{"damage":24.0,"enemies":"Slavers","floor":24.0,"turns":2.0},{"damage":5.0,"enemies":"Snecko","floor":25.0,"turns":5.0},{"damage":0.0,"enemies":"Book of Stabbing","floor":28.0,"turns":5.0},{"damage":0.0,"enemies":"Snake Plant","floor":29.0,"turns":2.0},{"damage":0.0,"enemies":"Gremlin Leader","floor":31.0,"turns":5.0},{"damage":63.0,"enemies":"Collector","floor":33.0,"turns":7.0},{"damage":19.0,"enemies":"3 Darklings","floor":35.0,"turns":11.0},{"damage":5.0,"enemies":"3 Shapes","floor":36.0,"turns":7.0},{"damage":0.0,"enemies":"Maw","floor":39.0,"turns":11.0},{"damage":0.0,"enemies":"Nemesis","floor":40.0,"turns":5.0},{"damage":30.0,"enemies":"Giant Head","floor":42.0,"turns":7.0},{"damage":0.0,"enemies":"Spire Growth","floor":44.0,"turns":6.0},{"damage":19.0,"enemies":"Reptomancer","floor":45.0,"turns":10.0},{"damage":43.0,"enemies":"Nemesis","floor":48.0,"turns":9.0},{"damage":34,"enemies":"Time Eater","floor":50,"turns":3}],"seed_played":"8292037717436337601","potions_obtained":[{"floor":3.0,"key":"SkillPotion"},{"floor":8.0,"key":"SneckoOil"},{"floor":14.0,"key":"FearPotion"},{"floor":16.0,"key":"FairyPotion"},{"floor":22.0,"key":"PowerPotion"},{"floor":24.0,"key":"Explosive Potion"},{"floor":28.0,"key":"SkillPotion"},{"floor":31.0,"key":"Dexterity Potion"},{"floor":33.0,"key":"Energy Potion"},{"floor":35.0,"key":"EssenceOfSteel"},{"floor":39.0,"key":"PowerPotion"},{"floor":45.0,"key":"Explosive Potion"}],"is_trial":false,"path_per_floor":["M","?","M","$","M","R","E","M","T","R","E","R","?","M","R","B",null,"M","M","?","$","M","R","E","M","T","$","E","M","R","E","R","B",null,"M","M","?","?","M","E","R","E","T","M","E","?","R","E","R","B"],"character_chosen":"IRONCLAD","items_purchased":["Corruption","Strange Spoon","Incense Burner"],"campfire_rested":0,"item_purchase_floors":[4,4,21],"current_hp_per_floor":[80,80,69,69,75,75,71,67,67,67,58,58,47,53,53,8,80,80,74,74,74,80,80,62,63,63,63,69,75,75,80,80,23,80,71,84,72,72,82,88,88,68,68,74,65,65,65,32,32,0],"gold":0,"neow_bonus":"HUNDRED_GOLD","is_prod":false,"is_daily":false,"chose_seed":false,"campfire_upgraded":9,"win_rate":0,"timestamp":1558220351,"path_taken":["M","?","M","$","M","R","E","M","T","R","E","R","?","M","R","BOSS","M","M","?","$","M","R","E","M","T","?","E","M","R","E","R","BOSS","M","M","?","?","M","E","R","E","T","M","E","?","R","E","R","BOSS"],"build_version":"2019-01-23","purchased_purges":1,"victory":false,"max_hp_per_floor":[80,80,80,80,80,80,80,80,80,80,80,80,80,80,80,80,80,80,80,80,80,80,80,80,80,80,80,80,80,80,80,80,80,80,84,96,96,96,100,100,100,104,104,104,108,108,108,112,112,112],"card_choices":[{"not_picked":["Havoc","Warcry"],"picked":"Dropkick","floor":1.0},{"not_picked":["Heavy Blade","Clash"],"picked":"Spot Weakness","floor":3.0},{"not_picked":["Heavy Blade","Perfected Strike"],"picked":"Headbutt","floor":5.0},{"not_picked":["Reckless Charge","Combust"],"picked":"Barricade","floor":7.0},{"not_picked":["Anger","Fire Breathing"],"picked":"Whirlwind","floor":8.0},{"not_picked":["Sever Soul","Second Wind"],"picked":"Immolate","floor":11.0},{"not_picked":["Clothesline","Blood for Blood"],"picked":"Inflame","floor":14.0},{"not_picked":["Limit Break","Barricade"],"picked":"Impervious","floor":16.0},{"not_picked":["Cleave","Clash"],"picked":"Shrug It Off","floor":18.0},{"not_picked":["Havoc+1","Iron Wave"],"picked":"Warcry+1","floor":19.0},{"not_picked":["Twin Strike","True Grit+1"],"picked":"Shrug It Off","floor":22.0},{"not_picked":["Havoc","Flex","Armaments"],"picked":"SKIP","floor":24.0},{"not_picked":["Clash","Anger"],"picked":"Carnage+1","floor":25.0},{"not_picked":["Perfected Strike","Twin Strike"],"picked":"Disarm","floor":28.0},{"not_picked":["Warcry","Combust"],"picked":"Body Slam+1","floor":29.0},{"not_picked":["Entrench","Intimidate"],"picked":"Feed","floor":31.0},{"not_picked":["Offering","Brutality"],"picked":"Juggernaut","floor":33.0},{"not_picked":["Armaments","Perfected Strike","Anger"],"picked":"SKIP","floor":35.0},{"not_picked":["Flex+1","Body Slam+1","Headbutt"],"picked":"SKIP","floor":36.0},{"not_picked":["Sadistic Nature","Apotheosis"],"picked":"Finesse","floor":38.0},{"not_picked":["Clash","Iron Wave"],"picked":"Entrench+1","floor":39.0},{"not_picked":["Dropkick+1","Havoc"],"picked":"Warcry+1","floor":40.0},{"not_picked":["Immolate","Warcry","Searing Blow+1"],"picked":"SKIP","floor":42.0},{"not_picked":["Clothesline+1","Perfected Strike"],"picked":"Warcry+1","floor":44.0},{"not_picked":["Flex+1","Clash","Armaments+1"],"picked":"SKIP","floor":45.0},{"not_picked":["Sentinel","Seeing Red+1","True Grit+1"],"picked":"SKIP","floor":48.0}],"player_experience":469317,"relics_obtained":[{"floor":7.0,"key":"Ancient Tea Set"},{"floor":9.0,"key":"Happy Flower"},{"floor":11.0,"key":"Blue Candle"},{"floor":24.0,"key":"Sundial"},{"floor":26.0,"key":"Anchor"},{"floor":28.0,"key":"Ginger"},{"floor":31.0,"key":"Oddly Smooth Stone"},{"floor":40.0,"key":"Turnip"},{"floor":42.0,"key":"Champion Belt"},{"floor":45.0,"key":"Bag of Preparation"},{"floor":48.0,"key":"Old Coin"}],"event_choices":[{"damage_healed":0.0,"max_hp_gain":0.0,"max_hp_loss":0.0,"gold_gain":175.0,"event_name":"Liars Game","player_choice":"AGREE","floor":2.0,"gold_loss":0.0,"damage_taken":0.0,"cards_obtained":["Doubt"]},{"damage_healed":0.0,"max_hp_gain":0.0,"max_hp_loss":0.0,"gold_gain":75.0,"event_name":"World of Goop","player_choice":"Gather Gold","floor":13.0,"gold_loss":0.0,"damage_taken":11.0},{"damage_healed":0.0,"max_hp_gain":0.0,"max_hp_loss":0.0,"gold_gain":0.0,"event_name":"Upgrade Shrine","player_choice":"Upgraded","floor":20.0,"gold_loss":0.0,"damage_taken":0.0,"cards_upgraded":["Whirlwind"]},{"damage_healed":0.0,"max_hp_gain":0.0,"max_hp_loss":0.0,"gold_gain":0.0,"event_name":"Winding Halls","player_choice":"Embrace Madness","floor":37.0,"gold_loss":0.0,"damage_taken":12.0,"cards_obtained":["Madness","Madness"]},{"damage_healed":0.0,"max_hp_gain":0.0,"max_hp_loss":0.0,"gold_gain":0.0,"event_name":"SensoryStone","player_choice":"Memory 1","floor":38.0,"gold_loss":0.0,"damage_taken":0.0},{"damage_healed":0.0,"max_hp_gain":0.0,"max_hp_loss":0.0,"gold_gain":0.0,"event_name":"Tomb of Lord Red Mask","player_choice":"Paid","floor":46.0,"gold_loss":1.0,"damage_taken":0.0,"relics_obtained":["Red Mask"]}],"is_beta":false,"boss_relics":[{"not_picked":["Runic Pyramid","Black Blood"],"picked":"Ectoplasm"},{"not_picked":["Fusion Hammer","Pandora\u0027s Box"],"picked":"Velvet Choker"}],"items_purged_floors":[4],"is_endless":false,"potions_floor_spawned":[3,8,14,16,22,24,28,31,33,35,39,40,45],"killed_by":"Time Eater","ascension_level":4}