{"gold_per_floor":[213,224,244,260,271,271,289,289,289,307,320,320,49,62,62,161,161,181,191,211,211,126,158,158,28,53,68,88,105,139,175,175,277,277,288,305,99,99,111,145,12,12,38,138,138,138,154,170,170,170],"floor_reached":51,"playtime":7050,"items_purged":["Strike_B"],"score":692,"play_id":"4926f1ac-8227-44d4-b999-8e5aae807361","local_time":"20190217204310","is_ascension_mode":false,"campfire_choices":[{"floor":6,"key":"REST"},{"data":"Turbo","floor":8,"key":"SMITH"},{"data":"Electrodynamics","floor":12,"key":"SMITH"},{"data":"Undo","floor":15,"key":"SMITH"},{"data":"Reboot","floor":24,"key":"SMITH"},{"data":"Fission","floor":32,"key":"SMITH"},{"floor":42,"key":"REST"},{"data":"Defragment","floor":46,"key":"SMITH"},{"data":"Rainbow","floor":49,"key":"SMITH"}],"neow_cost":"NONE","seed_source_timestamp":424579378573407,"circlet_count":0,"master_deck":["Strike_B","Strike_B","Strike_B","Defend_B","Defend_B","Defend_B","Defend_B","Zap","Dualcast","Steam","Hologram","Undo+1","Turbo+1","Redo","Turbo","Self Repair","Electrodynamics+1","Magnetism","Steam","Loop","FTL","Multi-Cast","Steam+1","Storm+1","Genetic Algorithm","Hello World","Redo","Reboot+1","Defragment+1","Coolheaded","Heatsinks","Storm","Self Repair","Streamline","Fission+1","Rainbow+1","Sunder","Tempest","All For One","Leap","Stack+1","Thunder Strike+1","Self Repair","Leap","Tempest","Parasite","Sunder+1","Turbo"],"relics":["FrozenCore","Bag of Preparation","Philosopher\u0027s Stone","Art of War","Orichalcum","Lantern","Molten Egg 2","Dream Catcher","Turnip"],"potions_floor_usage":[16,17],"damage_taken":[{"damage":4,"enemies":"2 Louse","floor":1,"turns":3},{"damage":0,"enemies":"Cultist","floor":2,"turns":3},{"damage":6,"enemies":"Jaw Worm","floor":3,"turns":4},{"damage":1,"enemies":"Blue Slaver","floor":4,"turns":4},{"damage":11,"enemies":"Exordium Wildlife","floor":5,"turns":8},{"damage":2,"enemies":"Red Slaver","floor":7,"turns":4},{"damage":0,"enemies":"2 Fungi Beasts","floor":10,"turns":4},{"damage":13,"enemies":"Large Slime","floor":11,"turns":5},{"damage":0,"enemies":"3 Louse","floor":14,"turns":2},{"damage":35,"enemies":"The Guardian","floor":16,"turns":10},{"damage":30,"enemies":"2 Thieves","floor":18,"turns":4},{"damage":21,"enemies":"Chosen","floor":19,"turns":5},{"damage":13,"enemies":"Snake Plant","floor":20,"turns":4},{"damage":15,"enemies":"Gremlin Leader","floor":23,"turns":5},{"damage":11,"enemies":"Chosen and Byrds","floor":27,"turns":5},{"damage":13,"enemies":"Sentry and Sphere","floor":28,"turns":4},{"damage":2,"enemies":"Cultist and Chosen","floor":29,"turns":3},{"damage":13,"enemies":"Book of Stabbing","floor":30,"turns":4},{"damage":10,"enemies":"Centurion and Healer","floor":31,"turns":5},{"damage":42,"enemies":"Automaton","floor":33,"turns":7},{"damage":12,"enemies":"3 Shapes","floor":35,"turns":2},{"damage":11,"enemies":"3 Darklings","floor":36,"turns":4},{"damage":19,"enemies":"Spire Growth","floor":39,"turns":5},{"damage":51,"enemies":"Giant Head","floor":40,"turns":10},{"damage":27,"enemies":"Mind Bloom Boss Battle","floor":44,"turns":6},{"damage":13,"enemies":"Writhing Mass","floor":47,"turns":4},{"damage":0,"enemies":"Sphere and 2 Shapes","floor":48,"turns":2},{"damage":54,"enemies":"Donu and Deca","floor":50,"turns":8}],"seed_played":"-8381762250267787722","potions_obtained":[{"floor":2,"key":"Weak Potion"},{"floor":3,"key":"Swift Potion"},{"floor":5,"key":"Ancient Potion"},{"floor":11,"key":"AttackPotion"},{"floor":16,"key":"Fruit Juice"},{"floor":18,"key":"SpeedPotion"},{"floor":30,"key":"EssenceOfSteel"},{"floor":44,"key":"Regen Potion"}],"is_trial":false,"path_per_floor":["?","$","M","?","M","?","?"],"character_chosen":"DEFECT","items_purchased":["Magnetism","Steam","Loop","Hello World","Redo","Defragment","Coolheaded","All For One","Leap","Self Repair","Leap"],"campfire_rested":2,"item_purchase_floors":[13,13,13,22,22,25,25,37,37,41,41],"current_hp_per_floor":[71,71,65,64,53,75,73,73,73,73,67,67,67,67,67,39,80,57,43,40,80,80,72,72,72,72,61,55,60,61,65,65,23,80,68,64,64,64,52,15,15,39,39,33,70,70,70,70,70,30],"gold":170,"neow_bonus":"HUNDRED_GOLD","is_prod":false,"is_daily":false,"chose_seed":false,"campfire_upgraded":7,"win_rate":0.0,"timestamp":1550454190,"path_taken":["M","M","M","M","M","R","M","R","T","M","M","R","$","M","R","BOSS","M","M","M","?","$","E","R","?","T","M","M","M","E","?","R","BOSS","M","M","$","?","?","E","$","R","T","?","?","R","M","M","R","BOSS"],"build_version":"2019-01-23","purchased_purges":1,"victory":true,"max_hp_per_floor":[75,75,75,75,75,75,75,75,75,75,75,75,75,75,75,75,80,80,80,80,80,80,80,80,80,80,80,80,80,80,80,80,80,80,80,80,80,80,80,80,80,80,80,80,70,70,70,70,70,70],"card_choices":[{"not_picked":["Compile Driver","Beam Cell"],"picked":"Steam","floor":1},{"not_picked":["Barrage","BootSequence"],"picked":"Hologram","floor":2},{"not_picked":["Coolheaded","Recycle"],"picked":"Undo","floor":3},{"not_picked":["Skim","Beam Cell"],"picked":"Turbo","floor":4},{"not_picked":["Hologram","Go for the Eyes"],"picked":"Redo","floor":5},{"not_picked":["Redo","Barrage"],"picked":"Turbo","floor":7},{"not_picked":["Conserve Battery","Hologram"],"picked":"Self Repair","floor":10},{"not_picked":["Doom and Gloom","Barrage"],"picked":"Electrodynamics","floor":11},{"not_picked":["Compile Driver","Steam"],"picked":"FTL","floor":14},{"not_picked":["Biased Cognition","Fission"],"picked":"Multi-Cast","floor":16},{"not_picked":["Compile Driver+1","Redo"],"picked":"Steam+1","floor":18},{"not_picked":["Conserve Battery","Cold Snap+1"],"picked":"Storm+1","floor":19},{"not_picked":["Sweeping Beam+1","Compile Driver+1"],"picked":"Genetic Algorithm","floor":20},{"not_picked":["Compile Driver+1","Sunder"],"picked":"Reboot","floor":23},{"not_picked":["Rebound","Reprogram"],"picked":"Heatsinks","floor":27},{"not_picked":["Redo","Leap"],"picked":"Storm","floor":28},{"not_picked":["Coolheaded","Aggregate+1"],"picked":"Self Repair","floor":29},{"not_picked":["Compile Driver","Steam"],"picked":"Streamline","floor":30},{"not_picked":["Gash","Force Field"],"picked":"Fission","floor":31},{"not_picked":["Hyperbeam","Creative AI"],"picked":"Rainbow","floor":33},{"not_picked":["Turbo","Conserve Battery"],"picked":"Sunder","floor":35},{"not_picked":["Turbo+1","Darkness+1"],"picked":"Tempest","floor":36},{"not_picked":["Cold Snap","Capacitor+1"],"picked":"Stack+1","floor":39},{"not_picked":["Melter+1","Stack+1"],"picked":"Thunder Strike","floor":40},{"not_picked":["BootSequence","Leap+1"],"picked":"Tempest","floor":44},{"not_picked":["Rip and Tear+1","Sweeping Beam+1"],"picked":"Sunder+1","floor":47},{"not_picked":["Gash+1","Cold Snap+1"],"picked":"Turbo","floor":48}],"player_experience":91788,"relics_obtained":[{"floor":9,"key":"Bag of Preparation"},{"floor":23,"key":"Art of War"},{"floor":26,"key":"Orichalcum"},{"floor":30,"key":"Lantern"},{"floor":40,"key":"Molten Egg 2"},{"floor":43,"key":"Dream Catcher"},{"floor":44,"key":"Turnip"}],"event_choices":[{"damage_healed":40,"gold_gain":0,"player_choice":"Full Heal","damage_taken":0,"max_hp_gain":0,"max_hp_loss":0,"event_name":"Wheel of Change","floor":21,"gold_loss":0},{"damage_healed":0,"gold_gain":0,"player_choice":"Ignored","damage_taken":0,"max_hp_gain":0,"max_hp_loss":0,"event_name":"NoteForYourself","floor":38,"gold_loss":0},{"damage_healed":0,"gold_gain":0,"player_choice":"Fight","damage_taken":0,"max_hp_gain":0,"max_hp_loss":0,"event_name":"MindBloom","floor":44,"gold_loss":0},{"damage_healed":70,"gold_gain":0,"player_choice":"Heal","damage_taken":0,"max_hp_gain":0,"max_hp_loss":10,"event_name":"The Moai Head","floor":45,"gold_loss":0}],"is_beta":false,"boss_relics":[{"not_picked":["Inserter","Runic Pyramid"],"picked":"Philosopher\u0027s Stone"},{"not_picked":["Runic Dome","Velvet Choker"],"picked":"FrozenCore"}],"items_purged_floors":[37],"is_endless":false,"potions_floor_spawned":[2,3,5,11,16,18,27,29,30,35,44,47],"ascension_level":0}