{"gold_per_floor":[114,114,39,39,50,50,75,75,99,75,90,109,109,170,170,249,249,261,279,291,110,110,110],"floor_reached":23,"playtime":532,"items_purged":["Strike_R","Headbutt"],"score":414,"play_id":"475adc02-0623-4acc-ab0b-59d2646287ec","local_time":"20190417004110","is_ascension_mode":true,"campfire_choices":[{"data":"Power Through","floor":6,"key":"SMITH"},{"data":"Bash","floor":8,"key":"SMITH"},{"data":"Whirlwind","floor":15,"key":"SMITH"}],"neow_cost":"NONE","seed_source_timestamp":291762167977710,"circlet_count":0,"master_deck":["AscendersBane","Strike_R","Strike_R","Strike_R","Strike_R","Defend_R+1","Defend_R","Defend_R+1","Bash+1","Thunderclap","Power Through+1","Disarm","Perfected Strike","Whirlwind+1","Impervious","Perfected Strike","Second Wind","Heavy Blade+1","Evolve"],"relics":["Burning Blood","NeowsBlessing","CultistMask","Nunchaku","Centennial Puzzle","Tiny Chest","Snecko Eye"],"potions_floor_usage":[16,23],"damage_taken":[{"damage":0,"enemies":"2 Louse","floor":1,"turns":1},{"damage":0,"enemies":"Cultist","floor":5,"turns":1},{"damage":0,"enemies":"Lagavulin","floor":7,"turns":3},{"damage":5,"enemies":"Small Slimes","floor":11,"turns":3},{"damage":13,"enemies":"Blue Slaver","floor":12,"turns":2},{"damage":28,"enemies":"Gremlin Nob","floor":14,"turns":4},{"damage":28,"enemies":"Slime Boss","floor":16,"turns":10},{"damage":28,"enemies":"Shell Parasite","floor":18,"turns":4},{"damage":14,"enemies":"2 Thieves","floor":19,"turns":3},{"damage":15,"enemies":"Cultist and Chosen","floor":20,"turns":4},{"damage":27,"enemies":"Slavers","floor":23,"turns":4}],"seed_played":"2425452132283882323","potions_obtained":[{"floor":1,"key":"Block Potion"},{"floor":7,"key":"AttackPotion"},{"floor":16,"key":"SkillPotion"}],"is_trial":false,"path_per_floor":["M","?","$","?","M","R","E","R","T","$","M","M","?","E","R","B",null,"M","M","M","$","?","E"],"character_chosen":"IRONCLAD","items_purchased":["Perfected Strike","Evolve"],"campfire_rested":0,"item_purchase_floors":[10,21],"current_hp_per_floor":[74,51,51,51,57,57,63,63,63,63,64,57,57,35,35,13,60,38,30,21,21,21,0],"gold":110,"neow_bonus":"THREE_ENEMY_KILL","is_prod":false,"is_daily":false,"chose_seed":false,"campfire_upgraded":3,"win_rate":0,"timestamp":1555429270,"path_taken":["M","?","$","?","M","R","E","R","T","$","?","M","?","E","R","BOSS","M","M","M","$","?","E"],"build_version":"2019-01-23","purchased_purges":2,"victory":false,"max_hp_per_floor":[75,75,75,75,75,75,75,75,75,75,75,75,75,75,75,75,75,75,75,75,75,75,75],"card_choices":[{"not_picked":["Dropkick","Reckless Charge"],"picked":"Thunderclap","floor":1},{"not_picked":["Twin Strike","Anger"],"picked":"Power Through","floor":5},{"not_picked":["Clash","Power Through"],"picked":"Disarm","floor":7},{"not_picked":["Heavy Blade","Power Through","Clash"],"picked":"SKIP","floor":11},{"not_picked":["Thunderclap","Metallicize"],"picked":"Headbutt","floor":12},{"not_picked":["Anger","Rupture","Body Slam"],"picked":"SKIP","floor":14},{"not_picked":["Juggernaut","Fiend Fire"],"picked":"Impervious","floor":16},{"not_picked":["Shrug It Off","Warcry"],"picked":"Perfected Strike","floor":18},{"not_picked":["Pommel Strike","Seeing Red"],"picked":"Second Wind","floor":19},{"not_picked":["Rage","Havoc"],"picked":"Heavy Blade+1","floor":20}],"player_experience":452900,"relics_obtained":[{"floor":7,"key":"Nunchaku"},{"floor":9,"key":"Centennial Puzzle"},{"floor":14,"key":"Tiny Chest"}],"event_choices":[{"damage_healed":0,"gold_gain":0,"player_choice":"Entered Light","damage_taken":23,"max_hp_gain":0,"max_hp_loss":0,"event_name":"Shining Light","floor":2,"gold_loss":0,"cards_upgraded":["Defend_R","Defend_R"]},{"damage_healed":0,"gold_gain":0,"player_choice":"Trade","damage_taken":0,"relics_obtained":["CultistMask"],"max_hp_gain":0,"max_hp_loss":0,"event_name":"FaceTrader","floor":4,"gold_loss":0},{"damage_healed":0,"gold_gain":0,"cards_transformed":["Defend_R"],"player_choice":"Change","damage_taken":0,"max_hp_gain":0,"max_hp_loss":0,"event_name":"Living Wall","floor":13,"gold_loss":0,"cards_obtained":["Whirlwind"]},{"damage_healed":0,"gold_gain":0,"player_choice":"Ignored","damage_taken":0,"max_hp_gain":0,"max_hp_loss":0,"event_name":"Beggar","floor":22,"gold_loss":0}],"is_beta":false,"boss_relics":[{"not_picked":["Mark of Pain","Runic Cube"],"picked":"Snecko Eye"}],"items_purged_floors":[3,21],"is_endless":false,"potions_floor_spawned":[1,7,11,16,18,19],"killed_by":"Slavers","ascension_level":17}