{"gold_per_floor":[113,113,132,232,246,246,271,315,315,0,13,27,41,65,65,193,193,214,139,238,282,282,306,306,324,373,388,388,388,404,418,418,418],"floor_reached":33,"playtime":1356,"items_purged":[],"score":253,"play_id":"2b69f030-4493-4e3a-b510-dc1d02f8e8f6","local_time":"20190524180530","is_ascension_mode":false,"campfire_choices":[{"data":"Anger","floor":6,"key":"SMITH"},{"data":"Flame Barrier","floor":15,"key":"SMITH"},{"floor":24,"key":"REST"},{"data":"True Grit","floor":29,"key":"SMITH"},{"data":"Rage","floor":32,"key":"SMITH"}],"neow_cost":"NONE","seed_source_timestamp":105940069767455,"circlet_count":0,"master_deck":["Strike_R+1","Strike_R+1","Strike_R+1","Strike_R+1","Strike_R+1","Defend_R+1","Defend_R+1","Defend_R+1","Defend_R+1","Bash","Shrug It Off","Headbutt","Shrug It Off","Anger+1","Flame Barrier+1","Clash","True Grit+1","Rage+1","Pommel Strike+1","Spot Weakness","Spot Weakness"],"relics":["Black Blood","Golden Idol","Champion Belt","Pantograph","Shuriken","Red Mask","Bag of Marbles"],"potions_floor_usage":[8,33,33],"damage_taken":[{"damage":0,"enemies":"Small Slimes","floor":1,"turns":3},{"damage":0,"enemies":"2 Louse","floor":3,"turns":2},{"damage":0,"enemies":"Cultist","floor":5,"turns":3},{"damage":6,"enemies":"Gremlin Gang","floor":7,"turns":7},{"damage":34,"enemies":"3 Sentries","floor":8,"turns":12},{"damage":0,"enemies":"Exordium Wildlife","floor":11,"turns":3},{"damage":2,"enemies":"Looter","floor":12,"turns":4},{"damage":3,"enemies":"3 Louse","floor":13,"turns":3},{"damage":1,"enemies":"Exordium Wildlife","floor":14,"turns":6},{"damage":49,"enemies":"The Guardian","floor":16,"turns":12},{"damage":17,"enemies":"3 Byrds","floor":18,"turns":7},{"damage":9,"enemies":"2 Thieves","floor":19,"turns":5},{"damage":58,"enemies":"Masked Bandits","floor":21,"turns":7},{"damage":11,"enemies":"3 Cultists","floor":23,"turns":7},{"damage":12,"enemies":"Shelled Parasite and Fungi","floor":25,"turns":7},{"damage":9,"enemies":"Snake Plant","floor":27,"turns":4},{"damage":20,"enemies":"Sentry and Sphere","floor":30,"turns":6},{"damage":22,"enemies":"Snecko","floor":31,"turns":5},{"damage":56,"enemies":"Collector","floor":33,"turns":9}],"seed_played":"-3345996832537650515","potions_obtained":[{"floor":3,"key":"Regen Potion"},{"floor":8,"key":"Weak Potion"},{"floor":21,"key":"Poison Potion"},{"floor":25,"key":"SteroidPotion"}],"is_trial":false,"path_per_floor":["M","?","M","?","M","R","M","E","T","$","M","M","M","M","R","B",null,"M","M","?","?","?","M","R","M","T","M","?","R","M","M","R","B"],"character_chosen":"IRONCLAD","items_purchased":["Shuriken","Flame Barrier"],"campfire_rested":1,"item_purchase_floors":[10,10],"current_hp_per_floor":[80,60,66,66,72,72,72,59,59,59,65,69,72,77,77,37,80,73,74,74,26,26,25,49,47,47,48,48,48,38,26,26,0],"gold":418,"neow_bonus":"THREE_CARDS","is_prod":false,"is_daily":false,"chose_seed":false,"campfire_upgraded":4,"win_rate":0,"timestamp":1558713930,"path_taken":["M","?","M","?","M","R","M","E","T","$","M","?","M","?","R","BOSS","M","M","?","?","?","M","R","M","T","?","?","R","M","M","R","BOSS"],"build_version":"2019-01-23","purchased_purges":0,"victory":false,"max_hp_per_floor":[80,80,80,80,80,80,80,80,80,80,80,80,80,80,80,80,80,80,80,80,80,80,80,80,80,80,80,80,80,80,80,80,80],"card_choices":[{"not_picked":["Heavy Blade","Iron Wave"],"picked":"Shrug It Off","floor":0},{"not_picked":["Warcry","Armaments"],"picked":"Headbutt","floor":1},{"not_picked":["Body Slam","Heavy Blade"],"picked":"Shrug It Off","floor":3},{"not_picked":["Warcry","Havoc"],"picked":"Anger","floor":5},{"not_picked":["Headbutt","Feel No Pain","Pummel"],"picked":"SKIP","floor":7},{"not_picked":["Flex","Perfected Strike","Berserk"],"picked":"SKIP","floor":8},{"not_picked":["Sentinel","Clothesline","Armaments"],"picked":"SKIP","floor":11},{"not_picked":["Perfected Strike","Power Through"],"picked":"Clash","floor":12},{"not_picked":["Havoc","Second Wind"],"picked":"True Grit","floor":13},{"not_picked":["Searing Blow","Warcry","Iron Wave"],"picked":"SKIP","floor":14},{"not_picked":["Anger","Twin Strike","Pummel"],"picked":"SKIP","floor":18},{"not_picked":["Shrug It Off","Armaments","Perfected Strike+1"],"picked":"SKIP","floor":19},{"not_picked":["Body Slam","Feed"],"picked":"Rage","floor":21},{"not_picked":["Iron Wave","Sword Boomerang","Corruption"],"picked":"SKIP","floor":23},{"not_picked":["Entrench+1","Hemokinesis"],"picked":"Pommel Strike+1","floor":25},{"not_picked":["Twin Strike+1","Sword Boomerang","Feel No Pain"],"picked":"SKIP","floor":27},{"not_picked":["Flex","True Grit"],"picked":"Spot Weakness","floor":30},{"not_picked":["Flame Barrier","Rupture+1","Thunderclap"],"picked":"SKIP","floor":31}],"player_experience":88143,"relics_obtained":[{"floor":8,"key":"Champion Belt"},{"floor":9,"key":"Pantograph"},{"floor":21,"key":"Red Mask"},{"floor":26,"key":"Bag of Marbles"}],"event_choices":[{"damage_healed":0,"gold_gain":0,"player_choice":"Take Damage","damage_taken":20,"relics_obtained":["Golden Idol"],"max_hp_gain":0,"max_hp_loss":0,"event_name":"Golden Idol","floor":2,"gold_loss":0},{"damage_healed":0,"gold_gain":100,"player_choice":"Gold","damage_taken":0,"max_hp_gain":0,"max_hp_loss":0,"event_name":"Wheel of Change","floor":4,"gold_loss":0},{"damage_healed":0,"gold_gain":99,"player_choice":"Stole From Cult","damage_taken":0,"max_hp_gain":0,"max_hp_loss":0,"event_name":"Nest","floor":20,"gold_loss":0},{"damage_healed":0,"gold_gain":0,"player_choice":"Fought Bandits","damage_taken":0,"max_hp_gain":0,"max_hp_loss":0,"event_name":"Masked Bandits","floor":21,"gold_loss":0},{"damage_healed":0,"gold_gain":0,"player_choice":"Simplicity","damage_taken":0,"max_hp_gain":0,"max_hp_loss":0,"event_name":"Back to Basics","floor":22,"gold_loss":0,"cards_upgraded":["Strike_R","Strike_R","Strike_R","Strike_R","Strike_R","Defend_R","Defend_R","Defend_R","Defend_R"]},{"damage_healed":0,"gold_gain":0,"player_choice":"Read","damage_taken":0,"max_hp_gain":0,"max_hp_loss":0,"event_name":"The Library","floor":28,"gold_loss":0,"cards_obtained":["Spot Weakness"]}],"is_beta":false,"boss_relics":[{"not_picked":["Coffee Dripper","Empty Cage"],"picked":"Black Blood"}],"items_purged_floors":[],"is_endless":false,"potions_floor_spawned":[3,8,21,25,30],"killed_by":"Collector","ascension_level":0}