{"gold_per_floor":[109,109,126,140,60,60,74,74,74,35,47,47,64,14,14,111,111,122,37,37,54,54,88,119,131,143,171,200,212,224,256,268,383,395,419,431,453,519,195,195,227,227,227,227,94,106,106,116,116,116],"floor_reached":51,"playtime":3024,"items_purged":[],"score":687,"play_id":"6de56b71-f4a5-4952-9697-a5346f19a7d4","local_time":"20190219012649","is_ascension_mode":false,"campfire_choices":[{"data":"Defragment","floor":6,"key":"SMITH"},{"data":"Genetic Algorithm","floor":8,"key":"SMITH"},{"data":"Storm","floor":12,"key":"SMITH"},{"floor":15,"key":"REST"},{"floor":25,"key":"REST"},{"floor":29,"key":"REST"},{"floor":32,"key":"REST"},{"data":"Capacitor","floor":40,"key":"SMITH"},{"data":"Thunder Strike","floor":42,"key":"SMITH"},{"floor":47,"key":"REST"},{"floor":49,"key":"REST"}],"neow_cost":"NONE","seed_source_timestamp":254759418990202,"circlet_count":0,"master_deck":["Defend_B","Defend_B","Defend_B","Defend_B","Zap","Dualcast","Storm+1","Genetic Algorithm+1","Defragment+1","Capacitor+1","Redo","Capacitor","Storm+1","Redo","Thunder Strike+1","Capacitor+1","Turbo+1","Steam","BootSequence","Loop+1","Steam+1","Reinforced Body+1","Leap+1","Steam Power","Heatsinks+1","Sadistic Nature+1","Flash of Steel","Redo+1","Static Discharge+1","Steam","Hologram","BootSequence","Leap+1"],"relics":["Cracked Core","Potion Belt","Blood Vial","Empty Cage","Frozen Egg 2","MawBank","Oddly Smooth Stone","Cursed Key","Peace Pipe","Happy Flower"],"potions_floor_usage":[16,23,24,24,31,31,33,38,38,48,50,50],"damage_taken":[{"damage":6,"enemies":"Jaw Worm","floor":1,"turns":4},{"damage":1,"enemies":"Cultist","floor":3,"turns":3},{"damage":0,"enemies":"Small Slimes","floor":4,"turns":3},{"damage":27,"enemies":"Exordium Thugs","floor":7,"turns":4},{"damage":8,"enemies":"Red Slaver","floor":11,"turns":3},{"damage":10,"enemies":"Gremlin Gang","floor":13,"turns":3},{"damage":26,"enemies":"Hexaghost","floor":16,"turns":6},{"damage":25,"enemies":"Shell Parasite","floor":18,"turns":4},{"damage":18,"enemies":"2 Thieves","floor":21,"turns":3},{"damage":0,"enemies":"Gremlin Leader","floor":23,"turns":4},{"damage":35,"enemies":"3 Cultists","floor":24,"turns":4},{"damage":17,"enemies":"Snake Plant","floor":27,"turns":4},{"damage":9,"enemies":"Shelled Parasite and Fungi","floor":28,"turns":5},{"damage":5,"enemies":"Centurion and Healer","floor":31,"turns":3},{"damage":41,"enemies":"Collector","floor":33,"turns":7},{"damage":4,"enemies":"Orb Walker","floor":35,"turns":3},{"damage":13,"enemies":"3 Darklings","floor":37,"turns":3},{"damage":8,"enemies":"2 Orb Walkers","floor":38,"turns":4},{"damage":17,"enemies":"Giant Head","floor":41,"turns":7},{"damage":5,"enemies":"4 Shapes","floor":46,"turns":3},{"damage":30,"enemies":"Sphere and 2 Shapes","floor":48,"turns":4},{"damage":21,"enemies":"Time Eater","floor":50,"turns":6}],"seed_played":"8647511292942513748","potions_obtained":[{"floor":3,"key":"Swift Potion"},{"floor":7,"key":"LiquidBronze"},{"floor":18,"key":"PowerPotion"},{"floor":23,"key":"FocusPotion"},{"floor":27,"key":"SteroidPotion"},{"floor":28,"key":"EssenceOfSteel"},{"floor":30,"key":"PowerPotion"},{"floor":30,"key":"LiquidBronze"},{"floor":30,"key":"AttackPotion"},{"floor":38,"key":"Weak Potion"},{"floor":41,"key":"Block Potion"},{"floor":48,"key":"Swift Potion"}],"is_trial":false,"path_per_floor":["M","?","M","M","$","R","M","R","T","$","M","R","M","?","R","B",null,"M","?","?","M","$","E","M","R","T","M","M","R","?","M","R","B",null,"M","?","M","?","$","R","E","R","T","T","$","M","R","M","R","B",null],"character_chosen":"DEFECT","items_purchased":["Capacitor","Capacitor","Heatsinks+1","Sadistic Nature+1","Flash of Steel","Static Discharge+1","Steam","Hologram"],"campfire_rested":6,"item_purchase_floors":[5,10,39,39,39,45,45,45],"current_hp_per_floor":[69,69,68,68,68,68,41,41,41,41,35,35,27,27,49,25,75,50,50,50,34,34,36,3,25,25,10,3,25,25,22,44,5,75,71,71,60,54,54,54,39,39,39,39,39,36,58,30,52,33],"gold":116,"neow_bonus":"RANDOM_COMMON_RELIC","is_prod":false,"is_daily":false,"chose_seed":false,"campfire_upgraded":5,"win_rate":0,"timestamp":1550561209,"path_taken":["M","?","M","?","$","R","M","R","T","?","M","R","M","?","R","BOSS","M","?","?","?","?","E","M","R","T","M","?","R","?","M","R","BOSS","M","?","M","?","$","R","E","R","T","?","?","M","R","M","R","BOSS"],"build_version":"2019-01-23","purchased_purges":0,"victory":true,"max_hp_per_floor":[75,75,75,75,75,75,75,75,75,75,75,75,75,75,75,75,75,75,75,75,75,75,75,75,75,75,75,75,75,75,75,75,75,75,75,75,75,75,75,75,75,75,75,75,75,75,75,75,75,75],"card_choices":[{"not_picked":["Ball Lightning","Leap"],"picked":"Storm","floor":1},{"not_picked":["Cold Snap","Redo"],"picked":"Genetic Algorithm","floor":3},{"not_picked":["Cold Snap","Sweeping Beam"],"picked":"Defragment","floor":4},{"not_picked":["Darkness","Tempest"],"picked":"Redo","floor":7},{"not_picked":["Redo","Beam Cell"],"picked":"Storm","floor":11},{"not_picked":["Leap","Rainbow"],"picked":"Redo","floor":13},{"not_picked":["Amplify","Meteor Strike"],"picked":"Thunder Strike","floor":16},{"not_picked":["Steam","Go for the Eyes"],"picked":"Capacitor+1","floor":18},{"not_picked":["Stack","Chaos"],"picked":"Turbo+1","floor":21},{"not_picked":["Beam Cell","Streamline"],"picked":"Steam","floor":23},{"not_picked":["Coolheaded+1","Gash"],"picked":"BootSequence","floor":24},{"not_picked":["Go for the Eyes","Compile Driver","BootSequence"],"picked":"SKIP","floor":27},{"not_picked":["Rebound+1","Doom and Gloom"],"picked":"Loop+1","floor":28},{"not_picked":["Sunder","Gash"],"picked":"Steam+1","floor":31},{"not_picked":["Sweeping Beam","Fusion+1"],"picked":"Reinforced Body+1","floor":35},{"not_picked":["Cold Snap+1","Sweeping Beam"],"picked":"Leap+1","floor":37},{"not_picked":["Chill+1","Streamline"],"picked":"Steam Power","floor":38},{"not_picked":["Chill","Gash"],"picked":"Redo+1","floor":41},{"not_picked":["Ball Lightning+1","Cold Snap+1"],"picked":"BootSequence","floor":46},{"not_picked":["Stack+1","Recycle+1"],"picked":"Leap+1","floor":48}],"player_experience":174228,"relics_obtained":[{"floor":9,"key":"Blood Vial"},{"floor":23,"key":"MawBank"},{"floor":26,"key":"Oddly Smooth Stone"},{"floor":38,"key":"Peace Pipe"},{"floor":41,"key":"Happy Flower"}],"event_choices":[{"damage_healed":0,"gold_gain":0,"player_choice":"Forge","damage_taken":0,"max_hp_gain":0,"max_hp_loss":0,"event_name":"Accursed Blacksmith","floor":2,"gold_loss":0,"cards_upgraded":["Storm"]},{"cards_removed":["Strike_B"],"damage_healed":0,"gold_gain":0,"player_choice":"Card Removal","damage_taken":0,"max_hp_gain":0,"max_hp_loss":0,"event_name":"The Cleric","floor":14,"gold_loss":50},{"damage_healed":0,"gold_gain":0,"player_choice":"Obtained Relic","damage_taken":0,"relics_obtained":["Frozen Egg 2"],"max_hp_gain":0,"max_hp_loss":0,"event_name":"Addict","floor":19,"gold_loss":85},{"cards_removed":["Strike_B"],"damage_healed":0,"gold_gain":0,"player_choice":"Purged","damage_taken":0,"max_hp_gain":0,"max_hp_loss":0,"event_name":"Purifier","floor":20,"gold_loss":0},{"damage_healed":0,"gold_gain":0,"player_choice":"Got Potions","damage_taken":0,"max_hp_gain":0,"max_hp_loss":0,"event_name":"Lab","floor":30,"gold_loss":0},{"damage_healed":0,"gold_gain":0,"player_choice":"Ignored","damage_taken":0,"max_hp_gain":0,"max_hp_loss":0,"event_name":"Tomb of Lord Red Mask","floor":36,"gold_loss":0},{"damage_healed":0,"gold_gain":0,"player_choice":"Fight","damage_taken":0,"max_hp_gain":0,"max_hp_loss":0,"event_name":"Mysterious Sphere","floor":38,"gold_loss":0}],"is_beta":false,"boss_relics":[{"not_picked":["Runic Pyramid","Pandora\u0027s Box"],"picked":"Empty Cage"},{"not_picked":["Sozu","Lizard Tail"],"picked":"Cursed Key"}],"items_purged_floors":[],"is_endless":false,"potions_floor_spawned":[3,7,18,23,27,28,38,41,48],"ascension_level":0}