{"gold_per_floor":[113,124,124,137,156,188,188,201,282,295,22,22,32,62,62,163,163,174,89,105,105,36,36,49,77,77,104,104,4,23,23,23,125,125,145,72,92,110,20,20,20,20,20,20,20,34,34,47,47,47],"floor_reached":51,"playtime":6342,"items_purged":["Strike_B","Defend_B"],"score":658,"play_id":"1aaa2460-30d6-4f7c-a9f1-a41686df2bf0","local_time":"20180924160948","is_ascension_mode":true,"campfire_choices":[{"data":"Tempest","floor":7,"key":"SMITH"},{"floor":12,"key":"REST"},{"data":"Go for the Eyes","floor":15,"key":"SMITH"},{"data":"Defragment","floor":23,"key":"SMITH"},{"data":"Dualcast","floor":28,"key":"SMITH"},{"data":"Seek","floor":32,"key":"SMITH"},{"data":"Static Discharge","floor":40,"key":"SMITH"},{"data":"Thunder Strike","floor":42,"key":"SMITH"},{"data":"Redo","floor":44,"key":"SMITH"},{"data":"Coolheaded","floor":49,"key":"SMITH"}],"neow_cost":"NONE","seed_source_timestamp":958917662512294,"circlet_count":0,"master_deck":["Strike_B","Strike_B+1","Defend_B","Zap+1","Dualcast+1","Leap","Coolheaded+1","Tempest+1","Leap","Seek+1","Cold Snap","Go for the Eyes+1","Compile Driver","Melter","Leap","Electrodynamics","Redo+1","FTL","Defragment+1","Ball Lightning","Conserve Battery","Thunder Strike+1","Static Discharge+1","Force Field+1"],"relics":["Cracked Core","Bag of Marbles","Matryoshka","Anchor","Du-Vu Doll","Empty Cage","Boot","Enchiridion","Red Mask","Gremlin Horn","Blood Vial","Mango","Busted Crown","Vajra","Happy Flower","StoneCalendar"],"potions_floor_usage":[6,14,33,33,50,50,50],"damage_taken":[{"damage":0,"enemies":"Small Slimes","floor":1,"turns":2},{"damage":2,"enemies":"Jaw Worm","floor":2,"turns":3},{"damage":0,"enemies":"Cultist","floor":4,"turns":4},{"damage":6,"enemies":"2 Fungi Beasts","floor":5,"turns":4},{"damage":15,"enemies":"Gremlin Nob","floor":6,"turns":4},{"damage":1,"enemies":"Looter","floor":8,"turns":3},{"damage":5,"enemies":"Blue Slaver","floor":10,"turns":3},{"damage":0,"enemies":"Red Slaver","floor":13,"turns":3},{"damage":8,"enemies":"3 Sentries","floor":14,"turns":6},{"damage":44,"enemies":"Hexaghost","floor":16,"turns":13},{"damage":6,"enemies":"3 Byrds","floor":18,"turns":4},{"damage":0,"enemies":"Chosen","floor":20,"turns":4},{"damage":0,"enemies":"Snake Plant","floor":24,"turns":3},{"damage":0,"enemies":"Masked Bandits","floor":25,"turns":2},{"damage":4,"enemies":"Slavers","floor":27,"turns":2},{"damage":4,"enemies":"3 Cultists","floor":30,"turns":3},{"damage":8,"enemies":"Collector","floor":33,"turns":6},{"damage":9,"enemies":"3 Shapes","floor":35,"turns":3},{"damage":0,"enemies":"Orb Walker","floor":37,"turns":3},{"damage":0,"enemies":"Sphere and 2 Shapes","floor":38,"turns":2},{"damage":0,"enemies":"4 Shapes","floor":46,"turns":3},{"damage":1,"enemies":"Transient","floor":48,"turns":5},{"damage":12,"enemies":"Time Eater","floor":50,"turns":10}],"seed_played":"-8974355785460911778","potions_obtained":[{"floor":4,"key":"GamblersBrew"},{"floor":5,"key":"EssenceOfSteel"},{"floor":8,"key":"Regen Potion"},{"floor":14,"key":"EssenceOfSteel"},{"floor":16,"key":"SkillPotion"},{"floor":24,"key":"FocusPotion"},{"floor":38,"key":"Block Potion"},{"floor":48,"key":"FearPotion"}],"is_trial":false,"path_per_floor":["M","M","?","M","M","E","R","M","T","M","$","R","M","E","R","B",null,"M","?","M","?","$","R","M","?","T","E","R","$","M","?","R","B",null,"M","$","M","M","?","R","T","R","T","R","$","M","$","M","R","B"],"character_chosen":"DEFECT","items_purchased":["Anchor","Compile Driver","Defragment","Static Discharge"],"campfire_rested":1,"item_purchase_floors":[11,11,22,36],"current_hp_per_floor":[75,73,73,73,67,52,52,51,51,46,46,68,68,74,74,30,75,69,69,69,53,53,53,53,53,53,65,65,65,63,63,63,57,89,87,87,89,89,89,89,89,89,89,89,89,89,89,88,88,77],"gold":47,"neow_bonus":"UPGRADE_CARD","is_prod":false,"is_daily":false,"chose_seed":false,"campfire_upgraded":9,"win_rate":0,"timestamp":1537819788,"path_taken":["M","M","?","M","?","E","R","M","T","M","$","R","M","E","R","BOSS","M","?","?","?","$","R","M","?","T","E","R","$","M","?","R","BOSS","M","$","M","?","?","R","?","R","T","R","?","?","$","M","R","BOSS"],"build_version":"2018-09-20","purchased_purges":2,"victory":true,"max_hp_per_floor":[75,75,75,75,75,75,75,75,75,75,75,75,75,75,75,75,75,75,75,75,75,75,75,75,75,75,89,89,89,89,89,89,89,89,89,89,89,89,89,89,89,89,89,89,89,89,89,89,89,89],"card_choices":[{"not_picked":["Barrage","Ball Lightning"],"picked":"Leap","floor":1},{"not_picked":["Beam Cell","Sweeping Beam"],"picked":"Coolheaded","floor":2},{"not_picked":["Leap","Gash"],"picked":"Tempest","floor":4},{"not_picked":["Ball Lightning","Barrage"],"picked":"Leap","floor":5},{"not_picked":["Creative AI","Streamline"],"picked":"Seek","floor":6},{"not_picked":["Streamline","Stack"],"picked":"Cold Snap","floor":8},{"not_picked":["Hologram","Scrape"],"picked":"Go for the Eyes","floor":10},{"not_picked":["Beam Cell","All For One"],"picked":"Melter","floor":13},{"not_picked":["Rebound","Steam"],"picked":"Leap","floor":14},{"not_picked":["Hyperbeam","Thunder Strike"],"picked":"Electrodynamics","floor":16},{"not_picked":["Fusion","Steam+1"],"picked":"Redo","floor":18},{"not_picked":["Cold Snap+1","Redo"],"picked":"FTL","floor":20},{"not_picked":["Self Repair+1","Chaos+1","Genetic Algorithm"],"picked":"SKIP","floor":24},{"not_picked":["Cold Snap+1","Consume"],"picked":"Ball Lightning","floor":25},{"not_picked":["Recycle","Heatsinks"],"picked":"Conserve Battery","floor":27},{"not_picked":["Steam+1","Turbo","Beam Cell"],"picked":"SKIP","floor":30},{"not_picked":["Steam"],"picked":"SKIP","floor":35},{"not_picked":[],"picked":"Force Field+1","floor":37},{"not_picked":["Genetic Algorithm"],"picked":"SKIP","floor":38},{"not_picked":["Genetic Algorithm"],"picked":"SKIP","floor":38},{"not_picked":["Cold Snap+1"],"picked":"SKIP","floor":46},{"not_picked":["Rebound"],"picked":"SKIP","floor":48}],"player_experience":151599,"relics_obtained":[{"floor":6,"key":"Bag of Marbles"},{"floor":9,"key":"Matryoshka"},{"floor":14,"key":"Du-Vu Doll"},{"floor":21,"key":"Enchiridion"},{"floor":25,"key":"Red Mask"},{"floor":26,"key":"Gremlin Horn"},{"floor":26,"key":"Blood Vial"},{"floor":27,"key":"Mango"},{"floor":41,"key":"Vajra"},{"floor":41,"key":"Happy Flower"},{"floor":43,"key":"StoneCalendar"}],"event_choices":[{"event_name":"Liars Game","player_choice":"disagreed","floor":3,"damage_taken":0},{"event_name":"Addict","player_choice":"Obtained Relic","floor":19,"damage_taken":0},{"event_name":"Cursed Tome","player_choice":"Obtained Book","floor":21,"damage_taken":0},{"event_name":"Masked Bandits","player_choice":"Fought Bandits","floor":25,"damage_taken":0},{"event_name":"The Library","player_choice":"Read","floor":31,"damage_taken":0},{"event_name":"Designer","player_choice":"Full Service","floor":39,"damage_taken":0}],"is_beta":false,"boss_relics":[{"not_picked":["FrozenCore","White Beast Statue"],"picked":"Empty Cage"},{"not_picked":["Sozu","Orrery"],"picked":"Busted Crown"}],"items_purged_floors":[11,29],"is_endless":false,"potions_floor_spawned":[4,5,8,14,16,24,25,38,48],"ascension_level":1}