{"gold_per_floor":[114,127,141,152,167,197,211,231,231,243,243,296,371,45,45,149,149,159,169,169],"floor_reached":20,"playtime":7223,"items_purged":[],"score":180,"play_id":"86e8e1bc-10ef-4656-a9dc-9704fdfb8d44","local_time":"20190221202105","is_ascension_mode":false,"campfire_choices":[{"floor":11,"key":"REST"},{"data":"Feed","floor":15,"key":"SMITH"}],"neow_cost":"NONE","seed_source_timestamp":768624501241011,"circlet_count":0,"master_deck":["Bash","Shockwave","Armaments","Brutality","Thunderclap","Juggernaut","Sever Soul","Seeing Red","Evolve","Spot Weakness","Shrug It Off","Immolate","Feed+1","Flex","Reaper","Entrench","Inflame","Ghostly Armor","Uppercut","Barricade","Clash","Double Tap","Fiend Fire","Iron Wave","Rampage","Iron Wave+1"],"relics":["Burning Blood","Bag of Marbles","Art of War","Regal Pillow","Pandora\u0027s Box"],"potions_floor_usage":[6,7,10],"damage_taken":[{"damage":1,"enemies":"Jaw Worm","floor":1,"turns":3},{"damage":0,"enemies":"2 Louse","floor":2,"turns":3},{"damage":0,"enemies":"Small Slimes","floor":3,"turns":4},{"damage":6,"enemies":"Red Slaver","floor":4,"turns":4},{"damage":11,"enemies":"Lots of Slimes","floor":5,"turns":4},{"damage":52,"enemies":"Gremlin Nob","floor":6,"turns":5},{"damage":6,"enemies":"Large Slime","floor":7,"turns":7},{"damage":14,"enemies":"3 Louse","floor":8,"turns":3},{"damage":14,"enemies":"Gremlin Gang","floor":10,"turns":5},{"damage":34,"enemies":"Slime Boss","floor":16,"turns":9},{"damage":19,"enemies":"Chosen","floor":18,"turns":5},{"damage":50,"enemies":"3 Byrds","floor":19,"turns":7},{"damage":0,"enemies":"Snake Plant","floor":20,"turns":1}],"seed_played":"-6609256853524341851","potions_obtained":[{"floor":1,"key":"BloodPotion"},{"floor":3,"key":"Regen Potion"},{"floor":5,"key":"SpeedPotion"},{"floor":6,"key":"Block Potion"},{"floor":7,"key":"Strength Potion"}],"is_trial":false,"path_per_floor":["?","?","$"],"character_chosen":"IRONCLAD","items_purchased":["Shrug It Off","Immolate","Feed","Flex"],"campfire_rested":1,"item_purchase_floors":[14,14,14,14],"current_hp_per_floor":[80,80,80,80,75,37,52,44,44,36,75,75,64,64,64,36,80,69,34,34],"gold":169,"neow_bonus":"RANDOM_COMMON_RELIC","is_prod":false,"is_daily":false,"chose_seed":false,"campfire_upgraded":1,"win_rate":0.0,"timestamp":1550798465,"path_taken":["M","M","M","M","M","E","M","M","T","M","R","?","?","?","R","BOSS","M","M","M"],"build_version":"2019-01-23","purchased_purges":0,"victory":false,"max_hp_per_floor":[80,80,80,80,80,80,80,80,80,80,80,80,80,80,80,80,80,80,80,80],"card_choices":[{"not_picked":["Iron Wave","True Grit"],"picked":"Shockwave","floor":1},{"not_picked":["Twin Strike","Uppercut"],"picked":"Armaments","floor":2},{"not_picked":["Warcry","Dual Wield"],"picked":"Brutality","floor":3},{"not_picked":["Body Slam","Wild Strike"],"picked":"Thunderclap","floor":4},{"not_picked":["Wild Strike","Rupture"],"picked":"Juggernaut","floor":5},{"not_picked":["Perfected Strike","Pommel Strike"],"picked":"Sever Soul","floor":6},{"not_picked":["Thunderclap","Pommel Strike"],"picked":"Seeing Red","floor":7},{"not_picked":["Twin Strike","Pommel Strike"],"picked":"Evolve","floor":8},{"not_picked":["Clothesline","Heavy Blade"],"picked":"Spot Weakness","floor":10},{"not_picked":["Exhume","Juggernaut"],"picked":"Reaper","floor":16},{"not_picked":["Clothesline+1","Heavy Blade"],"picked":"Rampage","floor":18},{"not_picked":["Pommel Strike","True Grit+1"],"picked":"Iron Wave+1","floor":19}],"player_experience":144892,"relics_obtained":[{"floor":6,"key":"Art of War"},{"floor":9,"key":"Regal Pillow"}],"event_choices":[{"damage_healed":0,"gold_gain":53,"player_choice":"Gained Gold","damage_taken":0,"max_hp_gain":0,"max_hp_loss":0,"event_name":"Golden Wing","floor":12,"gold_loss":0},{"damage_healed":0,"gold_gain":75,"player_choice":"Gather Gold","damage_taken":11,"max_hp_gain":0,"max_hp_loss":0,"event_name":"World of Goop","floor":13,"gold_loss":0}],"is_beta":false,"boss_relics":[{"not_picked":["Snecko Eye","Orrery"],"picked":"Pandora\u0027s Box"}],"items_purged_floors":[],"is_endless":false,"potions_floor_spawned":[1,3,5,6,7],"killed_by":"Snake Plant","ascension_level":0}