{"gold_per_floor":[117,133,133,150,166,194,205,233,233,253,253,273,273,290,290,391,391,410,425,128,144,44,44,71,71,71,104,114,131,131,144,144,242,242,253,253,271,271,297,324,336,336,336,336,366,385,385,385,385,385,385,385,13,40,40],"floor_reached":56,"playtime":10941,"items_purged":["Strike_B","Defend_B"],"score":1236,"play_id":"bac69b7b-5fbd-4e66-aa32-1aeb36f7e363","local_time":"20190513141419","is_ascension_mode":false,"campfire_choices":[{"data":"Seek","floor":13.0,"key":"SMITH"},{"data":"White Noise","floor":15.0,"key":"SMITH"},{"data":"Dualcast","floor":23.0,"key":"SMITH"},{"data":"Zap","floor":32.0,"key":"SMITH"},{"data":"Double Energy","floor":42.0,"key":"SMITH"},{"data":"Biased Cognition","floor":44.0,"key":"SMITH"},{"data":"Creative AI","floor":47.0,"key":"SMITH"},{"floor":49.0,"key":"RECALL"},{"data":"Consume","floor":52.0,"key":"SMITH"}],"neow_cost":"NONE","seed_source_timestamp":336732173557891,"circlet_count":0,"master_deck":["Strike_B","Defend_B+1","Defend_B","Defend_B+1","Zap+1","Dualcast+1","All For One","Conserve Battery","Hologram","Ball Lightning+1","Double Energy+1","BootSequence","FTL+1","Seek+1","Cold Snap+1","Meteor Strike+1","Cold Snap+1","Doom and Gloom+1","White Noise+1","Electrodynamics","Cold Snap+1","Self Repair","Biased Cognition+1","Genetic Algorithm","Reboot","Multi-Cast","Creative AI+1","Consume+1","Hello World+1","Self Repair","Conserve Battery"],"special_seed":0,"relics":["Cracked Core","Molten Egg 2","Vajra","Orichalcum","Mummified Hand","Inserter","Bag of Preparation","Symbiotic Virus","Pocketwatch","Peace Pipe","Busted Crown","War Paint","Letter Opener","Happy Flower","DataDisk","Pear","Bronze Scales"],"potions_floor_usage":[55,55,55],"damage_taken":[{"damage":3.0,"enemies":"Small Slimes","floor":1.0,"turns":3.0},{"damage":0.0,"enemies":"Jaw Worm","floor":2.0,"turns":3.0},{"damage":0.0,"enemies":"Cultist","floor":4.0,"turns":3.0},{"damage":2.0,"enemies":"Large Slime","floor":5.0,"turns":5.0},{"damage":26.0,"enemies":"3 Sentries","floor":6.0,"turns":6.0},{"damage":0.0,"enemies":"Blue Slaver","floor":7.0,"turns":3.0},{"damage":23.0,"enemies":"Gremlin Nob","floor":8.0,"turns":4.0},{"damage":0.0,"enemies":"2 Fungi Beasts","floor":10.0,"turns":2.0},{"damage":4.0,"enemies":"Exordium Thugs","floor":12.0,"turns":4.0},{"damage":0.0,"enemies":"Gremlin Gang","floor":14.0,"turns":2.0},{"damage":5.0,"enemies":"Hexaghost","floor":16.0,"turns":8.0},{"damage":2.0,"enemies":"Shell Parasite","floor":18.0,"turns":5.0},{"damage":7.0,"enemies":"3 Byrds","floor":19.0,"turns":4.0},{"damage":3.0,"enemies":"Shelled Parasite and Fungi","floor":21.0,"turns":5.0},{"damage":8.0,"enemies":"Book of Stabbing","floor":24.0,"turns":3.0},{"damage":10.0,"enemies":"Gremlin Leader","floor":27.0,"turns":4.0},{"damage":1.0,"enemies":"Centurion and Healer","floor":28.0,"turns":2.0},{"damage":0.0,"enemies":"Chosen and Byrds","floor":29.0,"turns":3.0},{"damage":0.0,"enemies":"Snecko","floor":31.0,"turns":2.0},{"damage":30.0,"enemies":"Collector","floor":33.0,"turns":7.0},{"damage":0.0,"enemies":"3 Shapes","floor":35.0,"turns":3.0},{"damage":1.0,"enemies":"3 Darklings","floor":37.0,"turns":3.0},{"damage":26.0,"enemies":"Reptomancer","floor":40.0,"turns":4.0},{"damage":0.0,"enemies":"4 Shapes","floor":41.0,"turns":2.0},{"damage":0.0,"enemies":"Giant Head","floor":45.0,"turns":6.0},{"damage":0.0,"enemies":"Writhing Mass","floor":46.0,"turns":4.0},{"damage":49.0,"enemies":"Time Eater","floor":50.0,"turns":11.0},{"damage":3.0,"enemies":"Shield and Spear","floor":54.0,"turns":3.0},{"damage":49,"enemies":"The Heart","floor":55,"turns":9}],"seed_played":"7701868990350260859","potions_obtained":[{"floor":2.0,"key":"LiquidBronze"},{"floor":4.0,"key":"Dexterity Potion"},{"floor":6.0,"key":"Fire Potion"},{"floor":12.0,"key":"SkillPotion"},{"floor":14.0,"key":"Ancient Potion"},{"floor":19.0,"key":"Energy Potion"},{"floor":24.0,"key":"GamblersBrew"},{"floor":31.0,"key":"SkillPotion"},{"floor":33.0,"key":"Poison Potion"},{"floor":37.0,"key":"Energy Potion"},{"floor":40.0,"key":"Ancient Potion"},{"floor":45.0,"key":"Weak Potion"},{"floor":46.0,"key":"Dexterity Potion"}],"is_trial":false,"path_per_floor":["M","M","?","M","M","E","M","E","T","M","?","M","R","M","R","B",null,"M","M","$","M","$","R","E","?","T","E","M","M","T","M","R","B",null,"M","?","M","?","T","E","M","R","T","R","E","M","R","$","R","B",null,"R","$","E","B",null],"character_chosen":"DEFECT","items_purchased":["Bag of Preparation","Self Repair","Pear","Swift Potion","Self Repair"],"campfire_rested":0,"item_purchase_floors":[20,20,53,53,53],"current_hp_per_floor":[72,72,65,65,63,37,37,14,14,14,14,10,10,10,10,5,75,73,66,66,70,70,70,62,62,62,59,58,65,65,72,72,49,75,75,75,75,75,75,56,63,63,63,63,70,75,75,75,75,33,75,75,85,85,50],"gold":40,"neow_bonus":"ONE_RANDOM_RARE_CARD","is_prod":false,"is_daily":false,"chose_seed":false,"campfire_upgraded":8,"win_rate":0,"timestamp":1557737059,"path_taken":["M","M","?","M","M","E","M","E","T","M","?","M","R","M","R","BOSS","M","M","$","M","?","R","E","?","T","E","M","M","?","M","R","BOSS","M","?","M","?","?","E","M","R","T","R","E","M","R","$","R","BOSS","R","$","E","BOSS"],"build_version":"2019-01-23","purchased_purges":2,"victory":true,"max_hp_per_floor":[75,75,75,75,75,75,75,75,75,75,75,75,75,75,75,75,75,75,75,75,75,75,75,75,75,75,75,75,75,75,75,75,75,75,75,75,75,75,75,75,75,75,75,75,75,75,75,75,75,75,75,75,85,85,85],"card_choices":[{"not_picked":["Steam","Static Discharge"],"picked":"Conserve Battery","floor":1.0},{"not_picked":["Gash","Recycle"],"picked":"Hologram","floor":2.0},{"not_picked":["Redo","Recycle"],"picked":"Ball Lightning+1","floor":4.0},{"not_picked":["Scrape+1","Aggregate"],"picked":"Double Energy","floor":5.0},{"not_picked":["Compile Driver+1","Leap"],"picked":"BootSequence","floor":6.0},{"not_picked":["BootSequence","Redo"],"picked":"FTL+1","floor":7.0},{"not_picked":["Gash+1","Leap"],"picked":"Seek","floor":8.0},{"not_picked":["Lockon+1","Double Energy"],"picked":"Cold Snap+1","floor":10.0},{"not_picked":["Hello World","Melter+1"],"picked":"Doom and Gloom+1","floor":12.0},{"not_picked":["Coolheaded","Rebound+1"],"picked":"White Noise","floor":14.0},{"not_picked":["Meteor Strike+1","Multi-Cast"],"picked":"Electrodynamics","floor":16.0},{"not_picked":["Gash+1","Streamline+1"],"picked":"Cold Snap+1","floor":18.0},{"not_picked":["Conserve Battery","Force Field","Hologram"],"picked":"SKIP","floor":19.0},{"not_picked":["Skim","FTL+1"],"picked":"Conserve Battery","floor":21.0},{"not_picked":["Beam Cell+1","Darkness"],"picked":"Biased Cognition","floor":24.0},{"not_picked":["Scrape+1","Coolheaded"],"picked":"Multi-Cast","floor":27.0},{"not_picked":["Genetic Algorithm+1","Coolheaded","BootSequence"],"picked":"SKIP","floor":28.0},{"not_picked":["Leap","Turbo","Sweeping Beam+1"],"picked":"SKIP","floor":29.0},{"not_picked":["Redo","Turbo","Doom and Gloom+1"],"picked":"SKIP","floor":31.0},{"not_picked":["Seek","Rainbow"],"picked":"Creative AI","floor":33.0},{"not_picked":["Leap"],"picked":"SKIP","floor":35.0},{"not_picked":["Ball Lightning+1"],"picked":"SKIP","floor":37.0},{"not_picked":[],"picked":"Consume","floor":40.0},{"not_picked":[],"picked":"Hello World+1","floor":41.0},{"not_picked":["Scrape+1"],"picked":"SKIP","floor":45.0},{"not_picked":["Blizzard+1"],"picked":"SKIP","floor":46.0},{"not_picked":[],"picked":"Conserve Battery","floor":54.0}],"player_experience":216497,"relics_obtained":[{"floor":6.0,"key":"Vajra"},{"floor":8.0,"key":"Orichalcum"},{"floor":9.0,"key":"Mummified Hand"},{"floor":24.0,"key":"Symbiotic Virus"},{"floor":27.0,"key":"Pocketwatch"},{"floor":30.0,"key":"Peace Pipe"},{"floor":39.0,"key":"War Paint"},{"floor":40.0,"key":"Letter Opener"},{"floor":43.0,"key":"Happy Flower"},{"floor":45.0,"key":"DataDisk"},{"floor":54.0,"key":"Bronze Scales"}],"event_choices":[{"damage_healed":0.0,"max_hp_gain":0.0,"max_hp_loss":0.0,"gold_gain":0.0,"event_name":"Scrap Ooze","player_choice":"Success","floor":3.0,"gold_loss":0.0,"damage_taken":7.0,"relics_obtained":["Molten Egg 2"]},{"damage_healed":0.0,"max_hp_gain":0.0,"max_hp_loss":0.0,"gold_gain":0.0,"event_name":"Match and Keep!","player_choice":"2 cards matched","floor":11.0,"gold_loss":0.0,"damage_taken":0.0,"cards_obtained":["Meteor Strike","Cold Snap"]},{"damage_healed":0.0,"max_hp_gain":0.0,"max_hp_loss":0.0,"gold_gain":0.0,"cards_transformed":["Strike_B","Strike_B"],"event_name":"Drug Dealer","player_choice":"Became Test Subject","floor":25.0,"gold_loss":0.0,"damage_taken":0.0,"cards_obtained":["Genetic Algorithm","Reboot"]},{"damage_healed":0.0,"max_hp_gain":0.0,"max_hp_loss":0.0,"gold_gain":0.0,"event_name":"Tomb of Lord Red Mask","player_choice":"Ignored","floor":36.0,"gold_loss":0.0,"damage_taken":0.0},{"cards_removed":["Conserve Battery"],"damage_healed":0.0,"max_hp_gain":0.0,"max_hp_loss":0.0,"gold_gain":0.0,"event_name":"Falling","player_choice":"Removed Skill","floor":38.0,"gold_loss":0.0,"damage_taken":0.0}],"is_beta":false,"boss_relics":[{"not_picked":["White Beast Statue","Cursed Key"],"picked":"Inserter"},{"not_picked":["Eternal Feather","Black Star"],"picked":"Busted Crown"}],"items_purged_floors":[20,22],"is_endless":false,"potions_floor_spawned":[2,4,6,12,14,19,24,31,33,37,40,45,46],"ascension_level":0}