{"gold_per_floor":[114,132,132,132,148,175,175,210,210,210,36,56,82,96,96,192,192,204,19,36,56,71,86,86,116,141,141,161,86,86,102,102,200,200,212,231,231],"floor_reached":37,"playtime":3048,"items_purged":[],"score":413,"play_id":"3c6c9fd3-c081-4821-8589-f5885643b1a9","local_time":"20190220211112","is_ascension_mode":false,"campfire_choices":[{"floor":7,"key":"REST"},{"floor":10,"key":"REST"},{"floor":15,"key":"REST"},{"floor":27,"key":"DIG"},{"floor":30,"key":"REST"},{"floor":32,"key":"REST"}],"neow_cost":"NONE","seed_source_timestamp":689422579786180,"circlet_count":0,"master_deck":["Strike_R","Strike_R","Strike_R","Strike_R","Strike_R","Defend_R","Defend_R","Defend_R","Defend_R","Bash","Cleave","Bloodletting","Clash","Searing Blow","Juggernaut","Bandage Up","Shrug It Off","Battle Trance","Hemokinesis","Shrug It Off","Barricade","Berserk","Shrug It Off+1","Metamorphosis","Rage","Flame Barrier","Dark Embrace","Rage+1","Spot Weakness","Combust","Cleave","Limit Break","Inflame","Sentinel+1"],"relics":["Burning Blood","Bronze Scales","Vajra","Self Forming Clay","Happy Flower","Question Card","Philosopher\u0027s Stone","Shovel","Art of War","Lantern","Mark of Pain"],"potions_floor_usage":[8,16,25,33],"damage_taken":[{"damage":9,"enemies":"Jaw Worm","floor":1,"turns":4},{"damage":1,"enemies":"Cultist","floor":2,"turns":3},{"damage":3,"enemies":"2 Louse","floor":5,"turns":2},{"damage":43,"enemies":"Gremlin Nob","floor":6,"turns":5},{"damage":31,"enemies":"3 Sentries","floor":8,"turns":7},{"damage":4,"enemies":"Exordium Wildlife","floor":12,"turns":3},{"damage":32,"enemies":"Lagavulin","floor":13,"turns":6},{"damage":8,"enemies":"Looter","floor":14,"turns":3},{"damage":45,"enemies":"Hexaghost","floor":16,"turns":8},{"damage":6,"enemies":"Shell Parasite","floor":18,"turns":4},{"damage":6,"enemies":"Chosen","floor":20,"turns":4},{"damage":9,"enemies":"Centurion and Healer","floor":21,"turns":6},{"damage":17,"enemies":"Snake Plant","floor":22,"turns":4},{"damage":21,"enemies":"Sentry and Sphere","floor":23,"turns":6},{"damage":49,"enemies":"Slavers","floor":25,"turns":5},{"damage":14,"enemies":"Snecko","floor":28,"turns":5},{"damage":25,"enemies":"3 Cultists","floor":31,"turns":5},{"damage":22,"enemies":"Champ","floor":33,"turns":10},{"damage":32,"enemies":"3 Darklings","floor":35,"turns":4},{"damage":18,"enemies":"3 Shapes","floor":36,"turns":3},{"damage":42,"enemies":"Spire Growth","floor":37,"turns":5}],"seed_played":"-7446502433209966059","potions_obtained":[{"floor":2,"key":"Poison Potion"},{"floor":4,"key":"Regen Potion"},{"floor":4,"key":"FairyPotion"},{"floor":5,"key":"PowerPotion"},{"floor":8,"key":"Dexterity Potion"},{"floor":14,"key":"Regen Potion"},{"floor":20,"key":"Weak Potion"},{"floor":23,"key":"PowerPotion"},{"floor":33,"key":"Energy Potion"},{"floor":35,"key":"Poison Potion"},{"floor":36,"key":"Strength Potion"}],"is_trial":false,"path_per_floor":["?","?","M","?","?"],"character_chosen":"IRONCLAD","items_purchased":["Bandage Up","Shrug It Off","Battle Trance","Metamorphosis"],"campfire_rested":5,"item_purchase_floors":[11,11,11,19],"current_hp_per_floor":[77,80,80,80,80,43,67,57,57,80,80,80,57,55,79,44,80,80,80,80,77,66,55,55,28,28,28,20,20,44,29,53,41,80,54,42,4],"gold":231,"neow_bonus":"RANDOM_COMMON_RELIC","is_prod":false,"is_daily":false,"chose_seed":false,"campfire_upgraded":0,"win_rate":0.0,"timestamp":1550715072,"path_taken":["M","M","?","?","M","E","R","E","T","R","$","M","E","M","R","BOSS","M","$","M","?","M","M","?","E","T","R","M","?","R","M","R","BOSS","M","M","M"],"build_version":"2019-01-23","purchased_purges":0,"victory":false,"max_hp_per_floor":[80,80,80,80,80,80,80,80,80,80,80,80,80,80,80,80,80,80,80,80,80,80,80,80,80,80,80,80,80,80,80,80,80,80,80,80,80],"card_choices":[{"not_picked":["Warcry","Twin Strike"],"picked":"Cleave","floor":1},{"not_picked":["Dual Wield","Heavy Blade"],"picked":"Bloodletting","floor":2},{"not_picked":["Clothesline","Body Slam"],"picked":"Clash","floor":5},{"not_picked":["Sword Boomerang","Clothesline"],"picked":"Searing Blow","floor":6},{"not_picked":["Sword Boomerang","Pommel Strike"],"picked":"Juggernaut","floor":8},{"not_picked":["Twin Strike","Sword Boomerang"],"picked":"Hemokinesis","floor":12},{"not_picked":["Twin Strike","Body Slam"],"picked":"Shrug It Off","floor":13},{"not_picked":["Intimidate","Shrug It Off","Body Slam"],"picked":"Barricade","floor":14},{"not_picked":["Brutality","Dark Embrace","Fiend Fire"],"picked":"Berserk","floor":16},{"not_picked":["Sentinel","Twin Strike+1","Wild Strike"],"picked":"Shrug It Off+1","floor":18},{"not_picked":["Clash","Wild Strike","Shrug It Off"],"picked":"Rage","floor":20},{"not_picked":["Shrug It Off","True Grit","Sword Boomerang"],"picked":"Flame Barrier","floor":21},{"not_picked":["Dropkick","Headbutt","Perfected Strike"],"picked":"Dark Embrace","floor":22},{"not_picked":["Havoc","Sever Soul","Pommel Strike"],"picked":"Rage+1","floor":23},{"not_picked":["Fire Breathing","Headbutt+1","Rage"],"picked":"Spot Weakness","floor":25},{"not_picked":["Thunderclap","Headbutt","Anger"],"picked":"Combust","floor":28},{"not_picked":["Pommel Strike","Feel No Pain+1","Havoc"],"picked":"Cleave","floor":31},{"not_picked":["Berserk","Barricade","Offering"],"picked":"Limit Break","floor":33},{"not_picked":["Clash+1","Sentinel","Sword Boomerang"],"picked":"Inflame","floor":35},{"not_picked":["Shrug It Off","Anger","Flex+1"],"picked":"Sentinel+1","floor":36}],"player_experience":136191,"relics_obtained":[{"floor":6,"key":"Vajra"},{"floor":8,"key":"Self Forming Clay"},{"floor":9,"key":"Happy Flower"},{"floor":13,"key":"Question Card"},{"floor":25,"key":"Shovel"},{"floor":26,"key":"Art of War"},{"floor":27,"key":"Lantern"}],"event_choices":[{"damage_healed":0,"gold_gain":0,"player_choice":"Ignored","damage_taken":0,"max_hp_gain":0,"max_hp_loss":0,"event_name":"Golden Wing","floor":3,"gold_loss":0},{"damage_healed":0,"gold_gain":0,"player_choice":"Got Potions","damage_taken":0,"max_hp_gain":0,"max_hp_loss":0,"event_name":"Lab","floor":4,"gold_loss":0},{"damage_healed":0,"gold_gain":0,"player_choice":"Smashed Altar","damage_taken":0,"max_hp_gain":0,"max_hp_loss":0,"event_name":"Forgotten Altar","floor":24,"gold_loss":0,"cards_obtained":["Decay"]},{"cards_removed":["Decay"],"damage_healed":0,"gold_gain":0,"player_choice":"Gave Gold","damage_taken":0,"max_hp_gain":0,"max_hp_loss":0,"event_name":"Beggar","floor":29,"gold_loss":75}],"is_beta":false,"boss_relics":[{"not_picked":["Ectoplasm","Snecko Eye"],"picked":"Philosopher\u0027s Stone"},{"not_picked":["Pandora\u0027s Box","Eternal Feather"],"picked":"Mark of Pain"}],"items_purged_floors":[],"is_endless":false,"potions_floor_spawned":[2,5,8,14,20,21,23,33,35,36],"killed_by":"Spire Growth","ascension_level":0}