{"gold_per_floor":[116,66,81,81,41,41,74,87,87,99,119,119,119,148,148,249,249,263,1,12,12,27,27,27],"floor_reached":24,"playtime":762,"items_purged":["Strike_R"],"score":300,"play_id":"cd57934e-792b-419c-9810-83491080c66e","local_time":"20190531141305","is_ascension_mode":true,"campfire_choices":[{"data":"Bash","floor":6,"key":"SMITH"},{"data":"Rampage","floor":12,"key":"SMITH"},{"data":"Flame Barrier","floor":15,"key":"SMITH"},{"data":"Shrug It Off","floor":23,"key":"SMITH"}],"neow_cost":"NONE","seed_source_timestamp":9797736966027,"circlet_count":0,"master_deck":["Strike_R","Strike_R","Strike_R","Defend_R","Defend_R","Defend_R","Defend_R","Bash+1","Shrug It Off+1","Rampage+1","Flame Barrier+1"],"relics":["Burning Blood","NeowsBlessing","FossilizedHelix","Blood Vial","Magic Flower","The Courier","Black Star","Matryoshka"],"potions_floor_usage":[22,22,24],"damage_taken":[{"damage":0,"enemies":"2 Louse","floor":1,"turns":1},{"damage":0,"enemies":"Jaw Worm","floor":3,"turns":1},{"damage":0,"enemies":"Gremlin Nob","floor":7,"turns":1},{"damage":0,"enemies":"Small Slimes","floor":8,"turns":3},{"damage":0,"enemies":"Red Slaver","floor":10,"turns":2},{"damage":0,"enemies":"Blue Slaver","floor":11,"turns":5},{"damage":27,"enemies":"Lagavulin","floor":14,"turns":9},{"damage":40,"enemies":"The Guardian","floor":16,"turns":14},{"damage":40,"enemies":"Spheric Guardian","floor":18,"turns":8},{"damage":15,"enemies":"Shell Parasite","floor":20,"turns":6},{"damage":22,"enemies":"3 Cultists","floor":22,"turns":6},{"damage":46,"enemies":"Gremlin Leader","floor":24,"turns":6}],"seed_played":"2033716439398666014","potions_obtained":[{"floor":5,"key":"AttackPotion"},{"floor":5,"key":"AttackPotion"},{"floor":5,"key":"Energy Potion"}],"is_trial":false,"path_per_floor":["M","?","M","?","?","R","E","M","T","M","M","R","?","E","R","B",null,"M","$","M","$","M","R","E"],"character_chosen":"IRONCLAD","items_purchased":["Matryoshka"],"campfire_rested":0,"item_purchase_floors":[19],"current_hp_per_floor":[78,78,80,73,73,73,79,80,80,80,80,80,80,62,62,34,69,41,41,38,38,28,28,0],"gold":27,"neow_bonus":"THREE_ENEMY_KILL","is_prod":false,"is_daily":false,"chose_seed":false,"campfire_upgraded":4,"win_rate":0,"timestamp":1559304785,"path_taken":["M","?","M","?","?","R","E","M","T","?","M","R","?","E","R","BOSS","M","$","M","$","?","R","E"],"build_version":"2019-01-23","purchased_purges":1,"victory":false,"max_hp_per_floor":[80,80,80,80,80,80,80,80,80,80,80,80,80,80,80,80,80,80,80,80,80,80,80,80],"card_choices":[{"not_picked":["Twin Strike","Havoc"],"picked":"Shrug It Off","floor":1},{"not_picked":["Perfected Strike","Clothesline","Armaments"],"picked":"SKIP","floor":3},{"not_picked":["Sword Boomerang","Ghostly Armor"],"picked":"Rampage","floor":7},{"not_picked":["Clothesline","Anger","Rage"],"picked":"SKIP","floor":8},{"not_picked":["Warcry","Uppercut","Infernal Blade"],"picked":"SKIP","floor":10},{"not_picked":["Warcry","Whirlwind"],"picked":"Flame Barrier","floor":11},{"not_picked":["Intimidate","Combust","Twin Strike"],"picked":"SKIP","floor":14},{"not_picked":["Havoc","Hemokinesis+1","Second Wind"],"picked":"SKIP","floor":18},{"not_picked":["Corruption","Seeing Red","Evolve+1"],"picked":"SKIP","floor":20},{"not_picked":["Sever Soul","Infernal Blade","Heavy Blade"],"picked":"SKIP","floor":22}],"player_experience":100208,"relics_obtained":[{"floor":7,"key":"Blood Vial"},{"floor":9,"key":"Magic Flower"},{"floor":14,"key":"The Courier"}],"event_choices":[{"cards_removed":["Strike_R"],"damage_healed":0,"gold_gain":0,"player_choice":"Card Removal","damage_taken":0,"max_hp_gain":0,"max_hp_loss":0,"event_name":"The Cleric","floor":2,"gold_loss":50},{"damage_healed":0,"gold_gain":0,"player_choice":"Success","damage_taken":7,"relics_obtained":["FossilizedHelix"],"max_hp_gain":0,"max_hp_loss":0,"event_name":"Scrap Ooze","floor":4,"gold_loss":0},{"damage_healed":0,"gold_gain":0,"player_choice":"Bought 3 Potions","damage_taken":0,"max_hp_gain":0,"max_hp_loss":0,"event_name":"The Woman in Blue","floor":5,"gold_loss":0},{"damage_healed":0,"gold_gain":0,"player_choice":"Ignored","damage_taken":0,"max_hp_gain":0,"max_hp_loss":0,"event_name":"Transmorgrifier","floor":13,"gold_loss":0}],"is_beta":false,"boss_relics":[{"not_picked":["Orrery","Pandora\u0027s Box"],"picked":"Black Star"}],"items_purged_floors":[19],"is_endless":false,"potions_floor_spawned":[8,10,11,18],"killed_by":"Gremlin Leader","ascension_level":6}