{"gold_per_floor":[109,59,234,108,124,154,166,205,244,256,301,313,341,367,379,391],"floor_reached":16,"playtime":1955,"items_purged":["Doubt"],"score":222,"play_id":"dc76cb3e-5eab-4ffd-ba16-b06a2d3253f6","local_time":"20190530103213","is_ascension_mode":true,"campfire_choices":[{"data":"Neutralize","floor":7,"key":"SMITH"},{"data":"All Out Attack","floor":10,"key":"SMITH"},{"data":"Finisher","floor":15,"key":"SMITH"}],"neow_cost":"NONE","seed_source_timestamp":973253626275689,"circlet_count":0,"master_deck":["AscendersBane","Defend_G","Defend_G","Defend_G","Defend_G","Defend_G","Strike_G","Strike_G","Strike_G","Strike_G","Survivor","Neutralize+1","Deadly Poison","All Out Attack+1","Leg Sweep","Unload","Crippling Poison","Dodge and Roll","Finisher+1"],"relics":["Ring of the Snake","NeowsBlessing","MawBank","Vajra","Omamori","Question Card","Golden Idol"],"potions_floor_usage":[8,8,16],"damage_taken":[{"damage":0,"enemies":"2 Louse","floor":1,"turns":1},{"damage":0,"enemies":"Jaw Worm","floor":5,"turns":1},{"damage":0,"enemies":"3 Sentries","floor":6,"turns":2},{"damage":17,"enemies":"Lagavulin","floor":8,"turns":10},{"damage":14,"enemies":"3 Sentries","floor":11,"turns":6},{"damage":0,"enemies":"Small Slimes","floor":13,"turns":1},{"damage":0,"enemies":"Blue Slaver","floor":14,"turns":4},{"damage":36,"enemies":"Slime Boss","floor":16,"turns":7}],"seed_played":"-6704877440522124205","potions_obtained":[{"floor":5,"key":"GamblersBrew"},{"floor":13,"key":"AttackPotion"}],"is_trial":false,"path_per_floor":["M","?","?","$","M","E","R","E","T","R","E","?","M","M","R","B"],"character_chosen":"THE_SILENT","items_purchased":["Block Potion"],"campfire_rested":0,"item_purchase_floors":[4],"current_hp_per_floor":[63,63,63,63,63,63,63,46,46,46,32,32,32,32,32,0],"gold":391,"neow_bonus":"THREE_ENEMY_KILL","is_prod":false,"is_daily":false,"chose_seed":false,"campfire_upgraded":3,"win_rate":0,"timestamp":1559192533,"path_taken":["M","?","?","$","M","E","R","E","T","R","E","?","M","M","R","BOSS"],"build_version":"2019-01-23","purchased_purges":1,"victory":false,"max_hp_per_floor":[70,70,70,70,70,70,70,70,70,70,70,65,65,65,65,65],"card_choices":[{"not_picked":["Bane","Slice"],"picked":"Deadly Poison","floor":1},{"not_picked":["Backflip","Cloak And Dagger"],"picked":"All Out Attack","floor":5},{"not_picked":["Tactician","Calculated Gamble"],"picked":"Leg Sweep","floor":6},{"not_picked":["Prepared","PiercingWail"],"picked":"Unload","floor":8},{"not_picked":["Deflect","Dodge and Roll"],"picked":"Crippling Poison","floor":11},{"not_picked":["Masterful Stab","Quick Slash","Slice"],"picked":"Dodge and Roll","floor":13},{"not_picked":["Expertise","Underhanded Strike","Flying Knee"],"picked":"Finisher","floor":14}],"player_experience":955855,"relics_obtained":[{"floor":6,"key":"MawBank"},{"floor":8,"key":"Vajra"},{"floor":9,"key":"Omamori"},{"floor":11,"key":"Question Card"}],"event_choices":[{"cards_removed":["Strike_G"],"damage_healed":0,"gold_gain":0,"player_choice":"Card Removal","damage_taken":0,"max_hp_gain":0,"max_hp_loss":0,"event_name":"The Cleric","floor":2,"gold_loss":50},{"damage_healed":0,"gold_gain":175,"player_choice":"AGREE","damage_taken":0,"max_hp_gain":0,"max_hp_loss":0,"event_name":"Liars Game","floor":3,"gold_loss":0,"cards_obtained":["Doubt"]},{"damage_healed":0,"gold_gain":0,"player_choice":"Lose Max HP","damage_taken":0,"relics_obtained":["Golden Idol"],"max_hp_gain":0,"max_hp_loss":5,"event_name":"Golden Idol","floor":12,"gold_loss":0}],"is_beta":false,"boss_relics":[],"items_purged_floors":[4],"is_endless":false,"potions_floor_spawned":[5,13],"killed_by":"Slime Boss","ascension_level":11}