{"gold_per_floor":[117,117,133,147,147,147,172,185,211,222,222,122,140,158,158,260,260,275,375,400,413,413,413,413,413,413,413,313,339,359,371,371,472,472,487,209,225,75,90,143,143,143,197,197,211,211,211,226,226,226],"floor_reached":51,"playtime":6603,"items_purged":["Strike_R","Defend_R","Defend_R","Strike_R"],"score":867,"play_id":"4dd92a45-3d0d-4bc5-a646-aaa4f0cab427","local_time":"20190120222716","is_ascension_mode":false,"campfire_choices":[{"data":"Battle Trance","floor":6,"key":"SMITH"},{"data":"Whirlwind","floor":11,"key":"SMITH"},{"floor":15,"key":"REST"},{"data":"True Grit","floor":23,"key":"SMITH"},{"data":"True Grit","floor":25,"key":"SMITH"},{"data":"True Grit","floor":27,"key":"SMITH"},{"floor":32,"key":"REST"},{"floor":42,"key":"REST"},{"data":"Pommel Strike","floor":44,"key":"SMITH"},{"data":"Pommel Strike","floor":47,"key":"SMITH"},{"floor":49,"key":"REST"}],"neow_cost":"PERCENT_DAMAGE","seed_source_timestamp":0,"circlet_count":0,"master_deck":["Strike_R+1","Defend_R+1","Bash","Feel No Pain","Battle Trance+1","True Grit+1","Whirlwind+1","True Grit+1","Pommel Strike+1","Ghostly Armor","True Grit+1","Fiend Fire","Entrench+1","Disarm+1","Twin Strike+1","Inflame","Clash+1","Warcry","Iron Wave","Clash","Clash+1","Seeing Red+1","Demon Form","Infernal Blade+1","Pommel Strike+1","Heavy Blade","Secret Weapon","True Grit+1","Flex","Warcry","Clash"],"special_seed":0,"relics":["Burning Blood","Gambling Chip","Dream Catcher","Vajra","Astrolabe","Prayer Wheel","Pear","Red Mask","Pen Nib","Ornamental Fan","Nunchaku","Busted Crown","Ancient Tea Set","Champion Belt","Centennial Puzzle"],"potions_floor_usage":[8,14,16,19,20,21,33,39],"damage_taken":[{"damage":2,"enemies":"Small Slimes","floor":1,"turns":4},{"damage":1,"enemies":"Cultist","floor":3,"turns":3},{"damage":1,"enemies":"2 Louse","floor":4,"turns":3},{"damage":50,"enemies":"Lagavulin","floor":7,"turns":8},{"damage":2,"enemies":"Looter","floor":8,"turns":5},{"damage":0,"enemies":"3 Louse","floor":10,"turns":4},{"damage":0,"enemies":"Large Slime","floor":13,"turns":4},{"damage":0,"enemies":"Looter","floor":14,"turns":3},{"damage":59,"enemies":"Slime Boss","floor":16,"turns":11},{"damage":0,"enemies":"Shell Parasite","floor":18,"turns":7},{"damage":11,"enemies":"Colosseum Slavers","floor":19,"turns":5},{"damage":15,"enemies":"Colosseum Nobs","floor":19,"turns":5},{"damage":27,"enemies":"Masked Bandits","floor":20,"turns":5},{"damage":20,"enemies":"Spheric Guardian","floor":21,"turns":4},{"damage":3,"enemies":"Book of Stabbing","floor":29,"turns":7},{"damage":9,"enemies":"3 Cultists","floor":30,"turns":4},{"damage":9,"enemies":"Snecko","floor":31,"turns":4},{"damage":46,"enemies":"Collector","floor":33,"turns":10},{"damage":0,"enemies":"3 Darklings","floor":35,"turns":1},{"damage":2,"enemies":"3 Shapes","floor":37,"turns":3},{"damage":12,"enemies":"Maw","floor":39,"turns":7},{"damage":72,"enemies":"2 Orb Walkers","floor":40,"turns":5},{"damage":0,"enemies":"Sphere and 2 Shapes","floor":45,"turns":1},{"damage":6,"enemies":"Spire Growth","floor":48,"turns":3},{"damage":41,"enemies":"Awakened One","floor":50,"turns":7}],"seed_played":"4817453074251352462","potions_obtained":[{"floor":1,"key":"Regen Potion"},{"floor":2,"key":"Fire Potion"},{"floor":2,"key":"Weak Potion"},{"floor":13,"key":"Poison Potion"},{"floor":16,"key":"SneckoOil"},{"floor":18,"key":"Weak Potion"},{"floor":20,"key":"SpeedPotion"},{"floor":29,"key":"Explosive Potion"},{"floor":35,"key":"SpeedPotion"},{"floor":37,"key":"Explosive Potion"}],"is_trial":false,"path_per_floor":["M","?","M","M","?","R","E","M","T","M","R","$","M","M","R","B",null,"M","?","?","M","?","R","?","R","T","R","$","E","M","M","R","B",null,"M","$","M","$","M","?","?","R","T","R","M","?","R","M","R","B",null],"character_chosen":"IRONCLAD","items_purchased":["True Grit","Ancient Tea Set"],"campfire_rested":4,"item_purchase_floors":[12,36],"current_hp_per_floor":[60,60,65,70,54,54,10,28,28,34,34,34,40,46,70,17,80,80,76,55,41,41,41,41,41,41,41,41,44,41,38,65,25,90,90,90,90,90,84,18,18,45,45,45,51,51,51,51,76,41],"gold":226,"neow_bonus":"ONE_RARE_RELIC","is_prod":false,"is_daily":false,"chose_seed":false,"campfire_upgraded":7,"win_rate":0,"timestamp":1548044836,"path_taken":["M","?","?","M","?","R","E","M","T","M","R","$","M","M","R","BOSS","M","?","?","M","?","R","?","R","T","R","$","E","M","M","R","BOSS","M","$","M","$","M","?","?","R","T","R","M","?","R","M","R","BOSS"],"build_version":"2019-01-17v2","purchased_purges":4,"victory":true,"max_hp_per_floor":[80,80,80,80,80,80,80,80,80,80,80,80,80,80,80,80,80,80,90,90,90,90,90,90,90,90,90,90,90,90,90,90,90,90,90,90,90,90,90,90,90,90,90,90,90,85,85,85,85,85],"card_choices":[{"not_picked":["Corruption","Clash"],"picked":"Feel No Pain","floor":1},{"not_picked":["Corruption","Havoc","Perfected Strike"],"picked":"SKIP","floor":3},{"not_picked":["Wild Strike","Perfected Strike"],"picked":"Battle Trance","floor":4},{"not_picked":["Bludgeon","Sword Boomerang","Pummel"],"picked":"SKIP","floor":7},{"not_picked":["Fire Breathing","Twin Strike"],"picked":"True Grit","floor":8},{"not_picked":["Flex","Rage"],"picked":"Whirlwind","floor":10},{"not_picked":["Clothesline","Spot Weakness"],"picked":"Pommel Strike","floor":13},{"not_picked":["Perfected Strike","Shrug It Off"],"picked":"Ghostly Armor","floor":14},{"not_picked":["Wild Strike","Havoc"],"picked":"True Grit","floor":15},{"not_picked":["Immolate","Impervious"],"picked":"Fiend Fire","floor":16},{"not_picked":["Clash","Thunderclap","Cleave"],"picked":"SKIP","floor":18},{"not_picked":["Carnage","Clothesline+1"],"picked":"Inflame","floor":21},{"not_picked":["Shrug It Off","Anger"],"picked":"Clash+1","floor":21},{"not_picked":["Sword Boomerang","Havoc"],"picked":"Warcry","floor":29},{"not_picked":["Bludgeon","Twin Strike"],"picked":"Iron Wave","floor":30},{"not_picked":["Hemokinesis","Anger","Perfected Strike+1"],"picked":"SKIP","floor":30},{"not_picked":["Perfected Strike","Infernal Blade+1"],"picked":"Clash","floor":31},{"not_picked":["Pummel+1","Anger"],"picked":"Clash+1","floor":31},{"not_picked":["Armaments","Fire Breathing+1"],"picked":"Seeing Red+1","floor":32},{"not_picked":["Fiend Fire","Impervious"],"picked":"Demon Form","floor":33},{"not_picked":[],"picked":"Infernal Blade+1","floor":35},{"not_picked":["Anger+1"],"picked":"SKIP","floor":35},{"not_picked":[],"picked":"Pommel Strike","floor":37},{"not_picked":["Disarm+1"],"picked":"SKIP","floor":37},{"not_picked":["Sword Boomerang"],"picked":"SKIP","floor":39},{"not_picked":["Whirlwind"],"picked":"SKIP","floor":39},{"not_picked":[],"picked":"Heavy Blade","floor":40},{"not_picked":[],"picked":"Secret Weapon","floor":41},{"not_picked":[],"picked":"True Grit+1","floor":42},{"not_picked":[],"picked":"Flex","floor":45},{"not_picked":["Sword Boomerang+1"],"picked":"SKIP","floor":45},{"not_picked":[],"picked":"Warcry","floor":48},{"not_picked":[],"picked":"Clash","floor":48}],"player_experience":99951,"relics_obtained":[{"floor":7,"key":"Dream Catcher"},{"floor":9,"key":"Vajra"},{"floor":19,"key":"Prayer Wheel"},{"floor":19,"key":"Pear"},{"floor":20,"key":"Red Mask"},{"floor":26,"key":"Ornamental Fan"},{"floor":29,"key":"Nunchaku"},{"floor":40,"key":"Champion Belt"},{"floor":43,"key":"Centennial Puzzle"}],"event_choices":[{"damage_healed":0,"gold_gain":0,"player_choice":"Got Potions","damage_taken":0,"max_hp_gain":0,"max_hp_loss":0,"event_name":"Lab","floor":2,"gold_loss":0},{"damage_healed":0,"gold_gain":0,"player_choice":"Entered Light","damage_taken":16,"max_hp_gain":0,"max_hp_loss":0,"event_name":"Shining Light","floor":5,"gold_loss":0,"cards_upgraded":["Strike_R","Defend_R"]},{"damage_healed":0,"gold_gain":0,"player_choice":"Fight","damage_taken":0,"max_hp_gain":0,"max_hp_loss":0,"event_name":"Colosseum","floor":19,"gold_loss":0},{"damage_healed":0,"gold_gain":0,"player_choice":"Fought Nobs","damage_taken":0,"max_hp_gain":0,"max_hp_loss":0,"event_name":"Colosseum","floor":19,"gold_loss":0},{"damage_healed":0,"gold_gain":0,"player_choice":"Fought Bandits","damage_taken":0,"max_hp_gain":0,"max_hp_loss":0,"event_name":"Masked Bandits","floor":20,"gold_loss":0},{"damage_healed":0,"gold_gain":0,"player_choice":"Opened","damage_taken":0,"relics_obtained":["Pen Nib"],"max_hp_gain":0,"max_hp_loss":0,"event_name":"The Mausoleum","floor":22,"gold_loss":0},{"damage_healed":0,"gold_gain":0,"player_choice":"Ignored","damage_taken":0,"max_hp_gain":0,"max_hp_loss":0,"event_name":"Vampires","floor":24,"gold_loss":0},{"damage_healed":0,"gold_gain":0,"player_choice":"Fight","damage_taken":0,"max_hp_gain":0,"max_hp_loss":0,"event_name":"Mysterious Sphere","floor":40,"gold_loss":0},{"damage_healed":0,"gold_gain":0,"player_choice":"Memory 1","damage_taken":0,"max_hp_gain":0,"max_hp_loss":0,"event_name":"SensoryStone","floor":41,"gold_loss":0},{"damage_healed":0,"gold_gain":0,"player_choice":"Max HP","damage_taken":0,"max_hp_gain":0,"max_hp_loss":5,"event_name":"Winding Halls","floor":46,"gold_loss":0}],"is_beta":false,"boss_relics":[{"not_picked":["Calling Bell","Lizard Tail"],"picked":"Astrolabe"},{"not_picked":["Cursed Key","Coffee Dripper"],"picked":"Busted Crown"}],"items_purged_floors":[12,28,36,38],"is_endless":false,"potions_floor_spawned":[1,3,13,16,18,20,29,35,37],"ascension_level":0}