{"gold_per_floor":[111,111,111,186,199,199,234,334,334,334,350,379,392,424,424,522,522,539,554,554,564,195,195,221,221,221,279,295,295,26,61,61,160,160,180,97,117,136,154,182,182,282,282,297,331,155,155,169,169,169,169,169,42,42],"floor_reached":54,"playtime":4926,"items_purged":["Strike_R+1","Pain"],"score":966,"play_id":"caa902d5-9fc1-47e8-a59c-93dca689d0a4","local_time":"20181214080128","is_ascension_mode":true,"campfire_choices":[{"data":"Bash","floor":6.0,"key":"SMITH"},{"floor":10.0,"key":"REST"},{"data":"True Grit","floor":15.0,"key":"SMITH"},{"floor":23.0,"key":"REST"},{"floor":29.0,"key":"REST"},{"floor":32.0,"key":"RECALL"},{"floor":41,"key":"REST"},{"floor":49,"key":"REST"},{"floor":52,"key":"REST"}],"neow_cost":"NONE","seed_source_timestamp":3091035503969519,"circlet_count":0,"master_deck":["Strike_R+1","Strike_R+1","Strike_R+1","Strike_R+1","Defend_R+1","Defend_R+1","Defend_R+1","Defend_R+1","Bash+1","True Grit+1","Iron Wave","Iron Wave+1","Carnage+1","Cleave+1","Limit Break","Cleave+1","Demon Form","Ghostly Armor","Ghostly Armor","Spot Weakness","Pummel+1","Sword Boomerang+1","Pommel Strike+1","Inflame","Immolate+1","Warcry+1","Pommel Strike+1","Flash of Steel+1","Power Through+1","Second Wind+1","Disarm","Shrug It Off+1","Clumsy","True Grit+1"],"special_seed":0,"relics":["Burning Blood","Orichalcum","Molten Egg 2","Mercury Hourglass","Bag of Preparation","Art of War","Fusion Hammer","Prayer Wheel","Pen Nib","WarpedTongs","Tiny Chest","Chemical X","Meat on the Bone","Cursed Key","Turnip","Nunchaku","Bottled Flame","Gambling Chip"],"potions_floor_usage":[44,45,50,50,50,54,54],"damage_taken":[{"damage":0.0,"enemies":"2 Louse","floor":1.0,"turns":3.0},{"damage":1.0,"enemies":"Small Slimes","floor":5.0,"turns":4.0},{"damage":49.0,"enemies":"Lagavulin","floor":7.0,"turns":8.0},{"damage":0.0,"enemies":"Cultist","floor":11.0,"turns":2.0},{"damage":3.0,"enemies":"Gremlin Nob","floor":12.0,"turns":3.0},{"damage":0.0,"enemies":"Red Slaver","floor":13.0,"turns":2.0},{"damage":9.0,"enemies":"3 Sentries","floor":14.0,"turns":6.0},{"damage":45.0,"enemies":"Hexaghost","floor":16.0,"turns":9.0},{"damage":3.0,"enemies":"Chosen","floor":18.0,"turns":3.0},{"damage":16.0,"enemies":"Spheric Guardian","floor":19.0,"turns":4.0},{"damage":26.0,"enemies":"Shelled Parasite and Fungi","floor":21.0,"turns":5.0},{"damage":24.0,"enemies":"Gremlin Leader","floor":24.0,"turns":5.0},{"damage":28.0,"enemies":"Book of Stabbing","floor":27.0,"turns":5.0},{"damage":3.0,"enemies":"3 Cultists","floor":28.0,"turns":4.0},{"damage":14.0,"enemies":"Slavers","floor":31.0,"turns":2.0},{"damage":8.0,"enemies":"Champ","floor":33.0,"turns":6.0},{"damage":8,"enemies":"Orb Walker","floor":35,"turns":3},{"damage":8,"enemies":"3 Shapes","floor":37,"turns":3},{"damage":4,"enemies":"3 Darklings","floor":38,"turns":3},{"damage":8,"enemies":"Sphere and 2 Shapes","floor":39,"turns":3},{"damage":40,"enemies":"Nemesis","floor":40,"turns":6},{"damage":4,"enemies":"Mind Bloom Boss Battle","floor":42,"turns":4},{"damage":57,"enemies":"Writhing Mass","floor":44,"turns":6},{"damage":27,"enemies":"Reptomancer","floor":45,"turns":8},{"damage":0,"enemies":"Maw","floor":48,"turns":6},{"damage":47,"enemies":"Awakened One","floor":50,"turns":10},{"damage":86,"enemies":"Shield and Spear","floor":54,"turns":5}],"seed_played":"1963460649011592443","potions_obtained":[{"floor":5.0,"key":"FairyPotion"},{"floor":7.0,"key":"LiquidBronze"},{"floor":14.0,"key":"FairyPotion"},{"floor":16.0,"key":"SmokeBomb"},{"floor":27.0,"key":"Regen Potion"},{"floor":37,"key":"SteroidPotion"},{"floor":38,"key":"Regen Potion"},{"floor":42,"key":"EssenceOfSteel"},{"floor":44,"key":"EssenceOfSteel"},{"floor":45,"key":"AttackPotion"}],"is_trial":false,"path_per_floor":["M","?","?","?","M","R","E","?","T","R","M","E","M","E","R","B",null,"M","M","?","M","$","R","E","?","T","E","M","R","$","E","R","B",null,"M","$","M","M","M","E","R","?","T","M","E","$","?","M","R","B",null,"R","$","E"],"character_chosen":"IRONCLAD","items_purchased":["Prayer Wheel","Chemical X","Inflame","Flash of Steel+1","BloodPotion","PowerPotion","LiquidBronze"],"campfire_rested":6,"item_purchase_floors":[22,30,30,36,46,53,53],"current_hp_per_floor":[80,80,85,74,79,79,36,36,36,61,67,70,76,73,73,34,72,75,65,65,45,45,70,52,52,52,30,45,70,70,62,62,60,79,77,77,75,77,75,53,78,80,80,46,37,37,37,55,80,59,79,85,85,0],"gold":42,"neow_bonus":"RANDOM_COMMON_RELIC","is_prod":false,"is_daily":false,"chose_seed":false,"campfire_upgraded":2,"win_rate":0,"timestamp":1544792488,"path_taken":["M","?","?","?","M","R","E","?","T","R","?","E","M","E","R","BOSS","M","M","?","M","?","R","E","?","T","E","M","R","$","E","R","BOSS","M","$","M","M","?","E","R","?","T","M","E","$","?","M","R","BOSS","R","$","E"],"build_version":"2018-12-13","purchased_purges":2,"victory":false,"max_hp_per_floor":[80,80,85,85,85,85,85,85,85,85,85,85,85,85,85,85,85,85,85,85,85,85,85,85,85,85,85,85,85,85,85,85,85,85,85,85,85,85,85,85,85,85,85,85,85,85,85,85,85,85,85,85,85,85],"card_choices":[{"not_picked":["Clothesline","Thunderclap"],"picked":"True Grit","floor":1.0},{"not_picked":["Pummel","Perfected Strike"],"picked":"Iron Wave","floor":5.0},{"not_picked":["Sword Boomerang","Reaper"],"picked":"Iron Wave","floor":7.0},{"not_picked":["Headbutt+1","Armaments"],"picked":"Carnage+1","floor":11.0},{"not_picked":["Carnage+1","Body Slam+1"],"picked":"Cleave+1","floor":12.0},{"not_picked":["Flex","Burning Pact"],"picked":"Limit Break","floor":13.0},{"not_picked":["Anger+1","Carnage+1"],"picked":"Cleave+1","floor":14.0},{"not_picked":["Limit Break","Offering"],"picked":"Demon Form","floor":16.0},{"not_picked":["Warcry","Seeing Red"],"picked":"Ghostly Armor","floor":18.0},{"not_picked":["Thunderclap+1","Pommel Strike+1"],"picked":"Ghostly Armor","floor":19.0},{"not_picked":["Fire Breathing","Warcry"],"picked":"Spot Weakness","floor":21.0},{"not_picked":["Disarm","Havoc"],"picked":"Pummel+1","floor":24.0},{"not_picked":["Fire Breathing","Pommel Strike+1"],"picked":"Sword Boomerang+1","floor":27.0},{"not_picked":["Ghostly Armor","Perfected Strike+1"],"picked":"Pommel Strike+1","floor":28.0},{"not_picked":["Entrench+1","Thunderclap+1","Berserk"],"picked":"SKIP","floor":28.0},{"not_picked":["Cleave+1","Carnage+1"],"picked":"Immolate+1","floor":31.0},{"not_picked":["Wild Strike+1","Iron Wave+1"],"picked":"Warcry+1","floor":35},{"not_picked":["Flex","Infernal Blade+1"],"picked":"Pommel Strike+1","floor":35},{"not_picked":["Pummel+1","Wild Strike+1"],"picked":"Power Through+1","floor":37},{"not_picked":["Barricade","Feel No Pain","Sever Soul+1"],"picked":"SKIP","floor":37},{"not_picked":["Body Slam+1","Headbutt+1"],"picked":"Second Wind+1","floor":38},{"not_picked":["Perfected Strike+1","Body Slam+1","Sword Boomerang+1"],"picked":"SKIP","floor":38},{"not_picked":["True Grit","Spot Weakness+1"],"picked":"Disarm","floor":39},{"not_picked":["Perfected Strike+1","Clothesline+1","Blood for Blood+1"],"picked":"SKIP","floor":39},{"not_picked":["Combust+1","True Grit","Demon Form"],"picked":"SKIP","floor":40},{"not_picked":["Ghostly Armor+1","Rampage+1"],"picked":"Shrug It Off+1","floor":42},{"not_picked":["Iron Wave+1","Blood for Blood+1"],"picked":"True Grit+1","floor":44},{"not_picked":["Fire Breathing","Cleave+1","Wild Strike+1"],"picked":"SKIP","floor":44},{"not_picked":["Rampage+1","Ghostly Armor","Twin Strike+1"],"picked":"SKIP","floor":45},{"not_picked":["Armaments","Wild Strike+1","Cleave+1"],"picked":"SKIP","floor":48},{"not_picked":["Blood for Blood+1","Anger+1","Flex+1"],"picked":"SKIP","floor":48}],"player_experience":248805,"relics_obtained":[{"floor":7.0,"key":"Molten Egg 2"},{"floor":9.0,"key":"Mercury Hourglass"},{"floor":12.0,"key":"Bag of Preparation"},{"floor":14.0,"key":"Art of War"},{"floor":24.0,"key":"Pen Nib"},{"floor":27.0,"key":"Tiny Chest"},{"floor":31.0,"key":"Meat on the Bone"},{"floor":40,"key":"Turnip"},{"floor":42,"key":"Nunchaku"},{"floor":43,"key":"Bottled Flame"},{"floor":45,"key":"Gambling Chip"}],"event_choices":[{"damage_healed":0.0,"max_hp_gain":0.0,"max_hp_loss":0.0,"gold_gain":0.0,"event_name":"Liars Game","player_choice":"Ignored","floor":2.0,"gold_loss":0.0,"damage_taken":0.0},{"damage_healed":0.0,"max_hp_gain":5.0,"max_hp_loss":0.0,"gold_gain":0.0,"event_name":"Big Fish","player_choice":"Donut","floor":3.0,"gold_loss":0.0,"damage_taken":0.0},{"damage_healed":0.0,"max_hp_gain":0.0,"max_hp_loss":0.0,"gold_gain":75.0,"event_name":"World of Goop","player_choice":"Gather Gold","floor":4.0,"gold_loss":0.0,"damage_taken":11.0},{"damage_healed":0.0,"max_hp_gain":0.0,"max_hp_loss":0.0,"gold_gain":100.0,"event_name":"Golden Shrine","player_choice":"Pray","floor":8.0,"gold_loss":0.0,"damage_taken":0.0},{"damage_healed":0.0,"max_hp_gain":0.0,"max_hp_loss":0.0,"gold_gain":0.0,"event_name":"Back to Basics","player_choice":"Simplicity","floor":20.0,"gold_loss":0.0,"damage_taken":0.0,"cards_upgraded":["Strike_R","Strike_R","Strike_R","Strike_R","Strike_R","Defend_R","Defend_R","Defend_R","Defend_R"]},{"damage_healed":0.0,"max_hp_gain":0.0,"max_hp_loss":0.0,"gold_gain":0.0,"event_name":"Accursed Blacksmith","player_choice":"Rummage","floor":25.0,"gold_loss":0.0,"damage_taken":0.0,"relics_obtained":["WarpedTongs"],"cards_obtained":["Pain"]},{"damage_healed":0,"gold_gain":0,"player_choice":"Fight","damage_taken":0,"max_hp_gain":0,"max_hp_loss":0,"event_name":"MindBloom","floor":42,"gold_loss":0},{"damage_healed":0,"gold_gain":0,"player_choice":"Ignored","damage_taken":0,"max_hp_gain":0,"max_hp_loss":0,"event_name":"Mysterious Sphere","floor":47,"gold_loss":0}],"is_beta":false,"boss_relics":[{"not_picked":["Runic Cube","Coffee Dripper"],"picked":"Fusion Hammer"},{"not_picked":["Eternal Feather","Philosopher\u0027s Stone"],"picked":"Cursed Key"}],"items_purged_floors":[22,46],"is_endless":false,"potions_floor_spawned":[5,7,14,16,18,19,24,27,37,38,42,44,45],"killed_by":"Shield and Spear","ascension_level":5}