{"gold_per_floor":[113,113,127,138,154,180,180,210,234,248,277,295,295,311,311,410,410,428,57,72,72,72,72,106,132,187,216,239,251,294,325,337,451,463,486,498,527,539,569,581,627,204,204,135,135,135,164,178,178,178],"floor_reached":51,"playtime":7813,"items_purged":["Parasite"],"score":849,"play_id":"448074e6-80bd-4cac-b67d-d25a502dfb6a","local_time":"20190516061425","is_ascension_mode":true,"campfire_choices":[{"data":"Dualcast","floor":7.0,"key":"SMITH"},{"data":"White Noise","floor":13.0,"key":"SMITH"},{"data":"Storm","floor":15.0,"key":"SMITH"},{"data":"White Noise","floor":23.0,"key":"SMITH"},{"data":"Seek","floor":29.0,"key":"SMITH"},{"data":"Defragment","floor":32.0,"key":"SMITH"},{"data":"Capacitor","floor":40.0,"key":"SMITH"},{"data":"Defragment","floor":46,"key":"SMITH"},{"data":"Madness","floor":49,"key":"SMITH"}],"neow_cost":"NONE","seed_source_timestamp":35840682342538,"circlet_count":0,"master_deck":["Defend_B","Defend_B","Defend_B","Defend_B","Zap","Dualcast+1","Sunder","Defragment+1","Hologram","Sunder","Reinforced Body","White Noise+1","Chill","Storm+1","Cold Snap","Seek+1","Genetic Algorithm","Capacitor+1","White Noise+1","Genetic Algorithm","Glacier+1","Good Instincts","Cold Snap+1","BootSequence+1","Echo Form","Consume+1","Consume+1","Gash+1","Cold Snap+1","Madness","Madness+1","Defragment+1","Doom and Gloom"],"special_seed":0,"relics":["Cracked Core","Mercury Hourglass","Strawberry","Bronze Scales","Vajra","Velvet Choker","PreservedInsect","Bottled Flame","Red Mask","DataDisk","MawBank","Bird Faced Urn","Astrolabe","Emotion Chip","Juzu Bracelet","Mango","Cables","Bag of Preparation"],"potions_floor_usage":[],"damage_taken":[{"damage":2.0,"enemies":"2 Louse","floor":1.0,"turns":3.0},{"damage":0.0,"enemies":"Cultist","floor":3.0,"turns":3.0},{"damage":1.0,"enemies":"Small Slimes","floor":4.0,"turns":3.0},{"damage":0.0,"enemies":"Exordium Thugs","floor":5.0,"turns":4.0},{"damage":23.0,"enemies":"3 Sentries","floor":6.0,"turns":5.0},{"damage":16.0,"enemies":"Gremlin Nob","floor":8.0,"turns":3.0},{"damage":1.0,"enemies":"3 Louse","floor":10.0,"turns":2.0},{"damage":7.0,"enemies":"Lagavulin","floor":11.0,"turns":5.0},{"damage":4.0,"enemies":"Blue Slaver","floor":12.0,"turns":3.0},{"damage":0.0,"enemies":"Gremlin Gang","floor":14.0,"turns":2.0},{"damage":21.0,"enemies":"Hexaghost","floor":16.0,"turns":8.0},{"damage":0.0,"enemies":"Spheric Guardian","floor":18.0,"turns":2.0},{"damage":22.0,"enemies":"2 Thieves","floor":20.0,"turns":3.0},{"damage":8.0,"enemies":"Gremlin Leader","floor":24.0,"turns":5.0},{"damage":0.0,"enemies":"Masked Bandits","floor":25.0,"turns":2.0},{"damage":0.0,"enemies":"Slavers","floor":27.0,"turns":3.0},{"damage":2.0,"enemies":"Snake Plant","floor":28.0,"turns":4.0},{"damage":27.0,"enemies":"Gremlin Leader","floor":30.0,"turns":3.0},{"damage":2.0,"enemies":"Centurion and Healer","floor":31.0,"turns":6.0},{"damage":8.0,"enemies":"Champ","floor":33.0,"turns":12.0},{"damage":0.0,"enemies":"Orb Walker","floor":35.0,"turns":3.0},{"damage":0.0,"enemies":"3 Darklings","floor":37.0,"turns":7.0},{"damage":0.0,"enemies":"Writhing Mass","floor":39.0,"turns":6.0},{"damage":11,"enemies":"Reptomancer","floor":41,"turns":5},{"damage":0,"enemies":"Giant Head","floor":47,"turns":6},{"damage":0,"enemies":"Sphere and 2 Shapes","floor":48,"turns":3},{"damage":2,"enemies":"Time Eater","floor":50,"turns":11}],"seed_played":"6852317346924015094","potions_obtained":[{"floor":1.0,"key":"EssenceOfSteel"},{"floor":4.0,"key":"SpeedPotion"},{"floor":6.0,"key":"FocusPotion"},{"floor":12.0,"key":"AttackPotion"},{"floor":25.0,"key":"FearPotion"},{"floor":30.0,"key":"Dexterity Potion"},{"floor":31.0,"key":"Fire Potion"},{"floor":39.0,"key":"Ancient Potion"},{"floor":47,"key":"Regen Potion"}],"is_trial":false,"path_per_floor":["M","?","M","M","M","E","R","E","T","M","E","M","R","M","R","B",null,"M","$","M","?","$","R","E","?","T","E","M","R","E","M","R","B",null,"M","?","M","?","M","R","E","$","T","$","T","R","E","M","R","B",null],"character_chosen":"DEFECT","items_purchased":["Capacitor","White Noise","Genetic Algorithm","PreservedInsect","Mango","Defragment","Doom and Gloom"],"campfire_rested":0,"item_purchase_floors":[19,19,19,19,42,42,44],"current_hp_per_floor":[80,80,80,79,79,56,56,47,47,46,39,35,35,35,35,14,89,89,89,67,51,51,51,43,43,43,43,41,41,14,22,22,24,89,89,89,89,78,88,88,88,100,100,100,100,100,100,100,100,98],"gold":178,"neow_bonus":"TEN_PERCENT_HP_BONUS","is_prod":false,"is_daily":false,"chose_seed":false,"campfire_upgraded":9,"win_rate":0,"timestamp":1557967465,"path_taken":["M","?","M","M","M","E","R","E","T","M","E","M","R","M","R","BOSS","M","$","M","?","?","R","E","?","T","E","M","R","E","M","R","BOSS","M","?","?","?","M","R","E","$","T","?","?","R","E","M","R","BOSS"],"build_version":"2019-01-23","purchased_purges":1,"victory":true,"max_hp_per_floor":[82,82,82,82,82,82,82,89,89,89,89,89,89,89,89,89,89,89,89,89,89,89,89,89,89,89,89,89,89,89,89,89,89,89,89,89,89,89,89,89,89,100,100,100,100,100,100,100,100,100],"card_choices":[{"not_picked":["Redo","Conserve Battery"],"picked":"Sunder","floor":1.0},{"not_picked":["Rebound","Hello World"],"picked":"Defragment","floor":3.0},{"not_picked":["Streamline","Go for the Eyes"],"picked":"Hologram","floor":4.0},{"not_picked":["Ball Lightning","Stack"],"picked":"Sunder","floor":5.0},{"not_picked":["Thunder Strike","Stack"],"picked":"Reinforced Body","floor":6.0},{"not_picked":["Auto Shields","Hologram"],"picked":"White Noise","floor":8.0},{"not_picked":["Barrage","Streamline"],"picked":"Chill","floor":10.0},{"not_picked":["Lockon","Hologram"],"picked":"Storm","floor":11.0},{"not_picked":["Scrape","Aggregate","Redo"],"picked":"SKIP","floor":12.0},{"not_picked":["Sweeping Beam","Barrage"],"picked":"Cold Snap","floor":14.0},{"not_picked":["Amplify","Buffer"],"picked":"Seek","floor":16.0},{"not_picked":["Turbo","Reprogram"],"picked":"Genetic Algorithm","floor":18.0},{"not_picked":["Hologram","Tempest"],"picked":"Glacier+1","floor":20.0},{"not_picked":["Rebound+1","Hello World"],"picked":"Cold Snap+1","floor":24.0},{"not_picked":["Blizzard","Reprogram"],"picked":"BootSequence+1","floor":25.0},{"not_picked":["Turbo","Chaos","Go for the Eyes+1"],"picked":"SKIP","floor":27.0},{"not_picked":["Rip and Tear","Go for the Eyes","Darkness"],"picked":"SKIP","floor":28.0},{"not_picked":["Darkness","Go for the Eyes","Chaos+1"],"picked":"SKIP","floor":30.0},{"not_picked":["Fission","Steam","Darkness"],"picked":"SKIP","floor":31.0},{"not_picked":["Fission","Amplify"],"picked":"Echo Form","floor":33.0},{"not_picked":["Rebound+1","Beam Cell","Redo+1"],"picked":"SKIP","floor":35.0},{"not_picked":["Reinforced Body+1","Barrage+1"],"picked":"Cold Snap+1","floor":37.0},{"not_picked":["Genetic Algorithm+1","Coolheaded","Sweeping Beam+1"],"picked":"SKIP","floor":39.0},{"not_picked":["Sweeping Beam","Tempest","Reinforced Body+1"],"picked":"SKIP","floor":41},{"not_picked":["Doom and Gloom+1","Leap","Consume+1"],"picked":"SKIP","floor":47},{"not_picked":["Rebound+1","Reinforced Body","Reboot"],"picked":"SKIP","floor":48}],"player_experience":345361,"relics_obtained":[{"floor":6.0,"key":"Mercury Hourglass"},{"floor":8.0,"key":"Strawberry"},{"floor":9.0,"key":"Bronze Scales"},{"floor":11.0,"key":"Vajra"},{"floor":24.0,"key":"Bottled Flame"},{"floor":25.0,"key":"Red Mask"},{"floor":26.0,"key":"DataDisk"},{"floor":27.0,"key":"MawBank"},{"floor":30.0,"key":"Bird Faced Urn"},{"floor":41,"key":"Juzu Bracelet"},{"floor":45,"key":"Cables"},{"floor":47,"key":"Bag of Preparation"}],"event_choices":[{"cards_removed":["Strike_B"],"damage_healed":0.0,"max_hp_gain":0.0,"max_hp_loss":0.0,"gold_gain":0.0,"event_name":"Bonfire Elementals","player_choice":"Offered Basic","floor":2.0,"gold_loss":0.0,"damage_taken":0.0},{"damage_healed":0.0,"max_hp_gain":0.0,"max_hp_loss":0.0,"gold_gain":0.0,"event_name":"Knowing Skull","player_choice":"CARD ","floor":21.0,"potions_obtained":[],"gold_loss":0.0,"damage_taken":16.0,"cards_obtained":["Good Instincts"]},{"damage_healed":0.0,"max_hp_gain":0.0,"max_hp_loss":0.0,"gold_gain":0.0,"event_name":"Knowing Skull","player_choice":"CARD ","floor":21.0,"potions_obtained":[],"gold_loss":0.0,"damage_taken":16.0,"cards_obtained":["Good Instincts"]},{"damage_healed":0.0,"max_hp_gain":0.0,"max_hp_loss":0.0,"gold_gain":0.0,"event_name":"Masked Bandits","player_choice":"Fought Bandits","floor":25.0,"gold_loss":0.0,"damage_taken":0.0},{"damage_healed":0.0,"max_hp_gain":0.0,"max_hp_loss":0.0,"gold_gain":0.0,"event_name":"WeMeetAgain","player_choice":"Gave Potion","floor":36.0,"gold_loss":0.0,"damage_taken":0.0,"relics_obtained":["Emotion Chip"]},{"damage_healed":0.0,"max_hp_gain":0.0,"max_hp_loss":0.0,"gold_gain":0.0,"event_name":"Winding Halls","player_choice":"Embrace Madness","floor":38.0,"gold_loss":0.0,"damage_taken":11.0,"cards_obtained":["Madness","Madness"]}],"is_beta":false,"boss_relics":[{"not_picked":["Eternal Feather","FrozenCore"],"picked":"Velvet Choker"},{"not_picked":["Tiny House","Empty Cage"],"picked":"Astrolabe"}],"items_purged_floors":[42],"is_endless":false,"potions_floor_spawned":[1,4,6,12,25,30,31,39,47],"ascension_level":1}