{"gold_per_floor":[366,59,59,72,90,90,118,118,118,118,131,141,206,221,221,221],"floor_reached":16,"playtime":651,"items_purged":[],"score":162,"play_id":"b91c2fd3-a0fc-4688-abb4-cdd08b6c09aa","local_time":"20190402234143","is_ascension_mode":true,"campfire_choices":[{"data":"Evolve","floor":6.0,"key":"SMITH"},{"data":"Disarm","floor":8.0,"key":"SMITH"},{"data":"Bash","floor":10.0,"key":"SMITH"},{"data":"True Grit","floor":15,"key":"SMITH"}],"neow_cost":"PERCENT_DAMAGE","seed_source_timestamp":1297397159914050,"circlet_count":0,"master_deck":["Strike_R","Strike_R","Strike_R","Strike_R","Defend_R","Defend_R","Defend_R","Defend_R","Bash+1","Evolve+1","Sword Boomerang","Disarm+1","Shrug It Off","True Grit+1","Flex","Feed","Battle Trance"],"special_seed":0,"relics":["Burning Blood","Prayer Wheel","Calipers","Singing Bowl","Tiny Chest"],"potions_floor_usage":[16],"damage_taken":[{"damage":3.0,"enemies":"Small Slimes","floor":1.0,"turns":4.0},{"damage":1.0,"enemies":"Cultist","floor":4.0,"turns":3.0},{"damage":7.0,"enemies":"Jaw Worm","floor":5.0,"turns":3.0},{"damage":35.0,"enemies":"3 Sentries","floor":7.0,"turns":14.0},{"damage":8.0,"enemies":"Exordium Wildlife","floor":11.0,"turns":5.0},{"damage":5.0,"enemies":"Blue Slaver","floor":12.0,"turns":6.0},{"damage":29.0,"enemies":"Lagavulin","floor":13.0,"turns":8.0},{"damage":1,"enemies":"Red Slaver","floor":14,"turns":5},{"damage":17,"enemies":"Hexaghost","floor":16,"turns":14}],"seed_played":"1570426350987087442","potions_obtained":[{"floor":1.0,"key":"Fire Potion"},{"floor":12.0,"key":"Block Potion"},{"floor":13.0,"key":"SpeedPotion"},{"floor":14,"key":"SteroidPotion"}],"is_trial":false,"path_per_floor":["M","$","?","M","M","R","E","R","T","R","M","M","E","M","R","B"],"character_chosen":"IRONCLAD","items_purchased":["Prayer Wheel"],"campfire_rested":0,"item_purchase_floors":[2],"current_hp_per_floor":[54,54,54,59,58,58,29,29,29,29,29,30,7,14,14,0],"gold":221,"neow_bonus":"TWO_FIFTY_GOLD","is_prod":false,"is_daily":false,"chose_seed":false,"campfire_upgraded":4,"win_rate":0,"timestamp":1554216103,"path_taken":["M","$","?","M","M","R","E","R","T","R","M","M","E","?","R","BOSS"],"build_version":"2019-01-23","purchased_purges":0,"victory":false,"max_hp_per_floor":[80,80,80,80,80,80,80,80,80,80,82,82,82,84,84,84],"card_choices":[{"not_picked":["Heavy Blade","Havoc"],"picked":"Evolve","floor":1.0},{"not_picked":["Blood for Blood","Clothesline"],"picked":"Sword Boomerang","floor":4.0},{"not_picked":["Clothesline","Exhume","Warcry"],"picked":"SKIP","floor":4.0},{"not_picked":["Bloodletting","Armaments"],"picked":"Disarm","floor":5.0},{"not_picked":["Twin Strike","Rampage","Perfected Strike"],"picked":"SKIP","floor":5.0},{"not_picked":["Fiend Fire","Rampage","Rupture"],"picked":"SKIP","floor":7.0},{"not_picked":["Havoc","Flex"],"picked":"Shrug It Off","floor":11.0},{"not_picked":["Headbutt","Pommel Strike","Hemokinesis"],"picked":"Singing Bowl","floor":11.0},{"not_picked":["Warcry","Wild Strike"],"picked":"True Grit","floor":12.0},{"not_picked":["Twin Strike","Shrug It Off"],"picked":"Flex","floor":12.0},{"not_picked":["Warcry","Corruption"],"picked":"Feed","floor":13.0},{"not_picked":["Metallicize","Combust"],"picked":"Battle Trance","floor":14},{"not_picked":["Thunderclap","Pommel Strike","True Grit"],"picked":"Singing Bowl","floor":14}],"player_experience":401550,"relics_obtained":[{"floor":7.0,"key":"Calipers"},{"floor":9.0,"key":"Singing Bowl"},{"floor":13.0,"key":"Tiny Chest"}],"event_choices":[{"cards_removed":["Strike_R"],"damage_healed":0.0,"max_hp_gain":0.0,"max_hp_loss":0.0,"gold_gain":0.0,"event_name":"Bonfire Elementals","player_choice":"Offered Basic","floor":3.0,"gold_loss":0.0,"damage_taken":0.0}],"is_beta":false,"boss_relics":[],"items_purged_floors":[],"is_endless":false,"potions_floor_spawned":[1,12,13,14],"killed_by":"Hexaghost","ascension_level":9}