{"gold_per_floor":[117,132,57,57,7,42,42,67,144,144,144,144,170,184,184,280,280,291,142,153,171,187,187],"floor_reached":23,"playtime":2249,"items_purged":["Strike_B"],"score":281,"play_id":"98bc3930-dc9d-4a4c-bdc0-e3fad264b938","local_time":"20190519161917","is_ascension_mode":true,"campfire_choices":[{"data":"Dualcast","floor":7.0,"key":"SMITH"},{"data":"Doom and Gloom","floor":10.0,"key":"SMITH"},{"data":"Zap","floor":15.0,"key":"SMITH"}],"neow_cost":"NONE","seed_source_timestamp":43280752790389,"circlet_count":0,"master_deck":["Strike_B","Strike_B","Defend_B","Defend_B","Defend_B","Zap+1","Dualcast+1","Gash","Doom and Gloom+1","Conserve Battery","Decay","Defragment+1","Genetic Algorithm","All For One","Defragment+1","Genetic Algorithm","Conserve Battery","Doom and Gloom","Streamline+1","Darkness"],"special_seed":0,"relics":["Cracked Core","NeowsBlessing","Happy Flower","Strawberry","Singing Bowl","Frozen Egg 2","PreservedInsect","Runic Dome"],"potions_floor_usage":[21,21,22,23],"damage_taken":[{"damage":0.0,"enemies":"2 Louse","floor":1.0,"turns":1.0},{"damage":0.0,"enemies":"Jaw Worm","floor":2.0,"turns":1.0},{"damage":0.0,"enemies":"Gremlin Nob","floor":6.0,"turns":1.0},{"damage":10.0,"enemies":"Lagavulin","floor":8.0,"turns":6.0},{"damage":22.0,"enemies":"3 Sentries","floor":13.0,"turns":4.0},{"damage":6.0,"enemies":"Small Slimes","floor":14.0,"turns":3.0},{"damage":30.0,"enemies":"Slime Boss","floor":16.0,"turns":5.0},{"damage":9.0,"enemies":"Chosen","floor":18.0,"turns":4.0},{"damage":0.0,"enemies":"Spheric Guardian","floor":20.0,"turns":3.0},{"damage":11,"enemies":"Cultist and Chosen","floor":21,"turns":6},{"damage":30,"enemies":"3 Cultists","floor":22,"turns":5},{"damage":36,"enemies":"Book of Stabbing","floor":23,"turns":4}],"seed_played":"-6950509519937654928","potions_obtained":[{"floor":1.0,"key":"Poison Potion"},{"floor":2.0,"key":"Weak Potion"},{"floor":8.0,"key":"SteroidPotion"},{"floor":14.0,"key":"Explosive Potion"},{"floor":16.0,"key":"Poison Potion"},{"floor":18.0,"key":"SkillPotion"},{"floor":22,"key":"GamblersBrew"}],"is_trial":false,"path_per_floor":["M","M","$","?","?","E","R","E","T","R","?","?","E","M","R","B",null,"M","$","M","M","M","E"],"character_chosen":"DEFECT","items_purchased":["Genetic Algorithm","Conserve Battery","Doom and Gloom"],"campfire_rested":0,"item_purchase_floors":[19,19,19],"current_hp_per_floor":[75,75,75,68,68,68,68,65,65,65,62,62,40,34,34,4,82,73,73,75,64,34,0],"gold":187,"neow_bonus":"THREE_ENEMY_KILL","is_prod":false,"is_daily":false,"chose_seed":false,"campfire_upgraded":3,"win_rate":0,"timestamp":1558262957,"path_taken":["M","M","$","?","?","E","R","E","T","R","?","?","E","M","R","BOSS","M","$","M","M","?","E"],"build_version":"2019-01-23","purchased_purges":1,"victory":false,"max_hp_per_floor":[75,75,75,75,75,75,75,82,82,82,82,82,82,82,82,82,82,82,82,84,84,84,84],"card_choices":[{"not_picked":["Scrape","Steam","Beam Cell"],"picked":"SKIP","floor":1.0},{"not_picked":["Streamline","Turbo"],"picked":"Gash","floor":2.0},{"not_picked":["Sweeping Beam","Reprogram"],"picked":"Doom and Gloom","floor":6.0},{"not_picked":["Go for the Eyes","Scrape"],"picked":"Conserve Battery","floor":8.0},{"not_picked":["Chill","Redo"],"picked":"Defragment+1","floor":13.0},{"not_picked":["Blizzard","Compile Driver"],"picked":"Genetic Algorithm","floor":14.0},{"not_picked":["Fission","Amplify"],"picked":"All For One","floor":16.0},{"not_picked":["Darkness","Steam"],"picked":"Defragment+1","floor":18.0},{"not_picked":["FTL","Beam Cell","Static Discharge+1"],"picked":"Singing Bowl","floor":20.0},{"not_picked":["Auto Shields","Hologram"],"picked":"Streamline+1","floor":21},{"not_picked":["Turbo","Reprogram"],"picked":"Darkness","floor":22}],"player_experience":512984,"relics_obtained":[{"floor":6.0,"key":"Happy Flower"},{"floor":8.0,"key":"Strawberry"},{"floor":9.0,"key":"Singing Bowl"},{"floor":13.0,"key":"PreservedInsect"}],"event_choices":[{"cards_removed":["Strike_B"],"damage_healed":0.0,"max_hp_gain":0.0,"max_hp_loss":0.0,"gold_gain":0.0,"event_name":"Golden Wing","player_choice":"Card Removal","floor":4.0,"gold_loss":0.0,"damage_taken":7.0},{"cards_removed":["Defend_B"],"damage_healed":0.0,"max_hp_gain":0.0,"max_hp_loss":0.0,"gold_gain":0.0,"event_name":"The Cleric","player_choice":"Card Removal","floor":5.0,"gold_loss":50.0,"damage_taken":0.0},{"damage_healed":0.0,"max_hp_gain":0.0,"max_hp_loss":0.0,"gold_gain":0.0,"event_name":"Scrap Ooze","player_choice":"Success","floor":11.0,"gold_loss":0.0,"damage_taken":3.0,"relics_obtained":["Frozen Egg 2"]},{"damage_healed":0.0,"max_hp_gain":0.0,"max_hp_loss":0.0,"gold_gain":0.0,"event_name":"Wheel of Change","player_choice":"Cursed","floor":12.0,"gold_loss":0.0,"damage_taken":0.0,"cards_obtained":["Decay"]}],"is_beta":false,"boss_relics":[{"not_picked":["Pandora\u0027s Box","Runic Pyramid"],"picked":"Runic Dome"}],"items_purged_floors":[3],"is_endless":false,"potions_floor_spawned":[1,2,8,14,16,18,22],"killed_by":"Book of Stabbing","ascension_level":4}