{"gold_per_floor":[111,131,143,157,232,257,272,272,340,340,352,372,297,297],"floor_reached":14,"playtime":2294,"items_purged":["Strike_B"],"score":108,"play_id":"60407687-71d9-4ff5-961f-149e739bf740","local_time":"20181211171854","is_ascension_mode":true,"campfire_choices":[{"floor":8,"key":"REST"},{"data":"Zap","floor":10,"key":"SMITH"}],"neow_cost":"NONE","seed_source_timestamp":2876952387041372,"circlet_count":0,"master_deck":["Strike_B","Strike_B","Strike_B","Defend_B","Defend_B","Defend_B","Defend_B","Zap+1","Dualcast","White Noise","Coolheaded","BootSequence","Go for the Eyes","Melter","Echo Form","Hologram","Defragment"],"relics":["Cracked Core","Potion Belt","StoneCalendar","Gremlin Horn"],"potions_floor_usage":[6,12],"damage_taken":[{"damage":1,"enemies":"Cultist","floor":1,"turns":4},{"damage":0,"enemies":"Small Slimes","floor":2,"turns":3},{"damage":3,"enemies":"Jaw Worm","floor":3,"turns":4},{"damage":20,"enemies":"Lots of Slimes","floor":4,"turns":8},{"damage":23,"enemies":"3 Sentries","floor":6,"turns":9},{"damage":2,"enemies":"Looter","floor":7,"turns":4},{"damage":3,"enemies":"Blue Slaver","floor":11,"turns":4},{"damage":28,"enemies":"Gremlin Gang","floor":12,"turns":4},{"damage":19,"enemies":"Lots of Slimes","floor":14,"turns":2}],"seed_played":"4086593534612795414","potions_obtained":[{"floor":1,"key":"Strength Potion"},{"floor":6,"key":"SkillPotion"},{"floor":12,"key":"FairyPotion"}],"is_trial":false,"path_per_floor":["M","M","M","M","?","E","M","R","T","R","M","M","$","M"],"character_chosen":"DEFECT","items_purchased":[],"campfire_rested":1,"item_purchase_floors":[],"current_hp_per_floor":[74,74,71,51,40,17,15,37,37,37,34,6,6,0],"gold":297,"neow_bonus":"RANDOM_COMMON_RELIC","is_prod":false,"is_daily":false,"chose_seed":false,"campfire_upgraded":1,"win_rate":0,"timestamp":1544566734,"path_taken":["M","M","?","M","?","E","M","R","T","R","M","M","?","M"],"build_version":"2018-12-06","purchased_purges":1,"victory":false,"max_hp_per_floor":[75,75,75,75,75,75,75,75,75,75,75,75,75,75],"card_choices":[{"not_picked":["Compile Driver","Double Energy"],"picked":"White Noise","floor":1},{"not_picked":["Beam Cell","Leap"],"picked":"Coolheaded","floor":2},{"not_picked":["Streamline","Hologram"],"picked":"BootSequence","floor":3},{"not_picked":["Redo","Sweeping Beam"],"picked":"Go for the Eyes","floor":4},{"not_picked":["Turbo","Rip and Tear"],"picked":"Melter","floor":6},{"not_picked":["Skim","Steam"],"picked":"Echo Form","floor":7},{"not_picked":["Beam Cell","Gash"],"picked":"Hologram","floor":11},{"not_picked":["Chill","Glacier"],"picked":"Defragment","floor":12}],"player_experience":202144,"relics_obtained":[{"floor":6,"key":"StoneCalendar"},{"floor":9,"key":"Gremlin Horn"}],"event_choices":[{"damage_healed":0,"gold_gain":75,"player_choice":"Gather Gold","damage_taken":11,"max_hp_gain":0,"max_hp_loss":0,"event_name":"World of Goop","floor":5,"gold_loss":0}],"is_beta":false,"boss_relics":[],"items_purged_floors":[13],"is_endless":false,"potions_floor_spawned":[1,6,12],"killed_by":"Lots of Slimes","ascension_level":3}