{"gold_per_floor":[114,130,148,167,182,214,214,243,266,286,251,270,270,281,281,379,379,379,51,51,51,51,51,51,51,51,51,51,51,51,51,51,51],"floor_reached":33,"playtime":2563,"items_purged":["Strike_R"],"score":297,"play_id":"45a840d3-f673-4cc2-84ac-d36c39681209","local_time":"20190224144418","is_ascension_mode":false,"campfire_choices":[{"data":"Armaments","floor":7,"key":"SMITH"},{"data":"Juggernaut","floor":13,"key":"SMITH"},{"data":"Flame Barrier","floor":15,"key":"SMITH"},{"floor":25,"key":"REST"},{"floor":29,"key":"REST"},{"floor":32,"key":"REST"}],"neow_cost":"NONE","seed_source_timestamp":1012227721005507,"circlet_count":0,"master_deck":["Strike_R","Strike_R","Strike_R","Defend_R","Defend_R","Defend_R","Defend_R","Bash","Flame Barrier+1","Metallicize","Anger","Evolve","Armaments+1","Juggernaut+1","Berserk","Anger","Inflame","Limit Break","Power Through+1","Chrysalis","Brutality","Battle Trance","Heavy Blade","Power Through","Heavy Blade"],"relics":["Burning Blood","Pen Nib","Ornamental Fan","Bronze Scales","PreservedInsect","Odd Mushroom","Ectoplasm","Strawberry","Sundial","Juzu Bracelet","Enchiridion"],"potions_floor_usage":[27,27],"damage_taken":[{"damage":4,"enemies":"Small Slimes","floor":1,"turns":4},{"damage":3,"enemies":"Jaw Worm","floor":2,"turns":5},{"damage":0,"enemies":"2 Louse","floor":3,"turns":2},{"damage":11,"enemies":"Lots of Slimes","floor":4,"turns":6},{"damage":14,"enemies":"Red Slaver","floor":5,"turns":5},{"damage":12,"enemies":"3 Sentries","floor":6,"turns":10},{"damage":11,"enemies":"Gremlin Nob","floor":8,"turns":4},{"damage":10,"enemies":"The Mushroom Lair","floor":10,"turns":4},{"damage":8,"enemies":"Exordium Wildlife","floor":12,"turns":5},{"damage":5,"enemies":"Looter","floor":14,"turns":3},{"damage":33,"enemies":"The Guardian","floor":16,"turns":8},{"damage":3,"enemies":"3 Byrds","floor":18,"turns":4},{"damage":18,"enemies":"Spheric Guardian","floor":21,"turns":5},{"damage":7,"enemies":"Centurion and Healer","floor":22,"turns":5},{"damage":35,"enemies":"Slavers","floor":23,"turns":4},{"damage":33,"enemies":"Gremlin Leader","floor":27,"turns":6},{"damage":4,"enemies":"Cultist and Chosen","floor":31,"turns":5},{"damage":84,"enemies":"Automaton","floor":33,"turns":6}],"seed_played":"1980282311553794632","potions_obtained":[{"floor":3,"key":"Poison Potion"},{"floor":4,"key":"PowerPotion"},{"floor":5,"key":"SpeedPotion"},{"floor":22,"key":"Block Potion"}],"is_trial":false,"path_per_floor":["?","?","?","M","$","?","?"],"character_chosen":"IRONCLAD","items_purchased":["Chrysalis","Brutality"],"campfire_rested":3,"item_purchase_floors":[19,19],"current_hp_per_floor":[80,80,80,75,67,61,61,56,56,52,72,70,70,71,71,44,80,80,80,80,68,67,45,45,71,71,44,28,54,54,56,82,0],"gold":51,"neow_bonus":"RANDOM_COMMON_RELIC","is_prod":false,"is_daily":false,"chose_seed":false,"campfire_upgraded":3,"win_rate":0,"timestamp":1551037458,"path_taken":["M","M","M","M","M","E","R","E","T","?","?","M","R","M","R","BOSS","M","$","?","?","M","E","?","R","T","E","?","R","?","M","R","BOSS"],"build_version":"2019-01-23","purchased_purges":1,"victory":false,"max_hp_per_floor":[80,80,80,80,80,80,80,80,80,80,80,80,80,80,80,80,80,80,80,80,80,80,87,87,87,87,87,87,87,87,87,87,87],"card_choices":[{"not_picked":["Twin Strike","Wild Strike"],"picked":"Flame Barrier","floor":1},{"not_picked":["Hemokinesis","Dropkick"],"picked":"Metallicize","floor":2},{"not_picked":["Blood for Blood","Rupture"],"picked":"Anger","floor":3},{"not_picked":["Sword Boomerang","Warcry"],"picked":"Evolve","floor":4},{"not_picked":["Second Wind","Perfected Strike"],"picked":"Armaments","floor":5},{"not_picked":["Iron Wave","Body Slam"],"picked":"Juggernaut","floor":6},{"not_picked":["Thunderclap","Searing Blow"],"picked":"Berserk","floor":8},{"not_picked":["Dropkick","Warcry"],"picked":"Anger","floor":10},{"not_picked":["Reckless Charge","Pommel Strike","Corruption"],"picked":"SKIP","floor":12},{"not_picked":["Reckless Charge","Flex"],"picked":"Inflame","floor":14},{"not_picked":["Dark Embrace","Fiend Fire"],"picked":"Limit Break","floor":16},{"not_picked":["Twin Strike+1","Wild Strike"],"picked":"Power Through+1","floor":18},{"not_picked":["Clothesline","Hemokinesis+1"],"picked":"Battle Trance","floor":21},{"not_picked":["Headbutt","Warcry"],"picked":"Heavy Blade","floor":22},{"not_picked":["Clothesline","Havoc+1"],"picked":"Power Through","floor":23},{"not_picked":["Evolve","Pommel Strike","Twin Strike"],"picked":"SKIP","floor":27},{"not_picked":["Clash+1","Body Slam"],"picked":"Heavy Blade","floor":31}],"player_experience":192515,"relics_obtained":[{"floor":6,"key":"Ornamental Fan"},{"floor":8,"key":"Bronze Scales"},{"floor":9,"key":"PreservedInsect"},{"floor":10,"key":"Odd Mushroom"},{"floor":23,"key":"Strawberry"},{"floor":26,"key":"Sundial"},{"floor":27,"key":"Juzu Bracelet"},{"floor":28,"key":"Enchiridion"}],"event_choices":[{"damage_healed":0,"gold_gain":0,"player_choice":"Fought Mushrooms","damage_taken":0,"max_hp_gain":0,"max_hp_loss":0,"event_name":"Mushrooms","floor":10,"gold_loss":0},{"damage_healed":20,"gold_gain":0,"player_choice":"Healed","damage_taken":0,"max_hp_gain":0,"max_hp_loss":0,"event_name":"The Cleric","floor":11,"gold_loss":35},{"cards_removed":["Strike_R"],"damage_healed":0,"gold_gain":0,"player_choice":"Offered Basic","damage_taken":0,"max_hp_gain":0,"max_hp_loss":0,"event_name":"Bonfire Elementals","floor":20,"gold_loss":0},{"damage_healed":0,"gold_gain":0,"player_choice":"Obtained Book","damage_taken":16,"max_hp_gain":0,"max_hp_loss":0,"event_name":"Cursed Tome","floor":28,"gold_loss":0},{"damage_healed":0,"gold_gain":0,"player_choice":"Ignored","damage_taken":0,"max_hp_gain":0,"max_hp_loss":0,"event_name":"Ghosts","floor":30,"gold_loss":0}],"is_beta":false,"boss_relics":[{"not_picked":["Snecko Eye","Tiny House"],"picked":"Ectoplasm"}],"items_purged_floors":[19],"is_endless":false,"potions_floor_spawned":[3,4,5,6,8,22],"killed_by":"Automaton","ascension_level":0}