{"gold_per_floor":[110,110,131,131,131,199,199,199,199,124,159,173,173,212,212,341,341,362,30,50,88,106,106,129,129,174,186,221,233,263,288,300,431,443,473,150,169,182,182,182,226,250,299,299,330,330,354,153,153,153,153,153,85,128,128],"floor_reached":55,"playtime":4016,"items_purged":["Strike_B","Gash+1","Defend_B"],"score":770,"play_id":"5ec4b903-ddd8-4ce1-ae08-d1f32af8da34","local_time":"20190309011527","is_ascension_mode":false,"campfire_choices":[{"data":"Chill","floor":7,"key":"SMITH"},{"floor":13,"key":"REST"},{"data":"Dualcast","floor":15,"key":"SMITH"},{"data":"Rainbow","floor":23,"key":"SMITH"},{"data":"Strike_B","floor":27,"key":"PURGE"},{"data":"Strike_B","floor":29,"key":"PURGE"},{"data":"Consume","floor":32,"key":"SMITH"},{"data":"Scrape","floor":40,"key":"PURGE"},{"data":"Strike_B","floor":46,"key":"PURGE"},{"floor":49,"key":"RECALL"},{"data":"Defend_B","floor":52,"key":"PURGE"}],"neow_cost":"NONE","seed_source_timestamp":430617400097805,"circlet_count":0,"master_deck":["Defend_B","Defend_B","Zap+1","Dualcast+1","Conserve Battery","Cold Snap","Chill+1","Leap","FTL","Rainbow+1","Cold Snap","Chaos","Self Repair","Coolheaded","Glacier+1","Ball Lightning","Consume+1","Seek","Conserve Battery+1","Loop","Doom and Gloom+1","Steam+1","Capacitor+1","Static Discharge+1","Loop+1","Coolheaded+1"],"relics":["Cracked Core","NeowsBlessing","Golden Idol","Cables","Tiny Chest","Gremlin Horn","Darkstone Periapt","Torii","Inserter","Peace Pipe","Red Mask","MawBank","Fusion Hammer","Oddly Smooth Stone","Singing Bowl","Boot","Frozen Egg 2","Calipers"],"potions_floor_usage":[20,21,30,37,45,45,55,55],"damage_taken":[{"damage":0,"enemies":"Jaw Worm","floor":1,"turns":1},{"damage":0,"enemies":"Small Slimes","floor":3,"turns":1},{"damage":0,"enemies":"Lagavulin","floor":6,"turns":1},{"damage":37,"enemies":"Gremlin Nob","floor":11,"turns":6},{"damage":0,"enemies":"2 Louse","floor":12,"turns":3},{"damage":3,"enemies":"3 Sentries","floor":14,"turns":9},{"damage":18,"enemies":"Hexaghost","floor":16,"turns":13},{"damage":0,"enemies":"Shell Parasite","floor":18,"turns":5},{"damage":1,"enemies":"2 Thieves","floor":20,"turns":4},{"damage":49,"enemies":"Masked Bandits","floor":21,"turns":6},{"damage":5,"enemies":"Snake Plant","floor":22,"turns":6},{"damage":0,"enemies":"Chosen and Byrds","floor":24,"turns":7},{"damage":0,"enemies":"Centurion and Healer","floor":28,"turns":10},{"damage":0,"enemies":"Snake Plant","floor":30,"turns":6},{"damage":1,"enemies":"Snecko","floor":31,"turns":7},{"damage":2,"enemies":"Champ","floor":33,"turns":10},{"damage":0,"enemies":"Orb Walker","floor":35,"turns":4},{"damage":0,"enemies":"3 Darklings","floor":37,"turns":10},{"damage":1,"enemies":"Maw","floor":38,"turns":8},{"damage":1,"enemies":"Giant Head","floor":41,"turns":10},{"damage":3,"enemies":"4 Shapes","floor":42,"turns":4},{"damage":19,"enemies":"Reptomancer","floor":45,"turns":5},{"damage":0,"enemies":"3 Darklings","floor":47,"turns":7},{"damage":28,"enemies":"Donu and Deca","floor":50,"turns":9},{"damage":43,"enemies":"Shield and Spear","floor":54,"turns":8},{"damage":42,"enemies":"The Heart","floor":55,"turns":3}],"seed_played":"6018441538059228218","potions_obtained":[{"floor":3,"key":"Strength Potion"},{"floor":6,"key":"SpeedPotion"},{"floor":16,"key":"EssenceOfSteel"},{"floor":18,"key":"Regen Potion"},{"floor":24,"key":"Block Potion"},{"floor":33,"key":"Poison Potion"},{"floor":38,"key":"Explosive Potion"},{"floor":42,"key":"Swift Potion"},{"floor":45,"key":"FocusPotion"},{"floor":47,"key":"FocusPotion"},{"floor":54,"key":"Energy Potion"}],"is_trial":false,"path_per_floor":["M","?","M","?","?","E","R","?","T","$","E","M","R","E","R","B",null,"M","$","M","?","M","R","M","T","T","R","M","R","M","M","R","B",null,"M","$","M","M","?","R","E","M","T","?","E","R","M","$","R","B",null,"R","$","E","B"],"character_chosen":"DEFECT","items_purchased":["Peace Pipe","Chaos","Loop","Oddly Smooth Stone","Static Discharge+1","Loop+1"],"campfire_rested":1,"item_purchase_floors":[19,19,36,36,48,53],"current_hp_per_floor":[75,57,57,57,57,57,57,50,50,50,13,13,35,32,32,14,75,75,75,74,37,39,39,46,46,46,46,53,53,60,59,59,64,75,75,75,75,75,71,71,73,75,75,75,58,58,65,65,65,44,77,77,77,41,0],"gold":128,"neow_bonus":"THREE_ENEMY_KILL","is_prod":false,"is_daily":false,"chose_seed":false,"campfire_upgraded":4,"win_rate":0,"timestamp":1552115727,"path_taken":["M","?","M","?","?","E","R","?","T","?","E","M","R","E","R","BOSS","M","$","M","?","M","R","M","?","T","R","M","R","M","M","R","BOSS","M","$","M","?","?","R","E","M","T","?","E","R","M","$","R","BOSS","R","$","E","BOSS"],"build_version":"2019-01-23","purchased_purges":3,"victory":false,"max_hp_per_floor":[75,75,75,75,75,75,75,75,75,75,75,75,75,75,75,75,75,75,75,75,75,75,75,75,75,75,75,75,75,75,75,75,75,75,75,75,75,75,71,71,73,75,75,75,77,77,77,77,77,77,77,77,77,77,77],"card_choices":[{"not_picked":["Sweeping Beam","Turbo"],"picked":"Conserve Battery","floor":1},{"not_picked":["Coolheaded","Rebound"],"picked":"Cold Snap","floor":3},{"not_picked":["Cold Snap","Static Discharge"],"picked":"Chill","floor":6},{"not_picked":["Coolheaded","Consume"],"picked":"Leap","floor":11},{"not_picked":["Loop","Rebound"],"picked":"FTL","floor":12},{"not_picked":["Ball Lightning","Genetic Algorithm"],"picked":"Scrape","floor":14},{"not_picked":["Hyperbeam","Core Surge"],"picked":"Rainbow","floor":16},{"not_picked":["Genetic Algorithm","Turbo"],"picked":"Cold Snap","floor":18},{"not_picked":["Conserve Battery","Hologram"],"picked":"Self Repair","floor":20},{"not_picked":["Aggregate+1","Sunder"],"picked":"Coolheaded","floor":21},{"not_picked":["Beam Cell+1","Skim+1"],"picked":"Glacier+1","floor":22},{"not_picked":["BootSequence","Sweeping Beam"],"picked":"Ball Lightning","floor":24},{"not_picked":["Streamline","Reprogram"],"picked":"Gash+1","floor":28},{"not_picked":["Turbo","Ball Lightning+1"],"picked":"Consume","floor":30},{"not_picked":["Rebound","Steam","Beam Cell+1"],"picked":"SKIP","floor":31},{"not_picked":["Buffer","Multi-Cast"],"picked":"Seek","floor":33},{"not_picked":["Cold Snap","Turbo+1"],"picked":"Conserve Battery+1","floor":35},{"not_picked":["Steam+1","Beam Cell+1"],"picked":"Doom and Gloom+1","floor":37},{"not_picked":["Rip and Tear","Gash+1"],"picked":"Steam+1","floor":38},{"not_picked":["Beam Cell","Ball Lightning","Leap"],"picked":"Singing Bowl","floor":41},{"not_picked":["Turbo","Steam+1","Gash+1"],"picked":"Singing Bowl","floor":42},{"not_picked":["Amplify","Conserve Battery+1","Darkness"],"picked":"Singing Bowl","floor":45},{"not_picked":["Glacier","Genetic Algorithm"],"picked":"Capacitor+1","floor":47},{"not_picked":["Go for the Eyes","Rebound"],"picked":"Coolheaded+1","floor":54}],"player_experience":215456,"relics_obtained":[{"floor":6,"key":"Tiny Chest"},{"floor":9,"key":"Gremlin Horn"},{"floor":11,"key":"Darkstone Periapt"},{"floor":14,"key":"Torii"},{"floor":21,"key":"Red Mask"},{"floor":26,"key":"MawBank"},{"floor":41,"key":"Singing Bowl"},{"floor":43,"key":"Boot"},{"floor":45,"key":"Frozen Egg 2"},{"floor":54,"key":"Calipers"}],"event_choices":[{"damage_healed":0,"gold_gain":0,"player_choice":"Take Damage","damage_taken":18,"relics_obtained":["Golden Idol"],"max_hp_gain":0,"max_hp_loss":0,"event_name":"Golden Idol","floor":2,"gold_loss":0},{"damage_healed":0,"gold_gain":0,"player_choice":"Grow","damage_taken":0,"max_hp_gain":0,"max_hp_loss":0,"event_name":"Living Wall","floor":4,"gold_loss":0,"cards_upgraded":["Zap"]},{"damage_healed":0,"gold_gain":0,"player_choice":"Box","damage_taken":0,"relics_obtained":["Cables"],"max_hp_gain":0,"max_hp_loss":0,"event_name":"Big Fish","floor":5,"gold_loss":0,"cards_obtained":["Regret"]},{"cards_removed":["Regret"],"damage_healed":0,"gold_gain":0,"player_choice":"Card Removal","damage_taken":7,"max_hp_gain":0,"max_hp_loss":0,"event_name":"Golden Wing","floor":8,"gold_loss":0},{"damage_healed":0,"gold_gain":0,"player_choice":"Fought Bandits","damage_taken":0,"max_hp_gain":0,"max_hp_loss":0,"event_name":"Masked Bandits","floor":21,"gold_loss":0},{"damage_healed":0,"gold_gain":0,"player_choice":"Max HP","damage_taken":0,"max_hp_gain":0,"max_hp_loss":4,"event_name":"Winding Halls","floor":39,"gold_loss":0},{"damage_healed":0,"gold_gain":0,"player_choice":"Bought 0 Potions","damage_taken":0,"max_hp_gain":0,"max_hp_loss":0,"event_name":"The Woman in Blue","floor":44,"gold_loss":0}],"is_beta":false,"boss_relics":[{"not_picked":["Astrolabe","FrozenCore"],"picked":"Inserter"},{"not_picked":["Runic Pyramid","Velvet Choker"],"picked":"Fusion Hammer"}],"items_purged_floors":[10,36,48],"is_endless":false,"potions_floor_spawned":[3,6,16,18,24,33,38,42,45,47,54],"killed_by":"The Heart","ascension_level":0}