{"gold_per_floor":[111,35,90,101,176,210,210,242,269,282,310,310,310,322,322,426,426,441,441,38,50,65,92,92,119,174,189,224,57,57,83,83,180,180,191,191,209,209,228,228,256,80,80,0,30,30,64,64,64,64,64,64,14,41,41],"floor_reached":56,"playtime":7008,"items_purged":["Writhe","Strike_G"],"score":1903,"play_id":"e6eba516-7c9b-47c1-a1f8-01457a9004b1","local_time":"20190529163643","is_ascension_mode":true,"campfire_choices":[{"data":"Skewer","floor":7.0,"key":"SMITH"},{"data":"Neutralize","floor":12.0,"key":"SMITH"},{"data":"Well Laid Plans","floor":15.0,"key":"SMITH"},{"data":"Catalyst","floor":24.0,"key":"SMITH"},{"data":"Footwork","floor":32.0,"key":"SMITH"},{"data":"Footwork","floor":40.0,"key":"SMITH"},{"data":"Noxious Fumes","floor":46.0,"key":"SMITH"},{"floor":49.0,"key":"RECALL"},{"floor":52.0,"key":"REST"}],"neow_cost":"NONE","seed_source_timestamp":0,"circlet_count":0,"master_deck":["AscendersBane","Defend_G+1","Defend_G","Defend_G","Defend_G","Strike_G","Strike_G+1","Survivor+1","Neutralize+1","Doppelganger+1","PiercingWail+1","Skewer+1","Unload","Dodge and Roll","Deadly Poison+1","Dodge and Roll","Die Die Die+1","Well Laid Plans+1","Malaise","Leg Sweep+1","Catalyst+1","Dash","Noxious Fumes+1","Adrenaline+1","Footwork+1","Bandage Up","Corpse Explosion","Footwork+1","Regret","Terror"],"special_seed":0,"relics":["Astrolabe","Lantern","Pear","Anchor","Matryoshka","Cursed Key","Strange Spoon","Strawberry","Whetstone","Juzu Bracelet","Tiny Chest","War Paint","Meat on the Bone","Dodecahedron","Busted Crown","Shuriken","Bag of Marbles","Red Mask","Vajra","PreservedInsect","Snake Skull"],"potions_floor_usage":[55],"damage_taken":[{"damage":0.0,"enemies":"2 Louse","floor":1.0,"turns":4.0},{"damage":0.0,"enemies":"Cultist","floor":4.0,"turns":3.0},{"damage":17.0,"enemies":"3 Sentries","floor":6.0,"turns":9.0},{"damage":7.0,"enemies":"Lagavulin","floor":8.0,"turns":5.0},{"damage":0.0,"enemies":"Small Slimes","floor":10.0,"turns":2.0},{"damage":6.0,"enemies":"3 Sentries","floor":11.0,"turns":5.0},{"damage":0.0,"enemies":"2 Fungi Beasts","floor":14.0,"turns":3.0},{"damage":22.0,"enemies":"The Guardian","floor":16.0,"turns":9.0},{"damage":1.0,"enemies":"2 Thieves","floor":18.0,"turns":3.0},{"damage":0.0,"enemies":"Spheric Guardian","floor":21.0,"turns":3.0},{"damage":0.0,"enemies":"Snecko","floor":22.0,"turns":3.0},{"damage":36.0,"enemies":"Slavers","floor":23.0,"turns":9.0},{"damage":0.0,"enemies":"Gremlin Leader","floor":25.0,"turns":5.0},{"damage":2.0,"enemies":"3 Cultists","floor":27.0,"turns":5.0},{"damage":0.0,"enemies":"Book of Stabbing","floor":28.0,"turns":6.0},{"damage":16.0,"enemies":"Gremlin Leader","floor":31.0,"turns":8.0},{"damage":26.0,"enemies":"Automaton","floor":33.0,"turns":10.0},{"damage":0.0,"enemies":"3 Darklings","floor":35.0,"turns":2.0},{"damage":0.0,"enemies":"3 Shapes","floor":37.0,"turns":3.0},{"damage":15.0,"enemies":"Maw","floor":39.0,"turns":7.0},{"damage":25.0,"enemies":"Giant Head","floor":41.0,"turns":13.0},{"damage":12.0,"enemies":"Reptomancer","floor":45.0,"turns":7.0},{"damage":25.0,"enemies":"Giant Head","floor":47.0,"turns":9.0},{"damage":41.0,"enemies":"Awakened One","floor":50.0,"turns":14.0},{"damage":0.0,"enemies":"Shield and Spear","floor":54.0,"turns":4.0},{"damage":70,"enemies":"The Heart","floor":55,"turns":12}],"seed_played":"-6106505108853033029","potions_obtained":[{"floor":4.0,"key":"Fire Potion"},{"floor":10.0,"key":"Explosive Potion"},{"floor":16.0,"key":"Dexterity Potion"},{"floor":18.0,"key":"Explosive Potion"},{"floor":23.0,"key":"SteroidPotion"},{"floor":25.0,"key":"EssenceOfSteel"},{"floor":33.0,"key":"Swift Potion"},{"floor":35.0,"key":"Explosive Potion"},{"floor":39.0,"key":"Weak Potion"},{"floor":45.0,"key":"Poison Potion"}],"is_trial":false,"path_per_floor":["M","$","?","M","?","E","R","E","T","M","E","R","?","M","R","B",null,"M","?","$","M","M","E","R","E","T","M","E","$","?","E","R","B",null,"M","?","M","?","M","R","E","$","T","?","E","R","E","?","R","B",null,"R","$","E","B",null],"character_chosen":"THE_SILENT","items_purchased":["Unload","Catalyst","Strange Spoon","Strawberry","Bandage Up","GhostInAJar","Energy Potion"],"campfire_rested":1,"item_purchase_floors":[2,20,20,20,29,42,53],"current_hp_per_floor":[63,63,63,63,52,35,35,38,38,38,32,32,32,32,32,10,63,62,62,69,69,69,33,33,33,33,31,31,31,31,35,35,25,72,72,72,76,76,65,65,48,48,48,48,52,52,43,43,43,18,67,83,83,83,29],"gold":41,"neow_bonus":"BOSS_RELIC","is_prod":false,"is_daily":false,"chose_seed":false,"campfire_upgraded":7,"win_rate":0,"timestamp":1559128003,"path_taken":["M","$","?","M","?","E","R","E","T","M","E","R","?","M","R","BOSS","M","?","$","M","M","E","R","E","T","M","E","?","?","E","R","BOSS","M","?","M","?","M","R","E","$","T","?","E","R","E","?","R","BOSS","R","$","E","BOSS"],"build_version":"2019-01-23","purchased_purges":2,"victory":true,"max_hp_per_floor":[70,70,70,70,70,70,70,80,80,80,80,80,80,80,80,80,80,80,80,87,87,87,87,87,87,87,87,87,87,87,87,87,87,87,87,83,83,83,83,83,83,83,83,83,83,83,83,83,83,83,83,83,83,83,83],"card_choices":[{"not_picked":["Outmaneuver","Poisoned Stab"],"picked":"Skewer","floor":1.0},{"not_picked":["Sucker Punch","Concentrate"],"picked":"Dodge and Roll","floor":4.0},{"not_picked":["Tools of the Trade","Outmaneuver"],"picked":"Deadly Poison","floor":6.0},{"not_picked":["Calculated Gamble","Slice","Flechettes"],"picked":"SKIP","floor":8.0},{"not_picked":["Poisoned Stab","Blade Dance"],"picked":"Dodge and Roll","floor":10.0},{"not_picked":["Dodge and Roll","Deadly Poison"],"picked":"Die Die Die","floor":11.0},{"not_picked":["Flying Knee","Bane"],"picked":"Well Laid Plans","floor":14.0},{"not_picked":["Doppelganger","Die Die Die"],"picked":"Malaise","floor":16.0},{"not_picked":["Outmaneuver","Poisoned Stab"],"picked":"Leg Sweep","floor":18.0},{"not_picked":["Acrobatics","Underhanded Strike","Bane"],"picked":"SKIP","floor":21.0},{"not_picked":["Eviscerate","Expertise"],"picked":"Dash","floor":22.0},{"not_picked":["Bane","Dagger Throw"],"picked":"Noxious Fumes","floor":23.0},{"not_picked":["Dagger Throw","Terror+1"],"picked":"Adrenaline","floor":25.0},{"not_picked":["Tactician","Bouncing Flask"],"picked":"Footwork","floor":27.0},{"not_picked":["Poisoned Stab+1","Underhanded Strike+1","Reflex"],"picked":"SKIP","floor":28.0},{"not_picked":["Backstab","Reflex+1","PiercingWail+1"],"picked":"SKIP","floor":31.0},{"not_picked":["Backstab","Reflex+1","PiercingWail+1"],"picked":"SKIP","floor":31.0},{"not_picked":["Glass Knife","Malaise"],"picked":"Corpse Explosion","floor":33.0},{"not_picked":["PiercingWail"],"picked":"SKIP","floor":35.0},{"not_picked":["Tactician+1"],"picked":"SKIP","floor":37.0},{"not_picked":[],"picked":"Footwork","floor":39.0},{"not_picked":["Prepared"],"picked":"SKIP","floor":41.0},{"not_picked":[],"picked":"Terror","floor":45.0},{"not_picked":["Bane"],"picked":"SKIP","floor":47.0},{"not_picked":["Deflect"],"picked":"SKIP","floor":54.0}],"player_experience":923438,"relics_obtained":[{"floor":6.0,"key":"Lantern"},{"floor":8.0,"key":"Pear"},{"floor":9.0,"key":"Anchor"},{"floor":11.0,"key":"Matryoshka"},{"floor":23.0,"key":"Whetstone"},{"floor":25.0,"key":"Juzu Bracelet"},{"floor":26.0,"key":"Tiny Chest"},{"floor":26.0,"key":"War Paint"},{"floor":28.0,"key":"Meat on the Bone"},{"floor":31.0,"key":"Dodecahedron"},{"floor":41.0,"key":"Shuriken"},{"floor":43.0,"key":"Bag of Marbles"},{"floor":45.0,"key":"Vajra"},{"floor":47.0,"key":"PreservedInsect"},{"floor":54.0,"key":"Snake Skull"}],"event_choices":[{"damage_healed":0.0,"max_hp_gain":0.0,"max_hp_loss":0.0,"gold_gain":55.0,"event_name":"Golden Wing","player_choice":"Gained Gold","floor":3.0,"gold_loss":0.0,"damage_taken":0.0},{"damage_healed":0.0,"max_hp_gain":0.0,"max_hp_loss":0.0,"gold_gain":75.0,"event_name":"World of Goop","player_choice":"Gather Gold","floor":5.0,"gold_loss":0.0,"damage_taken":11.0},{"damage_healed":0.0,"max_hp_gain":0.0,"max_hp_loss":0.0,"gold_gain":0.0,"event_name":"Accursed Blacksmith","player_choice":"Forge","floor":13.0,"gold_loss":0.0,"damage_taken":0.0,"cards_upgraded":["Deadly Poison"]},{"damage_healed":0.0,"max_hp_gain":0.0,"max_hp_loss":0.0,"gold_gain":0.0,"event_name":"Upgrade Shrine","player_choice":"Upgraded","floor":19.0,"gold_loss":0.0,"damage_taken":0.0,"cards_upgraded":["Leg Sweep"]},{"damage_healed":0.0,"max_hp_gain":0.0,"max_hp_loss":4.0,"gold_gain":0.0,"event_name":"Winding Halls","player_choice":"Max HP","floor":36.0,"gold_loss":0.0,"damage_taken":0.0},{"cards_removed":["Slice"],"damage_healed":0.0,"max_hp_gain":0.0,"max_hp_loss":0.0,"gold_gain":0.0,"event_name":"Falling","player_choice":"Removed Attack","floor":38.0,"gold_loss":0.0,"damage_taken":0.0},{"damage_healed":0.0,"max_hp_gain":0.0,"max_hp_loss":0.0,"gold_gain":0.0,"event_name":"Tomb of Lord Red Mask","player_choice":"Paid","floor":44.0,"gold_loss":80.0,"damage_taken":0.0,"relics_obtained":["Red Mask"]},{"damage_healed":0.0,"max_hp_gain":0.0,"max_hp_loss":0.0,"gold_gain":0.0,"event_name":"Upgrade Shrine","player_choice":"Upgraded","floor":48.0,"gold_loss":0.0,"damage_taken":0.0,"cards_upgraded":["Adrenaline"]}],"is_beta":false,"boss_relics":[{"not_picked":["Pandora\u0027s Box","WristBlade"],"picked":"Cursed Key"},{"not_picked":["Black Star","Calling Bell"],"picked":"Busted Crown"}],"items_purged_floors":[29,42],"is_endless":false,"potions_floor_spawned":[4,10,16,18,23,25,33,35,37,39,45,54],"ascension_level":10}