{"gold_per_floor":[109,123,139,64,78,27,27,37,37,49,65,82,82,82,82,203,203,222,246,262,92,105,105,105,105,105,105,57,156,169,185,185,185],"floor_reached":33,"playtime":2148,"items_purged":["Strike_R","Regret"],"score":243,"play_id":"e84de160-c4b4-40c8-80f4-bd00a1a2b21f","local_time":"20190119234601","is_ascension_mode":false,"campfire_choices":[{"data":"Pommel Strike","floor":7,"key":"SMITH"},{"data":"True Grit","floor":15,"key":"SMITH"},{"data":"True Grit","floor":23,"key":"SMITH"},{"data":"Anger","floor":25,"key":"SMITH"},{"floor":32,"key":"REST"}],"neow_cost":"NONE","seed_source_timestamp":870684752370738,"circlet_count":0,"master_deck":["Strike_R","Strike_R","Strike_R","Defend_R","Defend_R","Defend_R","Defend_R","Bash","Anger+1","Thunderclap","Pommel Strike+1","Warcry","Clash","True Grit+1","True Grit+1","Inflame","True Grit"],"relics":["Burning Blood","Singing Bowl","Question Card","Bloody Idol","Busted Crown","Bottled Tornado"],"potions_floor_usage":[20,27,27,31,33],"damage_taken":[{"damage":1,"enemies":"Cultist","floor":1,"turns":3},{"damage":2,"enemies":"2 Louse","floor":2,"turns":3},{"damage":6,"enemies":"Jaw Worm","floor":3,"turns":3},{"damage":11,"enemies":"Exordium Wildlife","floor":5,"turns":5},{"damage":0,"enemies":"Looter","floor":8,"turns":3},{"damage":8,"enemies":"3 Louse","floor":10,"turns":3},{"damage":4,"enemies":"Blue Slaver","floor":11,"turns":3},{"damage":0,"enemies":"2 Fungi Beasts","floor":12,"turns":2},{"damage":44,"enemies":"Slime Boss","floor":16,"turns":10},{"damage":33,"enemies":"Spheric Guardian","floor":18,"turns":6},{"damage":3,"enemies":"Shell Parasite","floor":19,"turns":5},{"damage":28,"enemies":"Centurion and Healer","floor":20,"turns":7},{"damage":30,"enemies":"Snake Plant","floor":22,"turns":4},{"damage":0,"enemies":"Colosseum Slavers","floor":27,"turns":3},{"damage":5,"enemies":"Cultist and Chosen","floor":30,"turns":6},{"damage":20,"enemies":"3 Cultists","floor":31,"turns":5},{"damage":46,"enemies":"Collector","floor":33,"turns":5}],"seed_played":"-2005682894955157674","potions_obtained":[{"floor":5,"key":"Poison Potion"},{"floor":8,"key":"LiquidBronze"},{"floor":10,"key":"Energy Potion"},{"floor":12,"key":"EssenceOfSteel"},{"floor":20,"key":"Block Potion"},{"floor":30,"key":"EssenceOfSteel"}],"is_trial":false,"path_per_floor":["M","M","M","$","M","$","R","M","T","M","M","M","?","?","R","B",null,"M","M","M","$","M","R","?","R","T","?","$","?","M","M","R","B"],"character_chosen":"IRONCLAD","items_purchased":["Warcry","Inflame","True Grit"],"campfire_rested":1,"item_purchase_floors":[6,21,28],"current_hp_per_floor":[80,80,80,80,75,75,75,80,80,80,84,84,84,78,78,42,80,55,58,38,38,16,16,16,16,16,22,22,27,35,28,55,9],"gold":185,"neow_bonus":"TRANSFORM_CARD","is_prod":false,"is_daily":false,"chose_seed":false,"campfire_upgraded":4,"win_rate":0,"timestamp":1547963161,"path_taken":["M","M","?","$","M","?","R","M","T","M","M","M","?","?","R","BOSS","M","M","M","$","M","R","?","R","T","?","?","?","M","?","R","BOSS"],"build_version":"2019-01-17v2","purchased_purges":2,"victory":false,"max_hp_per_floor":[80,80,80,80,80,80,80,80,80,82,84,84,84,78,78,80,80,82,82,84,84,86,86,86,86,86,86,86,86,88,90,90,90],"card_choices":[{"not_picked":["Havoc","Spot Weakness"],"picked":"Thunderclap","floor":1},{"not_picked":["Hemokinesis","Uppercut","Rupture"],"picked":"SKIP","floor":2},{"not_picked":["Clothesline","Feel No Pain","Sever Soul"],"picked":"SKIP","floor":3},{"not_picked":["Searing Blow","Combust"],"picked":"Pommel Strike","floor":5},{"not_picked":["Cleave","Heavy Blade"],"picked":"Clash","floor":8},{"not_picked":["Havoc","Anger","Body Slam"],"picked":"Singing Bowl","floor":10},{"not_picked":["Shockwave","Sword Boomerang","Clothesline"],"picked":"Singing Bowl","floor":11},{"not_picked":["Twin Strike","Anger"],"picked":"True Grit","floor":12},{"not_picked":["Dark Embrace","Brutality","Barricade","Bludgeon"],"picked":"Singing Bowl","floor":16},{"not_picked":["Shockwave","Twin Strike+1"],"picked":"Singing Bowl","floor":18},{"not_picked":["Pommel Strike"],"picked":"True Grit","floor":19},{"not_picked":["Sword Boomerang","Warcry"],"picked":"Singing Bowl","floor":20},{"not_picked":["Power Through+1","Disarm+1"],"picked":"Singing Bowl","floor":22},{"not_picked":["Anger","Rampage"],"picked":"Singing Bowl","floor":30},{"not_picked":["Thunderclap","Shrug It Off+1"],"picked":"Singing Bowl","floor":31}],"player_experience":97803,"relics_obtained":[{"floor":9,"key":"Singing Bowl"},{"floor":26,"key":"Bottled Tornado"}],"event_choices":[{"damage_healed":0,"gold_gain":0,"player_choice":"Box","damage_taken":0,"relics_obtained":["Question Card"],"max_hp_gain":0,"max_hp_loss":0,"event_name":"Big Fish","floor":13,"gold_loss":0,"cards_obtained":["Regret"]},{"damage_healed":0,"gold_gain":0,"player_choice":"Lose Max HP","damage_taken":0,"relics_obtained":["Golden Idol"],"max_hp_gain":0,"max_hp_loss":6,"event_name":"Golden Idol","floor":14,"gold_loss":0},{"damage_healed":0,"gold_gain":0,"player_choice":"Gave Idol","damage_taken":0,"relics_obtained":["Bloody Idol"],"max_hp_gain":0,"max_hp_loss":0,"event_name":"Forgotten Altar","floor":24,"relics_lost":["Golden Idol"],"gold_loss":0},{"damage_healed":0,"gold_gain":0,"player_choice":"Fight","damage_taken":0,"max_hp_gain":0,"max_hp_loss":0,"event_name":"Colosseum","floor":27,"gold_loss":0},{"damage_healed":0,"gold_gain":0,"player_choice":"Fled From Nobs","damage_taken":0,"max_hp_gain":0,"max_hp_loss":0,"event_name":"Colosseum","floor":27,"gold_loss":0},{"damage_healed":0,"gold_gain":99,"player_choice":"Stole From Cult","damage_taken":0,"max_hp_gain":0,"max_hp_loss":0,"event_name":"Nest","floor":29,"gold_loss":0}],"is_beta":false,"boss_relics":[{"not_picked":["Ectoplasm","Runic Dome"],"picked":"Busted Crown"}],"items_purged_floors":[4,21],"is_endless":false,"potions_floor_spawned":[5,8,10,12,16,19,20,30],"killed_by":"Collector","ascension_level":0}