{"gold_per_floor":[113,113,125,200,200,225,225,252,252,252,273,299,310,323,323,323],"floor_reached":16,"playtime":455,"items_purged":[],"score":250,"play_id":"7adfd12e-4d63-48b5-b9e3-ca09825fe715","local_time":"20190406232352","is_ascension_mode":true,"campfire_choices":[{"data":"Body Slam","floor":7,"key":"SMITH"},{"data":"Armaments","floor":10,"key":"SMITH"},{"data":"Flame Barrier","floor":15,"key":"SMITH"}],"neow_cost":"NONE","seed_source_timestamp":3435815571622,"circlet_count":0,"master_deck":["AscendersBane","Strike_R","Strike_R","Strike_R","Defend_R","Defend_R","Defend_R","Defend_R","Bash","Second Wind","Twin Strike","Body Slam+1","Feel No Pain","Armaments+1","Shrug It Off","Seeing Red","Flame Barrier+1","Body Slam"],"relics":["Burning Blood","NeowsBlessing","Mummified Hand","Orichalcum","Meat on the Bone","Odd Mushroom","Bag of Marbles"],"potions_floor_usage":[],"damage_taken":[{"damage":0,"enemies":"Cultist","floor":1,"turns":1},{"damage":0,"enemies":"Jaw Worm","floor":3,"turns":1},{"damage":0,"enemies":"Lagavulin","floor":6,"turns":1},{"damage":36,"enemies":"3 Sentries","floor":8,"turns":15},{"damage":11,"enemies":"The Mushroom Lair","floor":11,"turns":5},{"damage":18,"enemies":"Lagavulin","floor":12,"turns":7},{"damage":1,"enemies":"Small Slimes","floor":13,"turns":3},{"damage":3,"enemies":"Blue Slaver","floor":14,"turns":3},{"damage":55,"enemies":"Slime Boss","floor":16,"turns":6}],"seed_played":"7772649640928978331","potions_obtained":[{"floor":1,"key":"Strength Potion"},{"floor":11,"key":"Poison Potion"}],"is_trial":false,"path_per_floor":["M","?","M","?","?","E","R","E","T","R","?","E","M","M","R","B"],"character_chosen":"IRONCLAD","items_purchased":[],"campfire_rested":0,"item_purchase_floors":[],"current_hp_per_floor":[74,74,75,64,64,70,70,40,40,40,47,47,52,55,55,0],"gold":323,"neow_bonus":"THREE_ENEMY_KILL","is_prod":false,"is_daily":false,"chose_seed":false,"campfire_upgraded":3,"win_rate":0,"timestamp":1554560632,"path_taken":["M","?","?","?","?","E","R","E","T","R","?","E","?","M","R","BOSS"],"build_version":"2019-01-23","purchased_purges":0,"victory":false,"max_hp_per_floor":[75,75,75,75,75,75,75,75,75,75,75,75,75,75,75,75],"card_choices":[{"not_picked":["Pommel Strike","Thunderclap"],"picked":"Second Wind","floor":1},{"not_picked":["Disarm","Heavy Blade"],"picked":"Body Slam","floor":3},{"not_picked":["Combust","Sword Boomerang"],"picked":"Armaments","floor":6},{"not_picked":["Body Slam","Cleave"],"picked":"Shrug It Off","floor":8},{"not_picked":["Body Slam","Headbutt"],"picked":"Seeing Red","floor":11},{"not_picked":["Disarm","Clothesline"],"picked":"Flame Barrier","floor":12},{"not_picked":["Corruption","Clothesline"],"picked":"Body Slam","floor":13},{"not_picked":["Inflame","Heavy Blade","Havoc"],"picked":"SKIP","floor":14}],"player_experience":430275,"relics_obtained":[{"floor":6,"key":"Mummified Hand"},{"floor":8,"key":"Orichalcum"},{"floor":9,"key":"Meat on the Bone"},{"floor":11,"key":"Odd Mushroom"},{"floor":12,"key":"Bag of Marbles"}],"event_choices":[{"damage_healed":0,"gold_gain":0,"cards_transformed":["Strike_R"],"player_choice":"Transformed","damage_taken":0,"max_hp_gain":0,"max_hp_loss":0,"event_name":"Transmorgrifier","floor":2,"gold_loss":0,"cards_obtained":["Twin Strike"]},{"damage_healed":0,"gold_gain":75,"player_choice":"Gather Gold","damage_taken":11,"max_hp_gain":0,"max_hp_loss":0,"event_name":"World of Goop","floor":4,"gold_loss":0},{"damage_healed":0,"gold_gain":0,"cards_transformed":["Strike_R"],"player_choice":"Change","damage_taken":0,"max_hp_gain":0,"max_hp_loss":0,"event_name":"Living Wall","floor":5,"gold_loss":0,"cards_obtained":["Feel No Pain"]},{"damage_healed":0,"gold_gain":0,"player_choice":"Fought Mushrooms","damage_taken":0,"max_hp_gain":0,"max_hp_loss":0,"event_name":"Mushrooms","floor":11,"gold_loss":0}],"is_beta":false,"boss_relics":[],"items_purged_floors":[],"is_endless":false,"potions_floor_spawned":[1,11,12,14],"killed_by":"Slime Boss","ascension_level":15}