{"gold_per_floor":[113,113,130,145,160,185,203,214,214,227,259,259,259,284,284,403,403,417,431,35,35,48,48,66,66,66,66,66],"floor_reached":28,"playtime":2543,"items_purged":[],"score":234,"play_id":"77bee682-ae58-457f-b40f-7c03b26d903b","local_time":"20190217212646","is_ascension_mode":false,"campfire_choices":[{"floor":12,"key":"REST"},{"floor":15,"key":"REST"},{"floor":23,"key":"REST"},{"data":"Juggernaut","floor":25,"key":"SMITH"}],"neow_cost":"NONE","seed_source_timestamp":431730632898318,"circlet_count":0,"master_deck":["Strike_R","Strike_R","Strike_R","Strike_R","Defend_R","Defend_R","Defend_R","Defend_R","Bash","Hemokinesis","Juggernaut+1","Shrug It Off","Offering+1","Seeing Red","Sever Soul","Anger","Disarm+1","Pummel","Fiend Fire","Injury","Ghostly Armor","Reaper","Metallicize","Feel No Pain","Double Tap","Inflame","The Bomb","Necronomicurse","Uppercut+1","Uppercut+1"],"relics":["Burning Blood","NeowsBlessing","Art of War","Ancient Tea Set","War Paint","Golden Idol","Mark of Pain","Necronomicon","Smiling Mask","Oddly Smooth Stone"],"potions_floor_usage":[],"damage_taken":[{"damage":0,"enemies":"Jaw Worm","floor":1,"turns":1},{"damage":3,"enemies":"2 Louse","floor":3,"turns":1},{"damage":0,"enemies":"Small Slimes","floor":4,"turns":2},{"damage":8,"enemies":"Looter","floor":5,"turns":3},{"damage":28,"enemies":"Lagavulin","floor":6,"turns":7},{"damage":12,"enemies":"Large Slime","floor":7,"turns":5},{"damage":1,"enemies":"2 Fungi Beasts","floor":8,"turns":4},{"damage":14,"enemies":"Lots of Slimes","floor":10,"turns":4},{"damage":18,"enemies":"Gremlin Nob","floor":11,"turns":3},{"damage":20,"enemies":"Exordium Wildlife","floor":14,"turns":4},{"damage":61,"enemies":"Slime Boss","floor":16,"turns":10},{"damage":22,"enemies":"Spheric Guardian","floor":18,"turns":5},{"damage":6,"enemies":"Shell Parasite","floor":19,"turns":5},{"damage":21,"enemies":"Cultist and Chosen","floor":22,"turns":6},{"damage":23,"enemies":"Shelled Parasite and Fungi","floor":24,"turns":5},{"damage":48,"enemies":"Slavers","floor":28,"turns":4}],"seed_played":"1485902409522711640","potions_obtained":[{"floor":3,"key":"SpeedPotion"},{"floor":5,"key":"Poison Potion"},{"floor":7,"key":"Block Potion"}],"is_trial":false,"path_per_floor":["?","?","?","?"],"character_chosen":"IRONCLAD","items_purchased":["Double Tap","Inflame","The Bomb"],"campfire_rested":3,"item_purchase_floors":[20,20,20],"current_hp_per_floor":[80,80,80,80,78,56,50,55,55,47,35,59,59,45,69,14,80,64,64,64,48,49,73,64,64,64,64,16],"gold":66,"neow_bonus":"THREE_ENEMY_KILL","is_prod":false,"is_daily":false,"chose_seed":false,"campfire_upgraded":1,"win_rate":0.0,"timestamp":1550456806,"path_taken":["M","?","M","M","M","E","M","M","T","M","E","R","?","M","R","BOSS","M","M","$","?","M","R","M","R","T","?","E"],"build_version":"2019-01-23","purchased_purges":0,"victory":false,"max_hp_per_floor":[80,80,80,80,80,80,80,80,80,80,80,80,80,80,80,80,80,80,80,80,80,80,80,80,80,80,80,80],"card_choices":[{"not_picked":["Clothesline","Twin Strike"],"picked":"Hemokinesis","floor":1},{"not_picked":["Pommel Strike","Twin Strike"],"picked":"Shrug It Off","floor":3},{"not_picked":["Clothesline","Armaments"],"picked":"Offering","floor":4},{"not_picked":["Shrug It Off","Intimidate"],"picked":"Seeing Red","floor":5},{"not_picked":["Corruption","Shrug It Off"],"picked":"Sever Soul","floor":6},{"not_picked":["Thunderclap","Intimidate"],"picked":"Anger","floor":7},{"not_picked":["Hemokinesis","Iron Wave"],"picked":"Disarm","floor":8},{"not_picked":["Pommel Strike","Clash"],"picked":"Pummel","floor":10},{"not_picked":["Feel No Pain","Dropkick"],"picked":"Fiend Fire","floor":11},{"not_picked":["Anger","Battle Trance"],"picked":"Ghostly Armor","floor":14},{"not_picked":["Offering","Barricade"],"picked":"Reaper","floor":16},{"not_picked":["Sword Boomerang+1","Shrug It Off"],"picked":"Metallicize","floor":18},{"not_picked":["Body Slam","Shrug It Off+1"],"picked":"Feel No Pain","floor":19},{"not_picked":["Perfected Strike","Twin Strike"],"picked":"Uppercut+1","floor":22},{"not_picked":["Warcry","Dual Wield+1"],"picked":"Uppercut+1","floor":24}],"player_experience":98838,"relics_obtained":[{"floor":6,"key":"Art of War"},{"floor":9,"key":"Ancient Tea Set"},{"floor":11,"key":"War Paint"},{"floor":21,"key":"Necronomicon"},{"floor":26,"key":"Smiling Mask"}],"event_choices":[{"damage_healed":0,"gold_gain":0,"cards_transformed":["Strike_R"],"player_choice":"Change","damage_taken":0,"max_hp_gain":0,"max_hp_loss":0,"event_name":"Living Wall","floor":2,"gold_loss":0,"cards_obtained":["Juggernaut"]},{"damage_healed":0,"gold_gain":0,"player_choice":"Take Wound","damage_taken":0,"relics_obtained":["Golden Idol"],"max_hp_gain":0,"max_hp_loss":0,"event_name":"Golden Idol","floor":13,"gold_loss":0,"cards_obtained":["Injury"]},{"damage_healed":0,"gold_gain":0,"player_choice":"Obtained Book","damage_taken":16,"max_hp_gain":0,"max_hp_loss":0,"event_name":"Cursed Tome","floor":21,"gold_loss":0},{"damage_healed":0,"gold_gain":0,"player_choice":"Opened","damage_taken":0,"relics_obtained":["Oddly Smooth Stone"],"max_hp_gain":0,"max_hp_loss":0,"event_name":"The Mausoleum","floor":27,"gold_loss":0}],"is_beta":false,"boss_relics":[{"not_picked":["Lizard Tail","Runic Dome"],"picked":"Mark of Pain"}],"items_purged_floors":[],"is_endless":false,"potions_floor_spawned":[3,5,7,11,19,22,24],"killed_by":"Slavers","ascension_level":0}