{"gold_per_floor":[116,129,32,51,51,76,76,111,111,141,161,181,211,223,223,223],"floor_reached":16,"playtime":2641,"items_purged":[],"score":224,"play_id":"b24a46f7-39f8-47e8-877e-0435f74b12ac","local_time":"20190604125637","is_ascension_mode":true,"campfire_choices":[{"data":"Armaments","floor":7.0,"key":"SMITH"},{"data":"Uppercut","floor":15,"key":"SMITH"}],"neow_cost":"CURSE","seed_source_timestamp":167865914450256,"circlet_count":0,"master_deck":["AscendersBane","Strike_R","Strike_R","Strike_R","Strike_R","Strike_R","Defend_R","Defend_R","Defend_R","Defend_R","Bash","Injury","Sword Boomerang","Armaments+1","Iron Wave","Shockwave","Immolate","Clothesline","Feel No Pain","Ghostly Armor","Uppercut+1","Feed"],"special_seed":0,"relics":["Burning Blood","Darkstone Periapt","Self Forming Clay","Girya","Mummified Hand","Bird Faced Urn","Frozen Egg 2","keyreminder:keyreminder"],"potions_floor_usage":[16],"damage_taken":[{"damage":3.0,"enemies":"2 Louse","floor":1.0,"turns":5.0},{"damage":5.0,"enemies":"Cultist","floor":2.0,"turns":4.0},{"damage":7.0,"enemies":"Jaw Worm","floor":4.0,"turns":3.0},{"damage":35.0,"enemies":"3 Sentries","floor":6.0,"turns":10.0},{"damage":14.0,"enemies":"Lagavulin","floor":8.0,"turns":7.0},{"damage":12.0,"enemies":"3 Sentries","floor":10.0,"turns":4.0},{"damage":4.0,"enemies":"3 Louse","floor":11.0,"turns":2.0},{"damage":27.0,"enemies":"Large Slime","floor":12.0,"turns":6.0},{"damage":13,"enemies":"Gremlin Nob","floor":13,"turns":5},{"damage":9,"enemies":"Looter","floor":14,"turns":5},{"damage":38,"enemies":"Hexaghost","floor":16,"turns":16}],"seed_played":"5616569384480243626","potions_obtained":[{"floor":2.0,"key":"Explosive Potion"},{"floor":6.0,"key":"EssenceOfSteel"},{"floor":10.0,"key":"Energy Potion"},{"floor":14,"key":"Regen Potion"}],"is_trial":false,"path_per_floor":["M","M","$","M","?","E","R","E","T","E","M","M","E","M","R","B"],"character_chosen":"IRONCLAD","items_purchased":["EntropicBrew"],"campfire_rested":0,"item_purchase_floors":[3],"current_hp_per_floor":[85,86,86,85,85,56,56,48,48,42,44,25,20,17,17,0],"gold":223,"neow_bonus":"TWENTY_PERCENT_HP_BONUS","is_prod":false,"is_daily":false,"chose_seed":false,"campfire_upgraded":2,"win_rate":0,"timestamp":1559633197,"path_taken":["M","M","$","M","?","E","R","E","T","E","M","M","E","?","R","BOSS"],"build_version":"2019-01-23","purchased_purges":0,"victory":false,"max_hp_per_floor":[89,89,89,89,89,89,89,89,89,89,89,89,89,89,89,89],"card_choices":[{"not_picked":["Power Through","Metallicize"],"picked":"Sword Boomerang","floor":1.0},{"not_picked":["Sword Boomerang","Havoc"],"picked":"Armaments","floor":2.0},{"not_picked":["Flex","Anger"],"picked":"Iron Wave","floor":4.0},{"not_picked":["Bloodletting","Disarm"],"picked":"Shockwave","floor":6.0},{"not_picked":["Shrug It Off","Havoc"],"picked":"Immolate","floor":8.0},{"not_picked":["Havoc","Sword Boomerang"],"picked":"Clothesline","floor":10.0},{"not_picked":["Clash","Shockwave"],"picked":"Feel No Pain","floor":11.0},{"not_picked":["Metallicize","Seeing Red"],"picked":"Ghostly Armor","floor":12.0},{"not_picked":["Burning Pact","Wild Strike"],"picked":"Uppercut","floor":13},{"not_picked":["Headbutt","Twin Strike"],"picked":"Feed","floor":14}],"player_experience":1182422,"relics_obtained":[{"floor":6.0,"key":"Self Forming Clay"},{"floor":8.0,"key":"Girya"},{"floor":9.0,"key":"Mummified Hand"},{"floor":10.0,"key":"Bird Faced Urn"},{"floor":13,"key":"Frozen Egg 2"}],"event_choices":[{"damage_healed":0.0,"max_hp_gain":0.0,"max_hp_loss":0.0,"gold_gain":0.0,"event_name":"WeMeetAgain","player_choice":"Gave Potion","floor":5.0,"gold_loss":0.0,"damage_taken":0.0,"relics_obtained":["Darkstone Periapt"]}],"is_beta":false,"boss_relics":[],"items_purged_floors":[],"is_endless":false,"potions_floor_spawned":[2,6,10,14],"killed_by":"Hexaghost","ascension_level":14}