{"path_per_floor":["M","$","?","?","M","E","?","M","T","?","M","M","$","M","R","B",null,"M","M","$","?","?","R","M","M","T","$","R","?","$","T","R","B",null,"M","M","?","$","?","M","R","M","T","?","M","R","M","?","R"],"character_chosen":"THE_SILENT","items_purchased":["Infinite Blades","Envenom","Bane"],"gold_per_floor":[110,35,35,35,50,86,115,131,179,179,200,215,44,69,69,198,198,214,204,6,6,6,6,22,35,58,58,58,58,7,7,7,138,138,151,171,171,21,21,46,46,67,67,0,21,21,46,46,46,46],"floor_reached":50,"campfire_rested":4,"playtime":5135,"item_purchase_floors":[13,20,30],"current_hp_per_floor":[70,70,65,65,65,39,25,25,25,25,25,25,25,25,44,20,65,65,56,56,65,65,65,54,41,41,41,41,41,41,41,60,10,65,27,16,16,16,16,2,21,4,4,4,6,25,13,57,57,0],"items_purged":["Strike_G","Strike_G","Strike_G","Strike_G"],"gold":46,"score":467,"play_id":"ea5dbe31-a0cd-40c5-8c74-aa7ce6a90223","local_time":"20180601084315","is_prod":false,"is_daily":false,"chose_seed":false,"is_ascension_mode":false,"campfire_upgraded":3,"win_rate":0.0,"timestamp":1527856995,"campfire_choices":[{"floor":15,"key":"REST"},{"data":"Envenom","floor":23,"key":"SMITH"},{"data":"Blade Dance","floor":28,"key":"SMITH"},{"floor":32,"key":"REST"},{"floor":41,"key":"REST"},{"floor":46,"key":"REST"},{"data":"Envenom","floor":49,"key":"SMITH"}],"path_taken":["M","$","?","?","?","E","?","?","T","?","M","M","$","M","R","BOSS","M","M","$","?","?","R","M","?","T","$","R","?","?","?","R","BOSS","M","?","?","$","?","M","R","M","T","?","?","R","M","?","R","BOSS"],"build_version":"2018-05-31","seed_source_timestamp":2378601238327398,"purchased_purges":4,"victory":false,"master_deck":["Defend_G","Defend_G","Defend_G","Defend_G","Survivor","Neutralize","Backflip","Blade Dance+1","Backstab","Footwork","Well Laid Plans","Poisoned Stab","PiercingWail","Infinite Blades","Well Laid Plans","Adrenaline","Prepared","Envenom+1","Sucker Punch","Bouncing Flask","Writhe","Bane","Regret","Envenom+1","Prepared+1","Backstab","Finesse","Backflip","Injury","PiercingWail","Malaise+1"],"max_hp_per_floor":[70,70,65,65,65,65,65,65,65,65,65,65,65,65,65,65,65,65,65,65,65,65,65,65,65,65,65,65,65,65,65,65,65,65,65,65,65,65,65,65,65,65,65,65,65,65,65,57,57,57],"relics":["Ring of the Snake","Golden Idol","Odd Mushroom","Snake Skull","Cursed Key","Nloth\u0027s Gift","Blood Vial","Question Card","Lizard Tail","Bottled Tornado","Red Mask"],"card_choices":[{"not_picked":["All Out Attack","Outmaneuver"],"picked":"Backflip","floor":1},{"not_picked":["Quick Slash","Outmaneuver"],"picked":"Blade Dance","floor":5},{"not_picked":["Dodge and Roll","Outmaneuver"],"picked":"Backstab","floor":6},{"not_picked":["Dodge and Roll","Sucker Punch"],"picked":"Footwork","floor":7},{"not_picked":["Masterful Stab","Glass Knife"],"picked":"Well Laid Plans","floor":8},{"not_picked":["Backflip","Quick Slash"],"picked":"Poisoned Stab","floor":11},{"not_picked":["Calculated Gamble","Dagger Throw"],"picked":"PiercingWail","floor":12},{"not_picked":["Riddle With Holes","Eviscerate"],"picked":"Well Laid Plans","floor":14},{"not_picked":["Night Terror","Venomology"],"picked":"Adrenaline","floor":16},{"not_picked":["Choke","Reflex+1","Eviscerate"],"picked":"SKIP","floor":18},{"not_picked":["Quick Slash+1","Predator+1"],"picked":"Prepared","floor":19},{"not_picked":["Flying Knee","Heel Hook"],"picked":"Sucker Punch","floor":24},{"not_picked":["Dodge and Roll+1","Flechettes+1"],"picked":"Bouncing Flask","floor":25},{"not_picked":["Adrenaline","Tactician","Venomology"],"picked":"Envenom","floor":33},{"not_picked":["Choke","Dagger Spray","PiercingWail"],"picked":"Prepared+1","floor":35},{"not_picked":["Outmaneuver","Backflip","Deadly Poison"],"picked":"Backstab","floor":36},{"not_picked":["Transmutation","Deep Breath","Trip"],"picked":"Finesse","floor":37},{"not_picked":["Expertise+1","Dagger Spray+1","Sucker Punch+1"],"picked":"Backflip","floor":40},{"not_picked":["Deflect","All Out Attack+1","Tactician","Sucker Punch"],"picked":"SKIP","floor":42},{"not_picked":["Deflect+1","Acrobatics","Prepared"],"picked":"PiercingWail","floor":45},{"not_picked":["PiercingWail","Bouncing Flask","Underhanded Strike+1"],"picked":"Malaise+1","floor":47}],"player_experience":113054,"potions_floor_usage":[6,12,16,33,33,36,40,42,50],"damage_taken":[{"damage":0,"enemies":"2 Louse","floor":1,"turns":4},{"damage":0,"enemies":"Jaw Worm","floor":5,"turns":5},{"damage":26,"enemies":"3 Sentries","floor":6,"turns":18},{"damage":14,"enemies":"The Mushroom Lair","floor":7,"turns":7},{"damage":0,"enemies":"Small Slimes","floor":8,"turns":3},{"damage":0,"enemies":"Looter","floor":11,"turns":3},{"damage":0,"enemies":"Exordium Thugs","floor":12,"turns":4},{"damage":0,"enemies":"3 Louse","floor":14,"turns":4},{"damage":24,"enemies":"Hexaghost","floor":16,"turns":13},{"damage":0,"enemies":"3 Byrds","floor":18,"turns":5},{"damage":9,"enemies":"2 Thieves","floor":19,"turns":4},{"damage":11,"enemies":"3 Cultists","floor":24,"turns":7},{"damage":13,"enemies":"Centurion and Healer","floor":25,"turns":7},{"damage":52,"enemies":"Champ","floor":33,"turns":9},{"damage":38,"enemies":"3 Darklings","floor":35,"turns":6},{"damage":13,"enemies":"Orb Walker","floor":36,"turns":6},{"damage":16,"enemies":"3 Darklings","floor":40,"turns":7},{"damage":55,"enemies":"Sphere and 2 Shapes","floor":42,"turns":7},{"damage":0,"enemies":"4 Shapes","floor":45,"turns":6},{"damage":14,"enemies":"3 Darklings","floor":47,"turns":6},{"damage":58,"enemies":"Awakened One","floor":50,"turns":5}],"relics_obtained":[{"floor":6,"key":"Bag of Preparation"},{"floor":7,"key":"Odd Mushroom"},{"floor":9,"key":"Snake Skull"},{"floor":26,"key":"Blood Vial"},{"floor":31,"key":"Question Card"},{"floor":43,"key":"Bottled Tornado"}],"event_choices":[{"event_name":"Golden Idol","player_choice":"Lose Max HP","floor":3,"damage_taken":0},{"event_name":"The Cleric","player_choice":"Leave","floor":4,"damage_taken":0},{"event_name":"Mushrooms","player_choice":"Fought Mushrooms","floor":7,"damage_taken":0},{"event_name":"Living Wall","player_choice":"Forget","floor":10,"damage_taken":0},{"event_name":"Wheel of Change","player_choice":"Full Heal","floor":21,"damage_taken":0},{"event_name":"N\u0027loth","player_choice":"Traded a Bag of Preparation","floor":22,"damage_taken":0},{"event_name":"Ghosts","player_choice":"Ignored","floor":29,"damage_taken":0},{"event_name":"SensoryStone","player_choice":"Memory 1","floor":37,"damage_taken":0},{"event_name":"Mysterious Sphere","player_choice":"Ignore","floor":39,"damage_taken":0},{"event_name":"Tomb of Lord Red Mask","player_choice":"Paid","floor":44,"damage_taken":0},{"event_name":"The Moai Head","player_choice":"Heal","floor":48,"damage_taken":0}],"boss_relics":[{"not_picked":["Astrolabe","Eternal Feather"],"picked":"Cursed Key"},{"not_picked":["Orrery","Calling Bell"],"picked":"Lizard Tail"}],"items_purged_floors":[2,13,20,38],"potions_floor_spawned":[1,5,8,16,18,24,35,40,45,47],"seed_played":"6686998721562403922","killed_by":"Awakened One","ascension_level":0,"potions_obtained":[{"floor":1,"key":"Dexterity Potion"},{"floor":5,"key":"Fire Potion"},{"floor":8,"key":"Swift Potion"},{"floor":16,"key":"LiquidBronze"},{"floor":18,"key":"FearPotion"},{"floor":24,"key":"Energy Potion"},{"floor":35,"key":"GhostInAJar"},{"floor":40,"key":"SkillPotion"},{"floor":45,"key":"Swift Potion"},{"floor":47,"key":"Block Potion"}],"is_trial":false}