{"gold_per_floor":[116,116,116,130,140,140,150,160,160,10,27,27,27,27,27,146,146,164,263,263,287,109,109,34,34,34,49,69,93,106,125,125,246,246,266,266,141,155,0,0,0,0,0,0,23,39,62,78,78,78],"floor_reached":51,"playtime":3364,"items_purged":["Strike_B","Strike_B","Dualcast"],"score":616,"play_id":"a1a7aca1-cf4c-48c0-a0a5-af65f7c03876","local_time":"20190114210007","is_ascension_mode":false,"campfire_choices":[{"data":"Electrodynamics","floor":6,"key":"SMITH"},{"data":"Defragment","floor":12,"key":"SMITH"},{"data":"Conserve Battery","floor":15,"key":"SMITH"},{"data":"Creative AI","floor":23,"key":"SMITH"},{"data":"Static Discharge","floor":25,"key":"SMITH"},{"data":"Self Repair","floor":32,"key":"SMITH"},{"data":"Thunder Strike","floor":40,"key":"SMITH"},{"floor":42,"key":"RECALL"},{"data":"Madness","floor":44,"key":"SMITH"},{"data":"Conserve Battery","floor":49,"key":"SMITH"}],"neow_cost":"TEN_PERCENT_HP_LOSS","seed_source_timestamp":427475267957219,"circlet_count":0,"master_deck":["Defend_B","Defend_B","Defend_B","Zap","Electrodynamics+1","Conserve Battery+1","Undo","Force Field","Compile Driver","Ball Lightning","Defragment+1","Redo","Creative AI+1","Steam","Conserve Battery+1","Static Discharge+1","Self Repair+1","Static Discharge+1","Reinforced Body+1","Static Discharge+1","Thunder Strike+1","Madness+1","Steam+1","Steam+1","Heatsinks+1"],"relics":["Cracked Core","Turnip","Mango","Golden Idol","Coffee Dripper","DataDisk","Inserter","Red Mask","Ancient Tea Set"],"potions_floor_usage":[16,31,50,50,50],"damage_taken":[{"damage":8,"enemies":"Jaw Worm","floor":1,"turns":3},{"damage":0,"enemies":"Small Slimes","floor":4,"turns":2},{"damage":0,"enemies":"2 Louse","floor":5,"turns":2},{"damage":0,"enemies":"Looter","floor":7,"turns":3},{"damage":7,"enemies":"Blue Slaver","floor":8,"turns":3},{"damage":0,"enemies":"Large Slime","floor":11,"turns":3},{"damage":21,"enemies":"Hexaghost","floor":16,"turns":10},{"damage":12,"enemies":"Shell Parasite","floor":18,"turns":5},{"damage":4,"enemies":"Chosen","floor":27,"turns":4},{"damage":7,"enemies":"Snake Plant","floor":28,"turns":2},{"damage":0,"enemies":"3 Cultists","floor":29,"turns":2},{"damage":15,"enemies":"Snecko","floor":30,"turns":4},{"damage":0,"enemies":"Snake Plant","floor":31,"turns":3},{"damage":9,"enemies":"Champ","floor":33,"turns":9},{"damage":1,"enemies":"3 Shapes","floor":35,"turns":5},{"damage":0,"enemies":"Orb Walker","floor":38,"turns":5},{"damage":40,"enemies":"3 Darklings","floor":45,"turns":5},{"damage":12,"enemies":"Sphere and 2 Shapes","floor":46,"turns":4},{"damage":19,"enemies":"Jaw Worm Horde","floor":47,"turns":3},{"damage":0,"enemies":"4 Shapes","floor":48,"turns":3},{"damage":26,"enemies":"Time Eater","floor":50,"turns":4}],"seed_played":"2677312458461408589","potions_obtained":[{"floor":1,"key":"FearPotion"},{"floor":8,"key":"EssenceOfSteel"},{"floor":16,"key":"GamblersBrew"},{"floor":18,"key":"Swift Potion"},{"floor":28,"key":"SkillPotion"},{"floor":30,"key":"Regen Potion"},{"floor":38,"key":"LiquidBronze"},{"floor":48,"key":"Dexterity Potion"}],"is_trial":false,"path_per_floor":["M","?","?","M","M","R","M","M","T","$","M","R","?","?","R","B",null,"M","?","?","T","$","R","?","R","T","M","M","M","M","M","R","B",null,"M","?","$","M","?","R","?","R","T","R","M","M","M","M","R","B",null],"character_chosen":"DEFECT","items_purchased":["Defragment","Static Discharge"],"campfire_rested":0,"item_purchase_floors":[10,22],"current_hp_per_floor":[60,57,57,57,57,57,57,50,64,64,64,64,44,44,44,23,82,70,70,70,70,70,70,70,70,70,66,59,66,58,65,65,66,82,82,82,82,82,82,82,82,82,82,82,52,50,31,41,41,34],"gold":78,"neow_bonus":"THREE_RARE_CARDS","is_prod":false,"is_daily":false,"chose_seed":false,"campfire_upgraded":9,"win_rate":0,"timestamp":1547521207,"path_taken":["M","?","?","M","?","R","M","M","T","$","M","R","?","?","R","BOSS","M","?","?","?","?","R","?","R","T","M","M","M","M","M","R","BOSS","M","?","$","M","?","R","?","R","T","R","M","M","M","?","R","BOSS"],"build_version":"2019-01-10","purchased_purges":3,"victory":true,"max_hp_per_floor":[68,68,68,68,68,68,68,68,82,82,82,82,82,82,82,82,82,82,82,82,82,82,82,82,82,82,82,82,82,82,82,82,82,82,82,82,82,82,82,82,82,82,82,82,82,82,82,82,82,82],"card_choices":[{"not_picked":["Reboot","All For One"],"picked":"Electrodynamics","floor":0},{"not_picked":["Redo","Chill"],"picked":"Conserve Battery","floor":1},{"not_picked":["Stack","Barrage"],"picked":"Force Field","floor":4},{"not_picked":["Cold Snap","Beam Cell","Hologram"],"picked":"SKIP","floor":5},{"not_picked":["Barrage","Redo"],"picked":"Compile Driver","floor":7},{"not_picked":["Genetic Algorithm","Turbo"],"picked":"Ball Lightning","floor":8},{"not_picked":["Coolheaded","Rip and Tear"],"picked":"Redo","floor":11},{"not_picked":["Buffer","Seek"],"picked":"Creative AI","floor":16},{"not_picked":["Leap","Auto Shields"],"picked":"Steam","floor":18},{"not_picked":["Rip and Tear","Beam Cell+1"],"picked":"Self Repair","floor":27},{"not_picked":["Leap","Sunder","Consume"],"picked":"SKIP","floor":28},{"not_picked":["Aggregate","Cold Snap"],"picked":"Static Discharge+1","floor":29},{"not_picked":["Blizzard","Barrage"],"picked":"Reinforced Body+1","floor":30},{"not_picked":["Beam Cell+1","Go for the Eyes+1"],"picked":"Static Discharge+1","floor":31},{"not_picked":["Meteor Strike","Seek"],"picked":"Thunder Strike","floor":33},{"not_picked":["Rebound","Compile Driver","Stack+1"],"picked":"SKIP","floor":35},{"not_picked":["Chrysalis","Blind"],"picked":"Madness","floor":36},{"not_picked":["Rebound","Sweeping Beam"],"picked":"Steam+1","floor":38},{"not_picked":["Undo","Aggregate+1"],"picked":"Steam+1","floor":45},{"not_picked":["Compile Driver+1","Beam Cell","Chaos+1"],"picked":"SKIP","floor":46},{"not_picked":["Streamline+1","Steam Power+1"],"picked":"Heatsinks+1","floor":47},{"not_picked":["Turbo","Steam","Stack"],"picked":"SKIP","floor":48}],"player_experience":85414,"relics_obtained":[{"floor":9,"key":"Mango"},{"floor":26,"key":"DataDisk"},{"floor":43,"key":"Ancient Tea Set"}],"event_choices":[{"damage_healed":0,"gold_gain":0,"player_choice":"Success","damage_taken":3,"relics_obtained":["Turnip"],"max_hp_gain":0,"max_hp_loss":0,"event_name":"Scrap Ooze","floor":2,"gold_loss":0},{"damage_healed":0,"gold_gain":0,"cards_transformed":["Strike_B"],"player_choice":"Change","damage_taken":0,"max_hp_gain":0,"max_hp_loss":0,"event_name":"Living Wall","floor":3,"gold_loss":0,"cards_obtained":["Undo"]},{"damage_healed":0,"gold_gain":0,"player_choice":"Take Damage","damage_taken":20,"relics_obtained":["Golden Idol"],"max_hp_gain":0,"max_hp_loss":0,"event_name":"Golden Idol","floor":13,"gold_loss":0},{"damage_healed":0,"gold_gain":0,"player_choice":"Leave","damage_taken":0,"max_hp_gain":0,"max_hp_loss":0,"event_name":"The Cleric","floor":14,"gold_loss":0},{"damage_healed":0,"gold_gain":99,"player_choice":"Stole From Cult","damage_taken":0,"max_hp_gain":0,"max_hp_loss":0,"event_name":"Nest","floor":19,"gold_loss":0},{"damage_healed":0,"gold_gain":0,"player_choice":"Read","damage_taken":0,"max_hp_gain":0,"max_hp_loss":0,"event_name":"The Library","floor":20,"gold_loss":0,"cards_obtained":["Conserve Battery"]},{"cards_removed":["Strike_B"],"damage_healed":0,"gold_gain":0,"player_choice":"Gave Gold","damage_taken":0,"max_hp_gain":0,"max_hp_loss":0,"event_name":"Beggar","floor":24,"gold_loss":75},{"damage_healed":0,"gold_gain":0,"player_choice":"Memory 1","damage_taken":0,"max_hp_gain":0,"max_hp_loss":0,"event_name":"SensoryStone","floor":36,"gold_loss":0},{"damage_healed":0,"gold_gain":0,"player_choice":"Paid","damage_taken":0,"relics_obtained":["Red Mask"],"max_hp_gain":0,"max_hp_loss":0,"event_name":"Tomb of Lord Red Mask","floor":39,"gold_loss":155},{"cards_removed":["Defend_B"],"damage_healed":0,"gold_gain":0,"player_choice":"Card Removal","damage_taken":0,"max_hp_gain":0,"max_hp_loss":0,"event_name":"Wheel of Change","floor":41,"gold_loss":0}],"is_beta":false,"boss_relics":[{"not_picked":["Runic Pyramid","Ectoplasm"],"picked":"Coffee Dripper"},{"not_picked":["Sozu","Orrery"],"picked":"Inserter"}],"items_purged_floors":[10,22,37],"is_endless":false,"potions_floor_spawned":[1,8,16,18,28,30,38,47,48],"ascension_level":0}