{"gold_per_floor":[10,28,40,40,55,86,99,127,127,140,156,176,191,191,191,295,295,309,319,319,335,347,375,389,389,389,403,432,446,466,497,497,597,597,612,26,39,55,55,55,87,99,150,176,192,211,211,223,223,223],"floor_reached":51,"playtime":25035,"items_purged":["Defend_R"],"score":918,"play_id":"5c3f67f6-574d-44da-9b97-a5a5e8510e91","local_time":"20190510052509","is_ascension_mode":false,"campfire_choices":[{"data":"Bash","floor":15.0,"key":"SMITH"},{"data":"Immolate","floor":25.0,"key":"SMITH"},{"data":"Ghostly Armor","floor":32.0,"key":"SMITH"},{"data":"Body Slam","floor":40.0,"key":"SMITH"},{"data":"True Grit","floor":47.0,"key":"SMITH"},{"data":"Shrug It Off","floor":49.0,"key":"SMITH"}],"neow_cost":"NO_GOLD","seed_source_timestamp":2990854312146,"circlet_count":0,"master_deck":["Defend_R","Defend_R","Bash+1","Hemokinesis","Reaper","Flame Barrier","Headbutt","Rage","Thunderclap","Feed","Twin Strike","Heavy Blade","Entrench+1","Shrug It Off","Immolate+1","Ghostly Armor+1","Offering","Barricade+1","Flex+1","Power Through+1","Disarm+1","Infernal Blade+1","Pummel","Rampage+1","Body Slam+1","Carnage","Demon Form","Battle Trance","Shrug It Off+1","Headbutt","Double Tap","Inflame+1","True Grit+1","Spot Weakness","Metallicize+1"],"special_seed":0,"relics":["Burning Blood","Ancient Tea Set","Bottled Flame","Kunai","CultistMask","Astrolabe","Orichalcum","Question Card","Shuriken","Bag of Marbles","White Beast Statue","Frozen Eye","Potion Belt","Bag of Preparation","Molten Egg 2","Pen Nib","Mercury Hourglass"],"potions_floor_usage":[],"damage_taken":[{"damage":9.0,"enemies":"Jaw Worm","floor":1.0,"turns":4.0},{"damage":12.0,"enemies":"Cultist","floor":2.0,"turns":4.0},{"damage":0.0,"enemies":"2 Louse","floor":3.0,"turns":2.0},{"damage":21.0,"enemies":"Exordium Thugs","floor":5.0,"turns":5.0},{"damage":12.0,"enemies":"Gremlin Nob","floor":6.0,"turns":3.0},{"damage":14.0,"enemies":"Gremlin Gang","floor":7.0,"turns":3.0},{"damage":9.0,"enemies":"Lagavulin","floor":8.0,"turns":9.0},{"damage":12.0,"enemies":"2 Fungi Beasts","floor":10.0,"turns":3.0},{"damage":2.0,"enemies":"Looter","floor":11.0,"turns":3.0},{"damage":6.0,"enemies":"Exordium Thugs","floor":12.0,"turns":4.0},{"damage":14.0,"enemies":"3 Louse","floor":13.0,"turns":5.0},{"damage":52.0,"enemies":"The Guardian","floor":16.0,"turns":10.0},{"damage":11.0,"enemies":"Spheric Guardian","floor":18.0,"turns":8.0},{"damage":12.0,"enemies":"Chosen","floor":19.0,"turns":10.0},{"damage":31.0,"enemies":"Sentry and Sphere","floor":21.0,"turns":6.0},{"damage":12.0,"enemies":"Shelled Parasite and Fungi","floor":22.0,"turns":12.0},{"damage":26.0,"enemies":"Book of Stabbing","floor":23.0,"turns":6.0},{"damage":15.0,"enemies":"Snecko","floor":24.0,"turns":4.0},{"damage":18.0,"enemies":"Centurion and Healer","floor":27.0,"turns":4.0},{"damage":32.0,"enemies":"Slavers","floor":28.0,"turns":4.0},{"damage":18.0,"enemies":"Snake Plant","floor":29.0,"turns":3.0},{"damage":9.0,"enemies":"3 Cultists","floor":30.0,"turns":4.0},{"damage":6.0,"enemies":"Book of Stabbing","floor":31.0,"turns":11.0},{"damage":30.0,"enemies":"Automaton","floor":33.0,"turns":29.0},{"damage":16.0,"enemies":"3 Darklings","floor":35.0,"turns":3.0},{"damage":0.0,"enemies":"3 Shapes","floor":37.0,"turns":14.0},{"damage":9.0,"enemies":"Maw","floor":38.0,"turns":12.0},{"damage":6.0,"enemies":"Giant Head","floor":41.0,"turns":9.0},{"damage":15.0,"enemies":"Jaw Worm Horde","floor":42.0,"turns":4.0},{"damage":75.0,"enemies":"Nemesis","floor":44.0,"turns":9.0},{"damage":14.0,"enemies":"3 Darklings","floor":45.0,"turns":105.0},{"damage":6.0,"enemies":"Sphere and 2 Shapes","floor":46.0,"turns":3.0},{"damage":6.0,"enemies":"Maw","floor":48.0,"turns":25.0},{"damage":111,"enemies":"Donu and Deca","floor":50,"turns":9}],"seed_played":"2705059340525757986","potions_obtained":[{"floor":1.0,"key":"PowerPotion"},{"floor":2.0,"key":"Swift Potion"},{"floor":5.0,"key":"Ancient Potion"},{"floor":11.0,"key":"Poison Potion"},{"floor":13.0,"key":"Dexterity Potion"},{"floor":18.0,"key":"Energy Potion"},{"floor":21.0,"key":"SkillPotion"},{"floor":22.0,"key":"Regen Potion"},{"floor":23.0,"key":"Fire Potion"},{"floor":27.0,"key":"Ancient Potion"},{"floor":30.0,"key":"Fire Potion"},{"floor":33.0,"key":"SpeedPotion"},{"floor":35.0,"key":"SpeedPotion"},{"floor":37.0,"key":"Dexterity Potion"},{"floor":38.0,"key":"SpeedPotion"},{"floor":39.0,"key":"Swift Potion"},{"floor":39.0,"key":"PowerPotion"},{"floor":39.0,"key":"Weak Potion"},{"floor":41.0,"key":"AttackPotion"},{"floor":42.0,"key":"Poison Potion"},{"floor":44.0,"key":"Fruit Juice"},{"floor":45.0,"key":"Explosive Potion"},{"floor":46.0,"key":"Block Potion"},{"floor":48.0,"key":"Block Potion"}],"is_trial":false,"path_per_floor":["M","M","M","?","M","E","M","E","T","M","M","M","M","?","R","B",null,"M","M","?","M","M","E","M","R","T","M","E","M","M","E","R","B",null,"M","$","M","M","?","R","E","M","T","E","M","M","R","M","R","B",null],"character_chosen":"IRONCLAD","items_purchased":["Frozen Eye","Potion Belt","Bag of Preparation"],"campfire_rested":0,"item_purchase_floors":[36,36,36],"current_hp_per_floor":[78,76,80,80,69,63,75,75,75,72,79,79,86,86,86,40,95,90,93,93,68,65,60,54,54,54,45,43,31,28,31,31,14,113,106,106,119,119,119,119,122,116,116,68,60,60,60,110,110,8],"gold":223,"neow_bonus":"TRANSFORM_TWO_CARDS","is_prod":false,"is_daily":false,"chose_seed":false,"campfire_upgraded":6,"win_rate":0.0,"timestamp":1557446109,"path_taken":["M","M","M","?","M","E","M","E","T","M","M","M","M","?","R","BOSS","M","?","?","M","M","E","M","R","T","M","E","M","M","E","R","BOSS","M","$","M","M","?","R","E","M","T","E","M","?","R","M","R","BOSS"],"build_version":"2019-01-23","purchased_purges":1,"victory":true,"max_hp_per_floor":[80,80,80,80,80,80,83,86,86,89,92,92,95,95,95,95,95,95,98,98,98,101,101,104,104,104,107,107,107,107,110,110,113,113,116,116,119,122,122,122,125,128,128,133,133,133,133,136,136,139],"card_choices":[{"not_picked":["Iron Wave","Rage"],"picked":"Flame Barrier","floor":1.0},{"not_picked":["Power Through","Thunderclap"],"picked":"Headbutt","floor":2.0},{"not_picked":["Flex","Body Slam","Dropkick"],"picked":"SKIP","floor":3.0},{"not_picked":["Whirlwind","Perfected Strike"],"picked":"Thunderclap","floor":5.0},{"not_picked":["Uppercut","Evolve"],"picked":"Feed","floor":6.0},{"not_picked":["Infernal Blade","Rage"],"picked":"Twin Strike","floor":7.0},{"not_picked":["Pommel Strike","Blood for Blood"],"picked":"Heavy Blade","floor":8.0},{"not_picked":["Warcry","Twin Strike"],"picked":"Entrench","floor":10.0},{"not_picked":["Whirlwind","Burning Pact"],"picked":"Shrug It Off","floor":11.0},{"not_picked":["Spot Weakness","Flex"],"picked":"Immolate","floor":12.0},{"not_picked":["Warcry","Perfected Strike"],"picked":"Ghostly Armor","floor":13.0},{"not_picked":["Impervious","Reaper"],"picked":"Offering","floor":16.0},{"not_picked":["Flame Barrier","Bloodletting"],"picked":"Disarm+1","floor":18.0},{"not_picked":["Anger","Whirlwind+1"],"picked":"Infernal Blade+1","floor":19.0},{"not_picked":["Perfected Strike","Flame Barrier"],"picked":"Pummel","floor":21.0},{"not_picked":["Power Through+1","Heavy Blade+1","Combust"],"picked":"SKIP","floor":22.0},{"not_picked":["Pummel","True Grit"],"picked":"Rampage+1","floor":23.0},{"not_picked":["Sword Boomerang","Armaments"],"picked":"Body Slam","floor":24.0},{"not_picked":["Clash","Armaments","Rampage+1"],"picked":"Carnage","floor":27.0},{"not_picked":["Battle Trance","Fire Breathing","Whirlwind"],"picked":"Demon Form","floor":28.0},{"not_picked":["Sword Boomerang+1","Heavy Blade","Carnage"],"picked":"Battle Trance","floor":29.0},{"not_picked":["Sword Boomerang","Iron Wave","Rage+1"],"picked":"Shrug It Off","floor":30.0},{"not_picked":["Flex","Thunderclap","Wild Strike"],"picked":"Headbutt","floor":31.0},{"not_picked":["Fiend Fire","Bludgeon","Berserk"],"picked":"Double Tap","floor":33.0},{"not_picked":["Infernal Blade","Seeing Red+1","Body Slam+1"],"picked":"Inflame+1","floor":35.0},{"not_picked":["Clothesline","Bloodletting+1","Perfected Strike","Anger"],"picked":"SKIP","floor":37.0},{"not_picked":["Fire Breathing","Blood for Blood","True Grit","Clothesline"],"picked":"SKIP","floor":38.0},{"not_picked":["Whirlwind+1","Warcry+1","Feed"],"picked":"True Grit","floor":41.0},{"not_picked":["Pommel Strike+1","Power Through","Clash+1"],"picked":"Spot Weakness","floor":42.0},{"not_picked":["Twin Strike+1","Headbutt+1","Sever Soul+1","Clothesline+1"],"picked":"SKIP","floor":44.0},{"not_picked":["Twin Strike+1","Armaments","Body Slam+1","Flex"],"picked":"SKIP","floor":45.0},{"not_picked":["Warcry","Disarm","Thunderclap+1","Uppercut+1"],"picked":"SKIP","floor":46.0},{"not_picked":["Cleave+1","Perfected Strike+1","Uppercut+1"],"picked":"Metallicize+1","floor":48.0}],"player_experience":56388,"relics_obtained":[{"floor":6.0,"key":"Ancient Tea Set"},{"floor":8.0,"key":"Bottled Flame"},{"floor":9.0,"key":"Kunai"},{"floor":23.0,"key":"Orichalcum"},{"floor":26.0,"key":"Question Card"},{"floor":28.0,"key":"Shuriken"},{"floor":31.0,"key":"Bag of Marbles"},{"floor":41.0,"key":"Molten Egg 2"},{"floor":43.0,"key":"Pen Nib"},{"floor":44.0,"key":"Mercury Hourglass"}],"event_choices":[{"damage_healed":0.0,"max_hp_gain":0.0,"max_hp_loss":0.0,"gold_gain":0.0,"cards_transformed":["Strike_R"],"event_name":"Living Wall","player_choice":"Change","floor":4.0,"gold_loss":0.0,"damage_taken":0.0,"cards_obtained":["Rage"]},{"damage_healed":0.0,"max_hp_gain":0.0,"max_hp_loss":0.0,"gold_gain":0.0,"event_name":"FaceTrader","player_choice":"Trade","floor":14.0,"gold_loss":0.0,"damage_taken":0.0,"relics_obtained":["CultistMask"]},{"damage_healed":0.0,"max_hp_gain":0.0,"max_hp_loss":0.0,"gold_gain":0.0,"event_name":"Upgrade Shrine","player_choice":"Upgraded","floor":20.0,"gold_loss":0.0,"damage_taken":0.0,"cards_upgraded":["Entrench"]},{"damage_healed":0.0,"max_hp_gain":0.0,"max_hp_loss":0.0,"gold_gain":0.0,"event_name":"Lab","player_choice":"Got Potions","floor":39.0,"gold_loss":0.0,"damage_taken":0.0}],"is_beta":false,"boss_relics":[{"not_picked":["Calling Bell","Busted Crown"],"picked":"Astrolabe"},{"not_picked":["Empty Cage","Orrery"],"picked":"White Beast Statue"}],"items_purged_floors":[36],"is_endless":false,"potions_floor_spawned":[1,2,5,7,11,13,18,21,22,23,27,30,33,35,37,38,41,42,44,45,46,48],"ascension_level":0}