{"gold_per_floor":[114,124,140,65,65,65,98,114,163,33,49,72,83,98,98,193,193,204,204,29,41,55,55,55,55,79,79,91,91,102,117],"floor_reached":31,"playtime":2578,"items_purged":["Injury","Decay"],"score":241,"play_id":"8c76bea3-f85f-486d-a472-549a2c908caa","local_time":"20190515165744","is_ascension_mode":false,"campfire_choices":[{"data":"Self Repair","floor":6.0,"key":"SMITH"},{"data":"Fission","floor":15.0,"key":"SMITH"},{"data":"Apotheosis","floor":23.0,"key":"SMITH"},{"data":"Fission","floor":27.0,"key":"SMITH"},{"data":"Hologram","floor":29.0,"key":"SMITH"}],"neow_cost":"CURSE","seed_source_timestamp":0,"circlet_count":0,"master_deck":["Strike_B","Strike_B","Strike_B","Strike_B","Defend_B","Defend_B","Defend_B","Defend_B","Zap","Dualcast","Conserve Battery","Self Repair+1","White Noise","Steam Power","Ball Lightning","Apotheosis+1","Streamline","Fission+1","Rebound","Electrodynamics","Streamline","Self Repair","Turbo","Barrage","Hologram+1","Writhe","Streamline","Fission+1","Rebound+1","Conserve Battery+1"],"special_seed":0,"relics":["Cracked Core","Dead Branch","The Courier","Juzu Bracelet","Odd Mushroom","Inserter","Strawberry","DataDisk"],"potions_floor_usage":[],"damage_taken":[{"damage":2.0,"enemies":"Small Slimes","floor":1.0,"turns":3.0},{"damage":1.0,"enemies":"Cultist","floor":2.0,"turns":4.0},{"damage":6.0,"enemies":"Jaw Worm","floor":3.0,"turns":4.0},{"damage":10.0,"enemies":"3 Sentries","floor":7.0,"turns":6.0},{"damage":9.0,"enemies":"Blue Slaver","floor":8.0,"turns":4.0},{"damage":3.0,"enemies":"Looter","floor":11.0,"turns":2.0},{"damage":15.0,"enemies":"The Mushroom Lair","floor":12.0,"turns":4.0},{"damage":20.0,"enemies":"Gremlin Gang","floor":13.0,"turns":4.0},{"damage":7.0,"enemies":"2 Fungi Beasts","floor":14.0,"turns":3.0},{"damage":22.0,"enemies":"The Guardian","floor":16.0,"turns":9.0},{"damage":6.0,"enemies":"Shell Parasite","floor":18.0,"turns":5.0},{"damage":14.0,"enemies":"Chosen","floor":21.0,"turns":6.0},{"damage":10.0,"enemies":"Snecko","floor":22.0,"turns":5.0},{"damage":9.0,"enemies":"Cultist and Chosen","floor":28.0,"turns":6.0},{"damage":36.0,"enemies":"Snake Plant","floor":30.0,"turns":4.0},{"damage":33.0,"enemies":"Centurion and Healer","floor":31.0,"turns":4.0}],"seed_played":"-7287312318257754098","potions_obtained":[{"floor":1.0,"key":"EssenceOfSteel"},{"floor":2.0,"key":"LiquidBronze"},{"floor":7.0,"key":"Explosive Potion"},{"floor":8.0,"key":"Fire Potion"},{"floor":13.0,"key":"EntropicBrew"},{"floor":18.0,"key":"FocusPotion"},{"floor":22.0,"key":"Dexterity Potion"}],"is_trial":false,"path_per_floor":["?","?","?","?","?"],"character_chosen":"DEFECT","items_purchased":["Apotheosis","Self Repair","Turbo"],"campfire_rested":0,"item_purchase_floors":[10,20,20],"current_hp_per_floor":[73,72,73,73,73,73,73,74,74,74,71,66,56,59,59,47,75,69,69,69,65,75,75,82,82,82,82,82,82,46,20],"gold":117,"neow_bonus":"ONE_RARE_RELIC","is_prod":false,"is_daily":false,"chose_seed":false,"campfire_upgraded":5,"win_rate":0,"timestamp":1557953864,"path_taken":["M","M","M","$","?","R","E","M","T","$","M","?","M","M","R","BOSS","M","?","$","M","M","R","?","?","T","R","M","R","M","M"],"build_version":"2019-01-23","purchased_purges":2,"victory":false,"max_hp_per_floor":[75,75,75,75,75,75,75,75,75,75,75,75,75,75,75,75,75,75,75,75,75,75,75,82,82,82,82,82,82,82,82],"card_choices":[{"not_picked":["Stack","Ball Lightning"],"picked":"Conserve Battery","floor":1.0},{"not_picked":["Go for the Eyes","Steam"],"picked":"Self Repair","floor":2.0},{"not_picked":["Sweeping Beam","Undo"],"picked":"White Noise","floor":3.0},{"not_picked":["Hyperbeam","Barrage"],"picked":"Steam Power","floor":7.0},{"not_picked":["Barrage","Coolheaded"],"picked":"Ball Lightning","floor":8.0},{"not_picked":["FTL","Redo","Rebound"],"picked":"SKIP","floor":11.0},{"not_picked":["Coolheaded","Darkness"],"picked":"Streamline","floor":12.0},{"not_picked":["Hologram","Lockon"],"picked":"Fission","floor":13.0},{"not_picked":["Stack","Reprogram"],"picked":"Rebound","floor":14.0},{"not_picked":["Rainbow","Reboot"],"picked":"Electrodynamics","floor":16.0},{"not_picked":["Turbo","Aggregate"],"picked":"Streamline","floor":18.0},{"not_picked":["Tempest","Stack"],"picked":"Barrage","floor":21.0},{"not_picked":["Steam","Leap"],"picked":"Hologram","floor":22.0},{"not_picked":["Coolheaded","Redo"],"picked":"Rebound+1","floor":28.0},{"not_picked":["Melter+1","Blizzard"],"picked":"Conserve Battery+1","floor":30.0},{"not_picked":["Conserve Battery","Genetic Algorithm+1","Go for the Eyes"],"picked":"SKIP","floor":31}],"player_experience":537524,"relics_obtained":[{"floor":7.0,"key":"The Courier"},{"floor":9.0,"key":"Juzu Bracelet"},{"floor":12.0,"key":"Odd Mushroom"},{"floor":26.0,"key":"DataDisk"}],"event_choices":[{"damage_healed":0.0,"max_hp_gain":0.0,"max_hp_loss":0.0,"gold_gain":0.0,"event_name":"NoteForYourself","player_choice":"Ignored","floor":5.0,"gold_loss":0.0,"damage_taken":0.0},{"damage_healed":0.0,"max_hp_gain":0.0,"max_hp_loss":0.0,"gold_gain":0.0,"event_name":"Mushrooms","player_choice":"Fought Mushrooms","floor":12.0,"gold_loss":0.0,"damage_taken":0.0},{"damage_healed":0.0,"max_hp_gain":0.0,"max_hp_loss":0.0,"gold_gain":0.0,"event_name":"Forgotten Altar","player_choice":"Smashed Altar","floor":19.0,"gold_loss":0.0,"damage_taken":0.0,"cards_obtained":["Decay"]},{"damage_healed":0.0,"max_hp_gain":0.0,"max_hp_loss":0.0,"gold_gain":0.0,"event_name":"The Mausoleum","player_choice":"Opened","floor":24.0,"gold_loss":0.0,"damage_taken":0.0,"relics_obtained":["Strawberry"],"cards_obtained":["Writhe"]},{"damage_healed":0.0,"max_hp_gain":0.0,"max_hp_loss":0.0,"gold_gain":0.0,"event_name":"Match and Keep!","player_choice":"2 cards matched","floor":25.0,"gold_loss":0.0,"damage_taken":0.0,"cards_obtained":["Streamline","Fission"]},{"damage_healed":0.0,"max_hp_gain":0.0,"max_hp_loss":0.0,"gold_gain":0.0,"event_name":"Match and Keep!","player_choice":"2 cards matched","floor":25.0,"gold_loss":0.0,"damage_taken":0.0,"cards_obtained":["Streamline","Fission"]}],"is_beta":false,"boss_relics":[{"not_picked":["Philosopher\u0027s Stone","Runic Pyramid"],"picked":"Inserter"}],"items_purged_floors":[4,20],"is_endless":false,"potions_floor_spawned":[1,2,7,8,13,18,22,31],"killed_by":"Centurion and Healer","ascension_level":0}