{"gold_per_floor":[117,117,133,133,0,34,54,54,80,80,115,115,150,163,163,282,282,207,227,227],"floor_reached":20,"playtime":6006,"items_purged":[],"score":301,"play_id":"35305956-18df-485b-b63c-9641c3fe11a8","local_time":"20190527121631","is_ascension_mode":true,"campfire_choices":[{"data":"Wraith Form v2","floor":12.0,"key":"SMITH"},{"data":"Footwork","floor":15.0,"key":"SMITH"}],"neow_cost":"NONE","seed_source_timestamp":715781054291465,"circlet_count":0,"master_deck":["Defend_G","Defend_G","Defend_G","Defend_G","Defend_G+1","Strike_G","Strike_G","Strike_G","Strike_G","Survivor","Neutralize","Poisoned Stab+1","Backflip","Footwork+1","Cloak And Dagger","Escape Plan","Wraith Form v2+1","Dodge and Roll","Malaise","Malaise","Cloak And Dagger+1","Deadly Poison+1"],"special_seed":0,"relics":["Ring of the Snake","NeowsBlessing","Golden Idol","Dream Catcher","Art of War","Boot","PreservedInsect","WristBlade"],"potions_floor_usage":[18],"damage_taken":[{"damage":0.0,"enemies":"Small Slimes","floor":1.0,"turns":1.0},{"damage":0.0,"enemies":"Jaw Worm","floor":3.0,"turns":1.0},{"damage":0.0,"enemies":"Lagavulin","floor":6.0,"turns":1.0},{"damage":0.0,"enemies":"2 Louse","floor":7.0,"turns":3.0},{"damage":2.0,"enemies":"Gremlin Nob","floor":11.0,"turns":4.0},{"damage":2.0,"enemies":"Lagavulin","floor":13.0,"turns":8.0},{"damage":1.0,"enemies":"Looter","floor":14.0,"turns":4.0},{"damage":18,"enemies":"Hexaghost","floor":16,"turns":21},{"damage":2,"enemies":"2 Thieves","floor":18,"turns":5},{"damage":38,"enemies":"Spheric Guardian","floor":19,"turns":8},{"damage":20,"enemies":"Cultist and Chosen","floor":20,"turns":4}],"seed_played":"-5658266626172726082","potions_obtained":[{"floor":1.0,"key":"FearPotion"},{"floor":6.0,"key":"LiquidBronze"},{"floor":7.0,"key":"Fire Potion"},{"floor":19,"key":"Poison Potion"}],"is_trial":false,"path_per_floor":["M","?","M","?","$","E","M","?","T","?","E","R","E","M","R","B",null,"M","M","M"],"character_chosen":"THE_SILENT","items_purchased":["Footwork","Block Potion"],"campfire_rested":0,"item_purchase_floors":[5,5],"current_hp_per_floor":[63,63,63,56,56,56,56,56,56,42,40,40,38,37,37,19,57,55,17,0],"gold":227,"neow_bonus":"THREE_ENEMY_KILL","is_prod":false,"is_daily":false,"chose_seed":false,"campfire_upgraded":2,"win_rate":0,"timestamp":1558939591,"path_taken":["M","?","M","?","?","E","M","?","T","?","E","R","E","?","R","BOSS","M","M","M"],"build_version":"2019-01-23","purchased_purges":0,"victory":false,"max_hp_per_floor":[70,70,70,70,70,70,70,70,70,70,70,70,70,70,70,70,70,70,70,70],"card_choices":[{"not_picked":["Tactician","Dodge and Roll"],"picked":"Poisoned Stab","floor":1.0},{"not_picked":["Sucker Punch","Accuracy"],"picked":"Backflip","floor":3.0},{"not_picked":["Outmaneuver","Slice"],"picked":"Cloak And Dagger","floor":6.0},{"not_picked":["Doppelganger","Outmaneuver"],"picked":"Escape Plan","floor":7.0},{"not_picked":["Reflex","Outmaneuver"],"picked":"Dodge and Roll","floor":11.0},{"not_picked":["Masterful Stab","Blade Dance","Quick Slash"],"picked":"SKIP","floor":13.0},{"not_picked":["Well Laid Plans","Noxious Fumes"],"picked":"Malaise","floor":14.0},{"not_picked":["Doppelganger","Venomology"],"picked":"Malaise","floor":16},{"not_picked":["Bane","Dagger Throw"],"picked":"Cloak And Dagger+1","floor":18},{"not_picked":["Crippling Poison","Setup"],"picked":"Deadly Poison+1","floor":19}],"player_experience":826279,"relics_obtained":[{"floor":6.0,"key":"Dream Catcher"},{"floor":9.0,"key":"Art of War"},{"floor":11.0,"key":"Boot"},{"floor":13.0,"key":"PreservedInsect"}],"event_choices":[{"damage_healed":0.0,"max_hp_gain":0.0,"max_hp_loss":0.0,"gold_gain":0.0,"event_name":"Golden Idol","player_choice":"Take Wound","floor":2.0,"gold_loss":0.0,"damage_taken":0.0,"relics_obtained":["Golden Idol"],"cards_obtained":["Injury"]},{"cards_removed":["Injury"],"damage_healed":0.0,"max_hp_gain":0.0,"max_hp_loss":0.0,"gold_gain":0.0,"event_name":"Golden Wing","player_choice":"Card Removal","floor":4.0,"gold_loss":0.0,"damage_taken":7.0},{"damage_healed":0.0,"max_hp_gain":0.0,"max_hp_loss":0.0,"gold_gain":0.0,"cards_transformed":["Strike_G"],"event_name":"Living Wall","player_choice":"Change","floor":8.0,"gold_loss":0.0,"damage_taken":0.0,"cards_obtained":["Wraith Form v2"]},{"damage_healed":0.0,"max_hp_gain":0.0,"max_hp_loss":0.0,"gold_gain":0.0,"event_name":"Shining Light","player_choice":"Entered Light","floor":10.0,"gold_loss":0.0,"damage_taken":14.0,"cards_upgraded":["Poisoned Stab","Defend_G"]}],"is_beta":false,"boss_relics":[{"not_picked":["Calling Bell","White Beast Statue"],"picked":"WristBlade"}],"items_purged_floors":[],"is_endless":false,"potions_floor_spawned":[1,6,7,19],"killed_by":"Cultist and Chosen","ascension_level":8}