{"gold_per_floor":[114,44,44,56,10,10,21,21,47,134,164,203,215],"floor_reached":13,"playtime":241,"items_purged":[],"score":104,"play_id":"38716b58-2010-4911-a423-8b86cb0935f5","local_time":"20190520212215","is_ascension_mode":true,"campfire_choices":[{"data":"True Grit","floor":6,"key":"SMITH"}],"neow_cost":"TEN_PERCENT_HP_LOSS","seed_source_timestamp":38336978365037,"circlet_count":0,"master_deck":["Strike_R","Strike_R","Strike_R","Strike_R","Strike_R","Defend_R","Defend_R","Defend_R","Defend_R","Bash","Shrug It Off","Whirlwind","True Grit+1","Pommel Strike"],"relics":["Burning Blood","Calipers","MawBank","Pantograph"],"potions_floor_usage":[12,13,13],"damage_taken":[{"damage":6,"enemies":"Cultist","floor":1,"turns":3},{"damage":0,"enemies":"2 Louse","floor":4,"turns":2},{"damage":7,"enemies":"Small Slimes","floor":7,"turns":3},{"damage":5,"enemies":"2 Fungi Beasts","floor":11,"turns":4},{"damage":32,"enemies":"Gremlin Nob","floor":12,"turns":5},{"damage":39,"enemies":"Gremlin Nob","floor":13,"turns":5}],"seed_played":"5787398961597810358","potions_obtained":[{"floor":1,"key":"Explosive Potion"},{"floor":7,"key":"Swift Potion"},{"floor":11,"key":"SpeedPotion"}],"is_trial":false,"path_per_floor":["M","$","$","M","$","R","M","$","T","?","M","E","?"],"character_chosen":"IRONCLAD","items_purchased":["Whirlwind","Pommel Strike"],"campfire_rested":0,"item_purchase_floors":[2,5],"current_hp_per_floor":[72,72,72,72,72,72,71,71,71,60,61,35,0],"gold":215,"neow_bonus":"ONE_RARE_RELIC","is_prod":false,"is_daily":false,"chose_seed":false,"campfire_upgraded":1,"win_rate":0,"timestamp":1558380135,"path_taken":["M","?","$","?","?","R","M","$","T","?","M","E","?"],"build_version":"2019-01-23","purchased_purges":0,"victory":false,"max_hp_per_floor":[72,72,72,72,72,72,72,72,72,72,72,72,72],"card_choices":[{"not_picked":["Sever Soul","Sentinel"],"picked":"Shrug It Off","floor":1},{"not_picked":["Dropkick","Perfected Strike"],"picked":"True Grit","floor":4},{"not_picked":["Shrug It Off","Seeing Red","Thunderclap"],"picked":"SKIP","floor":7},{"not_picked":["Whirlwind","Feel No Pain","Sever Soul"],"picked":"SKIP","floor":11},{"not_picked":["Whirlwind","Feel No Pain","Sever Soul"],"picked":"SKIP","floor":11},{"not_picked":["Headbutt","Havoc","Burning Pact"],"picked":"SKIP","floor":12}],"player_experience":81057,"relics_obtained":[{"floor":9,"key":"MawBank"},{"floor":12,"key":"Pantograph"}],"event_choices":[{"damage_healed":0,"gold_gain":75,"player_choice":"Gather Gold","damage_taken":11,"max_hp_gain":0,"max_hp_loss":0,"event_name":"World of Goop","floor":10,"gold_loss":0},{"damage_healed":0,"gold_gain":0,"player_choice":"Searched \u00272\u0027 times","damage_taken":0,"max_hp_gain":0,"max_hp_loss":0,"event_name":"Dead Adventurer","floor":13,"gold_loss":0}],"is_beta":false,"boss_relics":[],"items_purged_floors":[],"is_endless":false,"potions_floor_spawned":[1,7,11],"killed_by":"Gremlin Nob","ascension_level":5}