{"gold_per_floor":[109,384,394,31,31,31,58,58,58,68,84,100,111,11,11,113,113,123,137,157,175,192,192,206,206,206,222,234,509,529,709,709,709],"floor_reached":33,"playtime":2752,"items_purged":["Regret","Strike_B"],"score":280,"play_id":"7af1fb1e-e284-4d5c-b266-07484f359543","local_time":"20190518171220","is_ascension_mode":false,"campfire_choices":[{"data":"Streamline","floor":6.0,"key":"SMITH"},{"floor":8.0,"key":"REST"},{"floor":15.0,"key":"REST"},{"floor":23.0,"key":"REST"},{"data":"Coolheaded","floor":25.0,"key":"SMITH"},{"floor":32,"key":"REST"}],"neow_cost":"NONE","seed_source_timestamp":0,"circlet_count":0,"master_deck":["Strike_B","Defend_B","Defend_B","Defend_B","Defend_B","Zap","Dualcast","Streamline+1","Coolheaded+1","Redo+1","Glacier+1","White Noise+1","Sweeping Beam","Seek+1","Turbo+1","Fission+1","Capacitor","Hologram+1","Ball Lightning","White Noise+1","Fusion+1","Steam Power+1","Static Discharge+1","Buffer","Regret","Coolheaded+1"],"special_seed":0,"relics":["Cracked Core","Bronze Scales","Toxic Egg 2","Anchor","Bottled Flame","Empty Cage","Ancient Tea Set"],"potions_floor_usage":[33],"damage_taken":[{"damage":1.0,"enemies":"Cultist","floor":1.0,"turns":3.0},{"damage":9.0,"enemies":"Jaw Worm","floor":3.0,"turns":2.0},{"damage":28.0,"enemies":"Gremlin Nob","floor":7.0,"turns":4.0},{"damage":0.0,"enemies":"Small Slimes","floor":10.0,"turns":3.0},{"damage":6.0,"enemies":"Gremlin Gang","floor":11.0,"turns":3.0},{"damage":0.0,"enemies":"Large Slime","floor":12.0,"turns":6.0},{"damage":5.0,"enemies":"Exordium Thugs","floor":13.0,"turns":4.0},{"damage":29.0,"enemies":"Hexaghost","floor":16.0,"turns":11.0},{"damage":0.0,"enemies":"Chosen","floor":18.0,"turns":4.0},{"damage":2.0,"enemies":"Shell Parasite","floor":19.0,"turns":5.0},{"damage":17.0,"enemies":"Sentry and Sphere","floor":20.0,"turns":5.0},{"damage":9.0,"enemies":"Cultist and Chosen","floor":21.0,"turns":5.0},{"damage":2.0,"enemies":"Snake Plant","floor":22.0,"turns":3.0},{"damage":0.0,"enemies":"3 Cultists","floor":24.0,"turns":7.0},{"damage":5.0,"enemies":"Centurion and Healer","floor":27.0,"turns":6.0},{"damage":0.0,"enemies":"Snake Plant","floor":28.0,"turns":3.0},{"damage":2,"enemies":"Cultist and Chosen","floor":30,"turns":6},{"damage":61,"enemies":"Champ","floor":33,"turns":8}],"seed_played":"-5659573574133642236","potions_obtained":[{"floor":10.0,"key":"SkillPotion"},{"floor":11.0,"key":"Block Potion"},{"floor":12.0,"key":"Dexterity Potion"},{"floor":18.0,"key":"Explosive Potion"},{"floor":22.0,"key":"FearPotion"},{"floor":24.0,"key":"Block Potion"},{"floor":27.0,"key":"FocusPotion"},{"floor":28.0,"key":"Ancient Potion"}],"is_trial":false,"path_per_floor":["?","$","?","?","M","?"],"character_chosen":"DEFECT","items_purchased":["Toxic Egg 2","Redo+1"],"campfire_rested":4,"item_purchase_floors":[4,4],"current_hp_per_floor":[74,74,65,65,65,65,37,59,59,59,53,53,48,48,70,41,75,75,73,56,47,45,67,67,67,67,62,62,62,60,39,61,0],"gold":709,"neow_bonus":"RANDOM_COMMON_RELIC","is_prod":false,"is_daily":false,"chose_seed":false,"campfire_upgraded":2,"win_rate":0,"timestamp":1558213940,"path_taken":["M","?","M","?","?","R","E","R","T","M","M","M","M","$","R","BOSS","M","M","M","M","M","R","M","R","T","M","M","?","?","?","R","BOSS"],"build_version":"2019-01-23","purchased_purges":2,"victory":false,"max_hp_per_floor":[75,75,75,75,75,75,75,75,75,75,75,75,75,75,75,75,75,75,75,75,75,75,75,75,75,75,75,75,75,75,75,75,75],"card_choices":[{"not_picked":["Leap","Go for the Eyes"],"picked":"Streamline","floor":1.0},{"not_picked":["Barrage","Redo"],"picked":"Coolheaded","floor":3.0},{"not_picked":["Loop","Leap+1"],"picked":"Glacier+1","floor":7.0},{"not_picked":["Recycle+1","Tempest+1"],"picked":"White Noise+1","floor":10.0},{"not_picked":["Sunder","Barrage"],"picked":"Sweeping Beam","floor":11.0},{"not_picked":["Auto Shields+1","Redo+1"],"picked":"Seek+1","floor":12.0},{"not_picked":["Scrape","Streamline"],"picked":"Turbo+1","floor":13.0},{"not_picked":["Electrodynamics","Hyperbeam"],"picked":"Fission+1","floor":16.0},{"not_picked":["Compile Driver+1","Coolheaded+1"],"picked":"Capacitor","floor":18.0},{"not_picked":["Skim+1","Force Field+1"],"picked":"Hologram+1","floor":19.0},{"not_picked":["Gash","Barrage"],"picked":"Ball Lightning","floor":20.0},{"not_picked":["Double Energy+1","Force Field+1"],"picked":"White Noise+1","floor":21.0},{"not_picked":["Stack+1","Blizzard+1"],"picked":"Fusion+1","floor":22.0},{"not_picked":["Coolheaded+1","Skim+1"],"picked":"Steam Power+1","floor":24.0},{"not_picked":["Double Energy+1","Coolheaded+1"],"picked":"Static Discharge+1","floor":27.0},{"not_picked":["Beam Cell","Barrage"],"picked":"Buffer","floor":28.0},{"not_picked":["Reprogram+1","Rebound+1"],"picked":"Coolheaded+1","floor":30}],"player_experience":549172,"relics_obtained":[{"floor":7.0,"key":"Anchor"},{"floor":9.0,"key":"Bottled Flame"},{"floor":26.0,"key":"Ancient Tea Set"}],"event_choices":[{"damage_healed":0.0,"max_hp_gain":0.0,"max_hp_loss":0.0,"gold_gain":275.0,"event_name":"Golden Shrine","player_choice":"Desecrate","floor":2.0,"gold_loss":0.0,"damage_taken":0.0,"cards_obtained":["Regret"]},{"damage_healed":0.0,"max_hp_gain":0.0,"max_hp_loss":0.0,"gold_gain":0.0,"event_name":"The Cleric","player_choice":"Leave","floor":5.0,"gold_loss":0.0,"damage_taken":0.0},{"damage_healed":0.0,"max_hp_gain":0.0,"max_hp_loss":0.0,"gold_gain":275.0,"event_name":"Golden Shrine","player_choice":"Desecrate","floor":29.0,"gold_loss":0.0,"damage_taken":0.0,"cards_obtained":["Regret"]},{"damage_healed":0,"gold_gain":180,"player_choice":"GOLD GOLD ","damage_taken":21,"max_hp_gain":0,"max_hp_loss":0,"event_name":"Knowing Skull","floor":31,"potions_obtained":[],"gold_loss":0,"cards_obtained":[]}],"is_beta":false,"boss_relics":[{"not_picked":["Runic Pyramid","Orrery"],"picked":"Empty Cage"}],"items_purged_floors":[4,14],"is_endless":false,"potions_floor_spawned":[10,11,12,18,22,24,27,28,30],"killed_by":"Champ","ascension_level":0}