{"gold_per_floor":[112,1,12,12,12,43,59,90,90,44,58,83,103,123,123,225,225,235,263,275,275,144,144,164,164,189,189,202,202,113,125,125,225,225,247,269,281,293,359,371,417,59,59,83,83,101,6,106,106,106],"floor_reached":51,"playtime":5027,"items_purged":["Strike_B","Strike_B","Strike_B","Pain","Writhe"],"score":693,"play_id":"da467564-1999-43fa-bfdc-313afbbfc3fd","local_time":"20190210155959","is_ascension_mode":false,"campfire_choices":[{"data":"Redo","floor":15.0,"key":"SMITH"},{"data":"Zap","floor":23.0,"key":"SMITH"},{"floor":25.0,"key":"REST"},{"data":"Dualcast","floor":29.0,"key":"SMITH"},{"floor":32.0,"key":"REST"},{"data":"Defragment","floor":40.0,"key":"SMITH"},{"floor":45.0,"key":"REST"},{"floor":49,"key":"REST"}],"neow_cost":"NONE","seed_source_timestamp":0,"circlet_count":0,"master_deck":["Defend_B","Defend_B","Defend_B","Defend_B","Zap+1","Dualcast+1","Redo+1","Steam Power","Ball Lightning","Go for the Eyes","Ball Lightning","Conserve Battery+1","Coolheaded+1","Beam Cell","Reboot+1","Redo+1","White Noise+1","Fission+1","Hologram+1","Capacitor","Loop","Defragment+1","Flash of Steel","Compile Driver","Hologram+1","Defragment+1","Conserve Battery+1","Machine Learning","Injury","Tempest+1","Loop+1","Barrage","Defragment","Apotheosis+1","Lockon","White Noise+1","Barrage"],"special_seed":0,"relics":["Cracked Core","NeowsBlessing","Pear","Toxic Egg 2","Smiling Mask","Inserter","Red Mask","Centennial Puzzle","Calling Bell","Calipers","Singing Bowl","MawBank","Pocketwatch","Blood Vial","Pantograph","Orichalcum","Prayer Wheel"],"potions_floor_usage":[46,46,50,50,50],"damage_taken":[{"damage":0.0,"enemies":"2 Louse","floor":1.0,"turns":1.0},{"damage":0.0,"enemies":"Small Slimes","floor":3.0,"turns":1.0},{"damage":0.0,"enemies":"Lagavulin","floor":6.0,"turns":1.0},{"damage":1.0,"enemies":"Jaw Worm","floor":7.0,"turns":3.0},{"damage":2.0,"enemies":"Gremlin Nob","floor":8.0,"turns":3.0},{"damage":7.0,"enemies":"2 Fungi Beasts","floor":11.0,"turns":3.0},{"damage":19.0,"enemies":"3 Sentries","floor":12.0,"turns":6.0},{"damage":7.0,"enemies":"3 Louse","floor":13.0,"turns":3.0},{"damage":2.0,"enemies":"Exordium Wildlife","floor":14.0,"turns":3.0},{"damage":29.0,"enemies":"The Guardian","floor":16.0,"turns":9.0},{"damage":0.0,"enemies":"Spheric Guardian","floor":18.0,"turns":2.0},{"damage":18.0,"enemies":"Masked Bandits","floor":19.0,"turns":3.0},{"damage":26.0,"enemies":"3 Byrds","floor":20.0,"turns":4.0},{"damage":15.0,"enemies":"Snake Plant","floor":24.0,"turns":3.0},{"damage":3.0,"enemies":"Centurion and Healer","floor":28.0,"turns":4.0},{"damage":0.0,"enemies":"3 Cultists","floor":31.0,"turns":4.0},{"damage":45.0,"enemies":"Collector","floor":33.0,"turns":8.0},{"damage":5.0,"enemies":"Orb Walker","floor":35.0,"turns":3.0},{"damage":44.0,"enemies":"3 Darklings","floor":36.0,"turns":5.0},{"damage":33.0,"enemies":"2 Orb Walkers","floor":39.0,"turns":4.0},{"damage":42.0,"enemies":"Nemesis","floor":41.0,"turns":7.0},{"damage":2,"enemies":"Maw","floor":46,"turns":6},{"damage":20,"enemies":"Mind Bloom Boss Battle","floor":48,"turns":5},{"damage":59,"enemies":"Time Eater","floor":50,"turns":8}],"seed_played":"-6928763858303528983","potions_obtained":[{"floor":7.0,"key":"Fire Potion"},{"floor":8.0,"key":"Strength Potion"},{"floor":13.0,"key":"Explosive Potion"},{"floor":14.0,"key":"SteroidPotion"},{"floor":20.0,"key":"Explosive Potion"},{"floor":33.0,"key":"LiquidBronze"},{"floor":36.0,"key":"Strength Potion"},{"floor":41.0,"key":"Strength Potion"},{"floor":46,"key":"Swift Potion"},{"floor":48,"key":"LiquidBronze"}],"is_trial":false,"path_per_floor":["M","$","M","?","?","E","M","E","T","$","M","E","M","M","R","B",null,"M","?","M","?","$","R","M","R","T","?","M","R","$","M","R","B",null,"M","M","?","?","?","R","E","$","T","T","R","M","$","?","R","B",null],"character_chosen":"DEFECT","items_purchased":["Steam Power","Coolheaded+1","Flash of Steel","Defragment","Defragment","Apotheosis+1","Lockon","Barrage"],"campfire_rested":4,"item_purchase_floors":[2,10,22,30,42,42,42,47],"current_hp_per_floor":[75,75,75,75,75,85,84,82,82,82,75,56,49,47,47,18,85,85,67,41,41,41,41,26,51,51,51,48,48,48,48,73,28,85,80,36,36,74,43,43,1,1,1,1,23,23,23,32,55,19],"gold":106,"neow_bonus":"THREE_ENEMY_KILL","is_prod":false,"is_daily":false,"chose_seed":false,"campfire_upgraded":4,"win_rate":0,"timestamp":1549835999,"path_taken":["M","$","M","?","?","E","M","E","T","?","M","E","M","M","R","BOSS","M","?","M","?","?","R","M","R","T","?","M","R","$","?","R","BOSS","M","M","?","?","?","R","E","$","T","?","R","?","$","?","R","BOSS"],"build_version":"2019-01-23","purchased_purges":5,"victory":true,"max_hp_per_floor":[75,75,75,75,75,85,85,85,85,85,85,85,85,85,85,85,85,85,85,85,85,85,85,85,85,85,85,85,85,85,85,85,85,85,85,85,85,74,76,76,76,76,76,76,76,76,76,78,78,78],"card_choices":[{"not_picked":["Turbo","Leap"],"picked":"Redo","floor":1.0},{"not_picked":["Doom and Gloom","Hologram"],"picked":"Ball Lightning","floor":3.0},{"not_picked":["Gash","Sweeping Beam"],"picked":"Ball Lightning","floor":6.0},{"not_picked":["Coolheaded","Steam Power"],"picked":"Conserve Battery","floor":7.0},{"not_picked":["Auto Shields","Turbo"],"picked":"Conserve Battery","floor":8.0},{"not_picked":["Compile Driver","Leap+1"],"picked":"Beam Cell","floor":11.0},{"not_picked":["Chill+1","Cold Snap"],"picked":"Reboot+1","floor":12.0},{"not_picked":["Streamline","Conserve Battery+1"],"picked":"Redo+1","floor":13.0},{"not_picked":["Streamline","Redo+1"],"picked":"White Noise+1","floor":14.0},{"not_picked":["Hyperbeam","Creative AI"],"picked":"Fission+1","floor":16.0},{"not_picked":["Rebound","Beam Cell+1"],"picked":"Hologram+1","floor":18.0},{"not_picked":["Gash","Ball Lightning"],"picked":"Capacitor","floor":19.0},{"not_picked":["Redo+1","Gash"],"picked":"Loop","floor":20.0},{"not_picked":["Chill+1","Loop"],"picked":"Compile Driver","floor":24.0},{"not_picked":["Steam+1","Coolheaded+1"],"picked":"Hologram+1","floor":28.0},{"not_picked":["Chill+1","Compile Driver"],"picked":"Conserve Battery+1","floor":31.0},{"not_picked":["Seek+1","Rainbow+1"],"picked":"Machine Learning","floor":33.0},{"not_picked":["Chill+1","Hello World+1"],"picked":"Tempest+1","floor":35.0},{"not_picked":["Conserve Battery+1","Streamline+1"],"picked":"Loop+1","floor":36.0},{"not_picked":["Compile Driver","Sunder+1","Beam Cell"],"picked":"Singing Bowl","floor":39.0},{"not_picked":["Echo Form","Beam Cell"],"picked":"Barrage","floor":41.0},{"not_picked":["Scrape+1","Loop+1"],"picked":"White Noise+1","floor":46},{"not_picked":["Gash+1","Go for the Eyes","Undo+1"],"picked":"Singing Bowl","floor":48}],"player_experience":163782,"relics_obtained":[{"floor":6.0,"key":"Pear"},{"floor":8.0,"key":"Toxic Egg 2"},{"floor":12.0,"key":"Smiling Mask"},{"floor":19.0,"key":"Red Mask"},{"floor":26.0,"key":"Centennial Puzzle"},{"floor":34.0,"key":"Calipers"},{"floor":34.0,"key":"Singing Bowl"},{"floor":34.0,"key":"MawBank"},{"floor":39.0,"key":"Pocketwatch"},{"floor":41.0,"key":"Blood Vial"},{"floor":43.0,"key":"Pantograph"},{"floor":44.0,"key":"Orichalcum"},{"floor":48,"key":"Prayer Wheel"}],"event_choices":[{"damage_healed":0.0,"max_hp_gain":0.0,"max_hp_loss":0.0,"gold_gain":0.0,"cards_transformed":["Strike_B"],"event_name":"Living Wall","player_choice":"Change","floor":4.0,"gold_loss":0.0,"damage_taken":0.0,"cards_obtained":["Go for the Eyes"]},{"damage_healed":0.0,"max_hp_gain":0.0,"max_hp_loss":0.0,"gold_gain":0.0,"event_name":"Liars Game","player_choice":"Ignored","floor":5.0,"gold_loss":0.0,"damage_taken":0.0},{"damage_healed":0.0,"max_hp_gain":0.0,"max_hp_loss":0.0,"gold_gain":0.0,"event_name":"Masked Bandits","player_choice":"Fought Bandits","floor":19.0,"gold_loss":0.0,"damage_taken":0.0},{"damage_healed":0.0,"max_hp_gain":0.0,"max_hp_loss":0.0,"gold_gain":0.0,"event_name":"The Library","player_choice":"Read","floor":21.0,"gold_loss":0.0,"damage_taken":0.0,"cards_obtained":["Defragment"]},{"damage_healed":0.0,"max_hp_gain":0.0,"max_hp_loss":0.0,"gold_gain":0.0,"event_name":"Upgrade Shrine","player_choice":"Upgraded","floor":27.0,"gold_loss":0.0,"damage_taken":0.0,"cards_upgraded":["Defragment"]},{"cards_removed":["Conserve Battery"],"damage_healed":0.0,"max_hp_gain":0.0,"max_hp_loss":0.0,"gold_gain":0.0,"event_name":"Falling","player_choice":"Removed Skill","floor":37.0,"gold_loss":0.0,"damage_taken":0.0},{"damage_healed":74.0,"max_hp_gain":0.0,"max_hp_loss":11.0,"gold_gain":0.0,"event_name":"The Moai Head","player_choice":"Heal","floor":38.0,"gold_loss":0.0,"damage_taken":0.0},{"damage_healed":0.0,"max_hp_gain":0.0,"max_hp_loss":0.0,"gold_gain":0.0,"event_name":"Mysterious Sphere","player_choice":"Fight","floor":39.0,"gold_loss":0.0,"damage_taken":0.0},{"damage_healed":0,"gold_gain":0,"player_choice":"Fight","damage_taken":0,"max_hp_gain":0,"max_hp_loss":0,"event_name":"MindBloom","floor":48,"gold_loss":0}],"is_beta":false,"boss_relics":[{"not_picked":["FrozenCore","Snecko Eye"],"picked":"Inserter"},{"not_picked":["Velvet Choker","Black Star"],"picked":"Calling Bell"}],"items_purged_floors":[2,22,30,42,47],"is_endless":false,"potions_floor_spawned":[7,8,13,14,20,33,36,41,46,48],"ascension_level":0}