{"gold_per_floor":[116,127,146,165,178,178,189,18,18,18,46,46,46,66,66,163,163,182,192,208,225,1,1],"floor_reached":23,"playtime":1688,"items_purged":[],"score":222,"play_id":"c5c6b363-96eb-4b0a-b037-140c79f7c4d1","local_time":"20190223173347","is_ascension_mode":false,"campfire_choices":[{"data":"Inflame","floor":6.0,"key":"SMITH"},{"data":"Armaments","floor":10.0,"key":"SMITH"},{"floor":13,"key":"REST"},{"floor":15,"key":"REST"}],"neow_cost":"NONE","seed_source_timestamp":0,"circlet_count":0,"master_deck":["Strike_R","Strike_R","Strike_R","Strike_R","Strike_R","Defend_R","Defend_R","Defend_R","Defend_R","Bash","Flex","Rupture","Inflame+1","Spot Weakness","Carnage","Evolve","Infernal Blade","Armaments+1","Combust","Inflame","Heavy Blade","Reaper","Flex+1","Armaments+1","Bludgeon","Armaments","Flex"],"special_seed":0,"relics":["Burning Blood","Gambling Chip","Regal Pillow","Calipers","Sozu","Blood Vial"],"potions_floor_usage":[16,23],"damage_taken":[{"damage":1.0,"enemies":"Cultist","floor":1.0,"turns":4.0},{"damage":0.0,"enemies":"2 Louse","floor":2.0,"turns":2.0},{"damage":2.0,"enemies":"Small Slimes","floor":3.0,"turns":4.0},{"damage":9.0,"enemies":"2 Fungi Beasts","floor":4.0,"turns":4.0},{"damage":22.0,"enemies":"Large Slime","floor":5.0,"turns":9.0},{"damage":9.0,"enemies":"Blue Slaver","floor":7.0,"turns":3.0},{"damage":29,"enemies":"3 Sentries","floor":11,"turns":5},{"damage":3,"enemies":"2 Fungi Beasts","floor":14,"turns":3},{"damage":62,"enemies":"Hexaghost","floor":16,"turns":8},{"damage":45,"enemies":"Shell Parasite","floor":18,"turns":5},{"damage":5,"enemies":"Spheric Guardian","floor":19,"turns":3},{"damage":24,"enemies":"3 Cultists","floor":20,"turns":4},{"damage":57,"enemies":"Shelled Parasite and Fungi","floor":21,"turns":5},{"damage":30,"enemies":"Gremlin Leader","floor":23,"turns":4}],"seed_played":"2719214524528955490","potions_obtained":[{"floor":0.0,"key":"LiquidBronze"},{"floor":0.0,"key":"FearPotion"},{"floor":0.0,"key":"Dexterity Potion"},{"floor":7.0,"key":"Energy Potion"}],"is_trial":false,"path_per_floor":["?"],"character_chosen":"IRONCLAD","items_purchased":["Infernal Blade","Armaments","Combust","Blood Vial","Armaments","Flex"],"campfire_rested":2,"item_purchase_floors":[8,8,8,22,22,22],"current_hp_per_floor":[80,80,80,77,61,61,58,58,58,58,35,10,49,52,80,24,80,44,45,57,23,23,0],"gold":1,"neow_bonus":"THREE_SMALL_POTIONS","is_prod":false,"is_daily":false,"chose_seed":false,"campfire_upgraded":2,"win_rate":0.0,"timestamp":1550961227,"path_taken":["M","M","M","M","M","R","M","$","T","R","E","?","R","M","R","BOSS","M","M","M","M","$","E"],"build_version":"2019-01-23","purchased_purges":0,"victory":false,"max_hp_per_floor":[80,80,80,80,80,80,80,80,80,80,80,80,80,80,80,80,80,80,80,80,80,80,80],"card_choices":[{"not_picked":["Twin Strike","Warcry"],"picked":"Flex","floor":1.0},{"not_picked":["Headbutt","Perfected Strike"],"picked":"Rupture","floor":2.0},{"not_picked":["Second Wind","Cleave"],"picked":"Inflame","floor":3.0},{"not_picked":["Impervious","Infernal Blade"],"picked":"Spot Weakness","floor":4.0},{"not_picked":["True Grit","Headbutt"],"picked":"Carnage","floor":5.0},{"not_picked":["Bloodletting","Burning Pact"],"picked":"Evolve","floor":7.0},{"not_picked":["True Grit","Twin Strike"],"picked":"Inflame","floor":11},{"not_picked":["Wild Strike","Clash"],"picked":"Heavy Blade","floor":14},{"not_picked":["Bludgeon","Exhume"],"picked":"Reaper","floor":16},{"not_picked":["Burning Pact","Reckless Charge"],"picked":"Flex+1","floor":18},{"not_picked":["Shrug It Off","Corruption"],"picked":"Armaments+1","floor":19},{"not_picked":["Havoc","Twin Strike","Clothesline"],"picked":"SKIP","floor":20},{"not_picked":["Cleave","Pommel Strike"],"picked":"Bludgeon","floor":21}],"player_experience":178018,"relics_obtained":[{"floor":9.0,"key":"Gambling Chip"},{"floor":11,"key":"Regal Pillow"}],"event_choices":[{"damage_healed":0,"gold_gain":0,"player_choice":"Success","damage_taken":25,"relics_obtained":["Calipers"],"max_hp_gain":0,"max_hp_loss":0,"event_name":"Scrap Ooze","floor":12,"gold_loss":0}],"is_beta":false,"boss_relics":[{"not_picked":["Runic Pyramid","Velvet Choker"],"picked":"Sozu"}],"items_purged_floors":[],"is_endless":false,"potions_floor_spawned":[3,7,11,14,20,21],"killed_by":"Gremlin Leader","ascension_level":0}