{"gold_per_floor":[116,116,40,40,52,86,103,138,163,192,202,219,219,219,219,219],"floor_reached":16,"playtime":1405,"items_purged":[],"score":203,"play_id":"96a28a8d-55f6-4e3a-9f14-50b69f1d977d","local_time":"20190527082001","is_ascension_mode":true,"campfire_choices":[{"data":"Footwork","floor":15.0,"key":"SMITH"}],"neow_cost":"NONE","seed_source_timestamp":705948990906371,"circlet_count":0,"master_deck":["Defend_G","Defend_G","Defend_G+1","Defend_G","Defend_G","Strike_G","Strike_G","Strike_G","Strike_G","Survivor+1","Neutralize","Footwork","Footwork","Infinite Blades","Noxious Fumes","Backflip","Footwork+1","Wraith Form v2","Bane","Skewer"],"special_seed":0,"relics":["Ring of the Snake","NeowsBlessing","Smiling Mask","Strawberry","Lantern","Dream Catcher","Unceasing Top"],"potions_floor_usage":[16],"damage_taken":[{"damage":0.0,"enemies":"Jaw Worm","floor":1.0,"turns":1.0},{"damage":0.0,"enemies":"Cultist","floor":5.0,"turns":1.0},{"damage":0.0,"enemies":"3 Sentries","floor":6.0,"turns":2.0},{"damage":0.0,"enemies":"2 Louse","floor":7.0,"turns":4.0},{"damage":4.0,"enemies":"Lagavulin","floor":8.0,"turns":10.0},{"damage":14.0,"enemies":"3 Sentries","floor":10.0,"turns":10.0},{"damage":2.0,"enemies":"Blue Slaver","floor":11.0,"turns":6.0},{"damage":1.0,"enemies":"Gremlin Gang","floor":12.0,"turns":7.0},{"damage":41,"enemies":"Slime Boss","floor":16,"turns":10}],"seed_played":"-6282766776418486296","potions_obtained":[{"floor":1.0,"key":"Ancient Potion"},{"floor":7.0,"key":"Ancient Potion"},{"floor":10.0,"key":"FearPotion"},{"floor":12.0,"key":"SkillPotion"}],"is_trial":false,"path_per_floor":["M","?","$","$","M","E","M","E","T","E","M","M","?","?","R","B"],"character_chosen":"THE_SILENT","items_purchased":["Footwork"],"campfire_rested":0,"item_purchase_floors":[3],"current_hp_per_floor":[63,49,49,49,49,49,49,52,52,38,36,35,35,35,35,0],"gold":219,"neow_bonus":"THREE_ENEMY_KILL","is_prod":false,"is_daily":false,"chose_seed":false,"campfire_upgraded":1,"win_rate":0,"timestamp":1558925401,"path_taken":["M","?","?","$","M","E","M","E","T","E","M","?","?","?","R","BOSS"],"build_version":"2019-01-23","purchased_purges":0,"victory":false,"max_hp_per_floor":[70,70,70,70,70,70,70,77,77,77,77,77,77,77,77,77],"card_choices":[{"not_picked":["Bouncing Flask","Outmaneuver"],"picked":"Footwork","floor":1.0},{"not_picked":["Riddle With Holes","Deflect"],"picked":"Infinite Blades","floor":5.0},{"not_picked":["All Out Attack","Deflect"],"picked":"Noxious Fumes","floor":6.0},{"not_picked":["Sucker Punch","Masterful Stab"],"picked":"Backflip","floor":7.0},{"not_picked":["Infinite Blades","Expertise"],"picked":"Footwork","floor":8.0},{"not_picked":["Predator","Acrobatics"],"picked":"Wraith Form v2","floor":10.0},{"not_picked":["Prepared","Quick Slash","Underhanded Strike"],"picked":"SKIP","floor":11.0},{"not_picked":["Eviscerate","Dagger Throw"],"picked":"Bane","floor":12.0}],"player_experience":818339,"relics_obtained":[{"floor":6.0,"key":"Smiling Mask"},{"floor":8.0,"key":"Strawberry"},{"floor":9.0,"key":"Lantern"},{"floor":10.0,"key":"Dream Catcher"}],"event_choices":[{"damage_healed":0.0,"max_hp_gain":0.0,"max_hp_loss":0.0,"gold_gain":0.0,"event_name":"Shining Light","player_choice":"Entered Light","floor":2.0,"gold_loss":0.0,"damage_taken":14.0,"cards_upgraded":["Defend_G","Survivor"]},{"damage_healed":0.0,"max_hp_gain":0.0,"max_hp_loss":0.0,"gold_gain":0.0,"cards_transformed":["Strike_G"],"event_name":"Living Wall","player_choice":"Change","floor":13.0,"gold_loss":0.0,"damage_taken":0.0,"cards_obtained":["Skewer"]},{"damage_healed":0.0,"max_hp_gain":0.0,"max_hp_loss":0.0,"gold_gain":0.0,"event_name":"Dead Adventurer","player_choice":"Searched \u00272\u0027 times","floor":14.0,"gold_loss":0.0,"damage_taken":0.0,"relics_obtained":["Unceasing Top"]}],"is_beta":false,"boss_relics":[],"items_purged_floors":[],"is_endless":false,"potions_floor_spawned":[1,7,10,12],"killed_by":"Slime Boss","ascension_level":8}