{"gold_per_floor":[218,237,113,113,113,113,138,138,138,168,188,138,151,167,167,263,263,273,18,36,36,36,36,367,380,404,404,157,191,208,208,208,303,303,315,315,361,155,0,26,45,45,94,194,194,214,214,86,86,86],"floor_reached":51,"playtime":1518,"items_purged":["Defend_R"],"score":769,"play_id":"9d93444e-87f2-443e-a073-ba2e1ebe5020","local_time":"20190527164520","is_ascension_mode":false,"campfire_choices":[{"data":"Shrug It Off","floor":6,"key":"SMITH"},{"floor":8,"key":"REST"},{"data":"True Grit","floor":15,"key":"SMITH"},{"data":"Double Tap","floor":23,"key":"SMITH"},{"floor":27,"key":"REST"},{"data":"Pommel Strike","floor":32,"key":"SMITH"},{"floor":42,"key":"REST"},{"data":"Spot Weakness","floor":49,"key":"SMITH"}],"neow_cost":"NONE","seed_source_timestamp":23720465445419,"circlet_count":0,"master_deck":["Strike_R","Strike_R","Strike_R","Strike_R","Defend_R+1","Defend_R","Defend_R+1","Bash+1","Shrug It Off+1","Cleave+1","Pommel Strike+1","True Grit+1","Double Tap+1","Headbutt+1","Shrug It Off+1","Phantasmal Killer+1","Uppercut+1","Shrug It Off+1","Spot Weakness+1"],"relics":["Burning Blood","Lantern","Letter Opener","Paper Frog","Bag of Marbles","Velvet Choker","PrismaticShard","Unceasing Top","Old Coin","Strawberry","Gremlin Horn","Juzu Bracelet","Runic Pyramid","Dead Branch","Lee\u0027s Waffle","Red Mask","StoneCalendar","War Paint","Ginger","NlothsMask"],"potions_floor_usage":[10,16,24,33,33,33,40,50],"damage_taken":[{"damage":5,"enemies":"Small Slimes","floor":1,"turns":4},{"damage":0,"enemies":"2 Louse","floor":2,"turns":4},{"damage":44,"enemies":"3 Sentries","floor":7,"turns":11},{"damage":20,"enemies":"Gremlin Nob","floor":10,"turns":4},{"damage":0,"enemies":"Cultist","floor":11,"turns":2},{"damage":0,"enemies":"Lots of Slimes","floor":13,"turns":1},{"damage":0,"enemies":"2 Fungi Beasts","floor":14,"turns":2},{"damage":52,"enemies":"The Guardian","floor":16,"turns":16},{"damage":21,"enemies":"Spheric Guardian","floor":18,"turns":4},{"damage":5,"enemies":"Shell Parasite","floor":20,"turns":3},{"damage":21,"enemies":"Slavers","floor":24,"turns":5},{"damage":12,"enemies":"Centurion and Healer","floor":25,"turns":4},{"damage":16,"enemies":"Gremlin Leader","floor":29,"turns":5},{"damage":9,"enemies":"Sentry and Sphere","floor":30,"turns":4},{"damage":38,"enemies":"Champ","floor":33,"turns":12},{"damage":5,"enemies":"Orb Walker","floor":35,"turns":2},{"damage":36,"enemies":"2 Orb Walkers","floor":37,"turns":3},{"damage":95,"enemies":"Giant Head","floor":40,"turns":9},{"damage":0,"enemies":"3 Darklings","floor":41,"turns":2},{"damage":0,"enemies":"Mind Bloom Boss Battle","floor":44,"turns":7},{"damage":3,"enemies":"4 Shapes","floor":46,"turns":4},{"damage":70,"enemies":"Time Eater","floor":50,"turns":6}],"seed_played":"-8551059407155989537","potions_obtained":[{"floor":2,"key":"BloodPotion"},{"floor":7,"key":"Poison Potion"},{"floor":11,"key":"Regen Potion"},{"floor":25,"key":"Regen Potion"},{"floor":33,"key":"BloodPotion"},{"floor":37,"key":"FairyPotion"},{"floor":41,"key":"Poison Potion"},{"floor":46,"key":"Ancient Potion"}],"is_trial":false,"path_per_floor":["M","M","$","?","?","R","E","R","T","E","M","?","M","M","R","B",null,"M","$","M","?","?","R","E","M","T","R","$","E","M","?","R","B",null,"M","?","?","$","?","E","M","R","T","?","?","M","?","$","R","B",null],"character_chosen":"IRONCLAD","items_purchased":["PowerPotion","PrismaticShard","SteroidPotion","Gremlin Horn","Lee\u0027s Waffle","Spot Weakness","FearPotion"],"campfire_rested":3,"item_purchase_floors":[3,19,19,28,38,48,48],"current_hp_per_floor":[80,80,80,68,68,68,30,54,54,40,46,46,52,58,58,27,80,65,65,66,66,51,51,36,30,37,64,64,54,51,51,51,43,92,92,92,62,99,99,19,25,54,54,60,60,63,63,63,63,15],"gold":86,"neow_bonus":"HUNDRED_GOLD","is_prod":false,"is_daily":false,"chose_seed":false,"campfire_upgraded":5,"win_rate":0,"timestamp":1558968320,"path_taken":["M","M","$","?","?","R","E","R","T","E","M","?","M","M","R","BOSS","M","$","M","?","?","R","E","M","T","R","$","E","M","?","R","BOSS","M","?","?","$","?","E","M","R","T","?","?","M","?","?","R","BOSS"],"build_version":"2019-01-23","purchased_purges":1,"victory":true,"max_hp_per_floor":[80,80,80,80,80,80,80,80,80,80,80,80,80,80,80,80,80,80,80,80,80,85,85,85,85,92,92,92,92,92,92,92,92,92,92,92,92,99,99,99,99,99,99,99,99,99,99,99,99,99],"card_choices":[{"not_picked":["Thunderclap","Havoc"],"picked":"Shrug It Off","floor":1},{"not_picked":["Flex","Thunderclap","Second Wind"],"picked":"SKIP","floor":2},{"not_picked":["Clothesline","Intimidate"],"picked":"Cleave","floor":7},{"not_picked":["Cleave","Seeing Red"],"picked":"Pommel Strike","floor":10},{"not_picked":["Havoc","True Grit","Second Wind"],"picked":"SKIP","floor":11},{"not_picked":["Havoc","Second Wind"],"picked":"True Grit","floor":11},{"not_picked":["Sentinel","Bloodletting","Body Slam"],"picked":"SKIP","floor":13},{"not_picked":["Sword Boomerang","Warcry","Havoc"],"picked":"SKIP","floor":14},{"not_picked":["Fiend Fire","Barricade"],"picked":"Double Tap","floor":16},{"not_picked":["Iron Wave","Sentinel"],"picked":"Headbutt+1","floor":18},{"not_picked":["Twin Strike","Prepared"],"picked":"Shrug It Off+1","floor":20},{"not_picked":["Fiend Fire","Dark Shackles","Blood for Blood"],"picked":"SKIP","floor":24},{"not_picked":["Static Discharge+1","Slice","Cleave+1"],"picked":"SKIP","floor":25},{"not_picked":["Double Energy","Anger","Fusion"],"picked":"SKIP","floor":29},{"not_picked":["Prepared+1","Ball Lightning","Bane"],"picked":"SKIP","floor":30},{"not_picked":["Berserk","Magnetism"],"picked":"Phantasmal Killer","floor":33},{"not_picked":["PanicButton","Infinite Blades","Quick Slash+1"],"picked":"SKIP","floor":35},{"not_picked":["Well Laid Plans+1","Leap+1"],"picked":"Uppercut+1","floor":37},{"not_picked":["Dagger Throw","Anger","Prepared+1"],"picked":"SKIP","floor":40},{"not_picked":["Sword Boomerang+1","Go for the Eyes+1","Flex+1"],"picked":"SKIP","floor":41},{"not_picked":["Anger","Cleave+1","Warcry+1"],"picked":"SKIP","floor":46}],"player_experience":96053,"relics_obtained":[{"floor":7,"key":"Letter Opener"},{"floor":9,"key":"Paper Frog"},{"floor":10,"key":"Bag of Marbles"},{"floor":24,"key":"Old Coin"},{"floor":26,"key":"Strawberry"},{"floor":29,"key":"Juzu Bracelet"},{"floor":37,"key":"Dead Branch"},{"floor":40,"key":"StoneCalendar"},{"floor":43,"key":"War Paint"},{"floor":44,"key":"Ginger"}],"event_choices":[{"damage_healed":0,"gold_gain":0,"player_choice":"Success","damage_taken":12,"relics_obtained":["Lantern"],"max_hp_gain":0,"max_hp_loss":0,"event_name":"Scrap Ooze","floor":4,"gold_loss":0},{"damage_healed":0,"gold_gain":0,"player_choice":"Grow","damage_taken":0,"max_hp_gain":0,"max_hp_loss":0,"event_name":"Living Wall","floor":5,"gold_loss":0,"cards_upgraded":["Bash"]},{"cards_removed":["Strike_R"],"damage_healed":0,"gold_gain":0,"player_choice":"Card Removal","damage_taken":0,"max_hp_gain":0,"max_hp_loss":0,"event_name":"The Cleric","floor":12,"gold_loss":50},{"damage_healed":0,"gold_gain":0,"player_choice":"Opened","damage_taken":0,"relics_obtained":["Unceasing Top"],"max_hp_gain":0,"max_hp_loss":0,"event_name":"The Mausoleum","floor":21,"gold_loss":0},{"damage_healed":0,"gold_gain":0,"player_choice":"Shed Blood","damage_taken":20,"max_hp_gain":5,"max_hp_loss":0,"event_name":"Forgotten Altar","floor":22,"gold_loss":0},{"damage_healed":0,"gold_gain":0,"player_choice":"Upgraded","damage_taken":0,"max_hp_gain":0,"max_hp_loss":0,"event_name":"Upgrade Shrine","floor":31,"gold_loss":0,"cards_upgraded":["Cleave"]},{"damage_healed":0,"gold_gain":0,"player_choice":"Forge","damage_taken":0,"max_hp_gain":0,"max_hp_loss":0,"event_name":"Accursed Blacksmith","floor":36,"gold_loss":0,"cards_upgraded":["Phantasmal Killer"]},{"damage_healed":0,"gold_gain":0,"player_choice":"Fight","damage_taken":0,"max_hp_gain":0,"max_hp_loss":0,"event_name":"Mysterious Sphere","floor":37,"gold_loss":0},{"damage_healed":0,"gold_gain":0,"player_choice":"Paid","damage_taken":0,"relics_obtained":["Red Mask"],"max_hp_gain":0,"max_hp_loss":0,"event_name":"Tomb of Lord Red Mask","floor":39,"gold_loss":155},{"damage_healed":0,"gold_gain":0,"player_choice":"Fight","damage_taken":0,"max_hp_gain":0,"max_hp_loss":0,"event_name":"MindBloom","floor":44,"gold_loss":0},{"damage_healed":0,"gold_gain":0,"player_choice":"Trade","damage_taken":0,"relics_obtained":["NlothsMask"],"max_hp_gain":0,"max_hp_loss":0,"event_name":"FaceTrader","floor":45,"gold_loss":0},{"damage_healed":0,"gold_gain":0,"player_choice":"Copied","damage_taken":0,"max_hp_gain":0,"max_hp_loss":0,"event_name":"Duplicator","floor":47,"gold_loss":0,"cards_obtained":["Shrug It Off"]}],"is_beta":false,"boss_relics":[{"not_picked":["Astrolabe","Lizard Tail"],"picked":"Velvet Choker"},{"not_picked":["Sozu","Coffee Dripper"],"picked":"Runic Pyramid"}],"items_purged_floors":[3],"is_endless":false,"potions_floor_spawned":[2,7,11,13,25,29,33,37,41,46],"ascension_level":0}