{"gold_per_floor":[162,173,173,20,34,34,73,107,158,177,245,238,238,258,258,258],"floor_reached":16,"playtime":3065,"items_purged":[],"score":112,"play_id":"2a43466a-e88b-4b51-b7bf-4b6d8119e73a","local_time":"20190512210016","is_ascension_mode":false,"campfire_choices":[{"data":"Seek","floor":6.0,"key":"SMITH"},{"data":"Dualcast","floor":13,"key":"SMITH"},{"data":"Loop","floor":15,"key":"SMITH"}],"neow_cost":"NONE","seed_source_timestamp":283350204045671,"circlet_count":0,"master_deck":["Strike_B","Strike_B","Strike_B","Strike_B","Defend_B+1","Defend_B","Defend_B","Defend_B","Zap","Dualcast+1","Genetic Algorithm","Hologram","Cold Snap","Seek+1","Glacier","Conserve Battery","Loop+1","Reinforced Body"],"special_seed":0,"relics":["Tiny House","Golden Idol","Bronze Scales","Potion Belt","Odd Mushroom","Blood Vial","Tiny Chest"],"potions_floor_usage":[12],"damage_taken":[{"damage":0.0,"enemies":"2 Louse","floor":1.0,"turns":4.0},{"damage":7.0,"enemies":"Cultist","floor":2.0,"turns":7.0},{"damage":0.0,"enemies":"Small Slimes","floor":5.0,"turns":4.0},{"damage":23.0,"enemies":"Lagavulin","floor":7.0,"turns":10.0},{"damage":6.0,"enemies":"The Mushroom Lair","floor":8.0,"turns":7.0},{"damage":0.0,"enemies":"Gremlin Gang","floor":10.0,"turns":5.0},{"damage":15.0,"enemies":"3 Sentries","floor":11.0,"turns":11.0},{"damage":0,"enemies":"Exordium Thugs","floor":12,"turns":5},{"damage":1,"enemies":"Exordium Wildlife","floor":14,"turns":5},{"damage":42,"enemies":"Slime Boss","floor":16,"turns":9}],"seed_played":"2440213649558885714","potions_obtained":[{"floor":0.0,"key":"Block Potion"},{"floor":1.0,"key":"Block Potion"},{"floor":8.0,"key":"Strength Potion"},{"floor":11.0,"key":"Energy Potion"}],"is_trial":false,"path_per_floor":["M","M","?","$","M","R","E","?","T","M","E","M","R","M","R","B"],"character_chosen":"DEFECT","items_purchased":["Bronze Scales"],"campfire_rested":0,"item_purchase_floors":[4],"current_hp_per_floor":[80,73,73,73,73,73,50,44,44,46,33,35,35,36,36,0],"gold":258,"neow_bonus":"BOSS_RELIC","is_prod":false,"is_daily":false,"chose_seed":false,"campfire_upgraded":3,"win_rate":0,"timestamp":1557675016,"path_taken":["M","M","?","$","M","R","E","?","T","M","E","M","R","M","R","BOSS"],"build_version":"2019-01-23","purchased_purges":0,"victory":false,"max_hp_per_floor":[80,80,74,74,74,74,74,74,74,74,74,74,74,74,74,74],"card_choices":[{"not_picked":["Heatsinks","Redo"],"picked":"Genetic Algorithm","floor":0.0},{"not_picked":["Auto Shields","Recycle"],"picked":"Hologram","floor":1.0},{"not_picked":["Barrage","Redo"],"picked":"Cold Snap","floor":2.0},{"not_picked":["Melter","Doom and Gloom"],"picked":"Seek","floor":5.0},{"not_picked":["Turbo","Compile Driver"],"picked":"Glacier","floor":7.0},{"not_picked":["Aggregate","Redo"],"picked":"Conserve Battery","floor":10.0},{"not_picked":["Rebound","Reprogram"],"picked":"Loop","floor":11.0},{"not_picked":["Tempest","Sweeping Beam"],"picked":"Reinforced Body","floor":12},{"not_picked":["Rebound","FTL","Recycle"],"picked":"SKIP","floor":14}],"player_experience":189535,"relics_obtained":[{"floor":7.0,"key":"Potion Belt"},{"floor":8.0,"key":"Odd Mushroom"},{"floor":9.0,"key":"Blood Vial"},{"floor":11.0,"key":"Tiny Chest"}],"event_choices":[{"damage_healed":0.0,"max_hp_gain":0.0,"max_hp_loss":6.0,"gold_gain":0.0,"event_name":"Golden Idol","player_choice":"Lose Max HP","floor":3.0,"gold_loss":0.0,"damage_taken":0.0,"relics_obtained":["Golden Idol"]},{"damage_healed":0.0,"max_hp_gain":0.0,"max_hp_loss":0.0,"gold_gain":0.0,"event_name":"Mushrooms","player_choice":"Fought Mushrooms","floor":8.0,"gold_loss":0.0,"damage_taken":0.0}],"is_beta":false,"boss_relics":[],"items_purged_floors":[],"is_endless":false,"potions_floor_spawned":[1,8,11],"killed_by":"Slime Boss","ascension_level":0}