{"gold_per_floor":[116,131,231,249,249,249,262,274,274,147,147],"floor_reached":11,"playtime":522,"items_purged":["Strike_R"],"score":65,"play_id":"4b15a402-8ee8-4c62-910f-59e038512952","local_time":"20190309194156","is_ascension_mode":false,"campfire_choices":[{"data":"True Grit","floor":6,"key":"SMITH"}],"neow_cost":"PERCENT_DAMAGE","seed_source_timestamp":500506866147348,"circlet_count":0,"master_deck":["Strike_R","Strike_R","Defend_R","Defend_R","Defend_R","Defend_R","Bash","Infernal Blade","Offering","Body Slam","Thunderclap","True Grit+1","Thunderclap","Iron Wave","True Grit"],"relics":["Burning Blood"],"potions_floor_usage":[],"damage_taken":[{"damage":6,"enemies":"Small Slimes","floor":1,"turns":3},{"damage":5,"enemies":"Cultist","floor":2,"turns":4},{"damage":2,"enemies":"2 Louse","floor":4,"turns":3},{"damage":16,"enemies":"Exordium Thugs","floor":7,"turns":6},{"damage":4,"enemies":"Blue Slaver","floor":8,"turns":5},{"damage":53,"enemies":"Gremlin Nob","floor":11,"turns":4}],"seed_played":"-2994492970204007088","potions_obtained":[{"floor":2,"key":"Dexterity Potion"},{"floor":8,"key":"EssenceOfSteel"}],"is_trial":false,"path_per_floor":["M","M","?","M","?","R","M","M","T","$","E"],"character_chosen":"IRONCLAD","items_purchased":["True Grit"],"campfire_rested":0,"item_purchase_floors":[10],"current_hp_per_floor":[56,57,57,61,61,61,51,53,53,53,0],"gold":147,"neow_bonus":"TRANSFORM_TWO_CARDS","is_prod":false,"is_daily":false,"chose_seed":false,"campfire_upgraded":1,"win_rate":0,"timestamp":1552182116,"path_taken":["M","M","?","?","?","R","M","M","T","$","E"],"build_version":"2019-01-23","purchased_purges":1,"victory":false,"max_hp_per_floor":[80,80,80,80,80,80,80,80,80,80,80],"card_choices":[{"not_picked":["Pummel","Headbutt"],"picked":"Body Slam","floor":1},{"not_picked":["Sword Boomerang","Rampage"],"picked":"Thunderclap","floor":2},{"not_picked":["Headbutt","Sentinel"],"picked":"True Grit","floor":4},{"not_picked":["Thunderclap","Flame Barrier"],"picked":"Iron Wave","floor":7},{"not_picked":["Headbutt","Clothesline","Searing Blow"],"picked":"SKIP","floor":8}],"player_experience":220615,"relics_obtained":[],"event_choices":[{"damage_healed":0,"gold_gain":100,"player_choice":"Pray","damage_taken":0,"max_hp_gain":0,"max_hp_loss":0,"event_name":"Golden Shrine","floor":3,"gold_loss":0},{"damage_healed":0,"gold_gain":0,"player_choice":"1 cards matched","damage_taken":0,"max_hp_gain":0,"max_hp_loss":0,"event_name":"Match and Keep!","floor":5,"gold_loss":0,"cards_obtained":["Thunderclap"]}],"is_beta":false,"boss_relics":[],"items_purged_floors":[10],"is_endless":false,"potions_floor_spawned":[2,8],"killed_by":"Gremlin Nob","ascension_level":0}