{"gold_per_floor":[111,124,138,138,138,138,138,213,213,213,229,244,244,260,260,361,361,375,375,385,70,85,85,95,105,105,30,44,44,6,16,16,114,114,130,130,230,245,257,257,2,34,61,61,61,81,94,108,108,108],"floor_reached":50,"playtime":3922,"items_purged":["Pain","Shame"],"score":493,"play_id":"3b7b7403-612e-4630-bb2e-3eda597bca94","local_time":"20190106154224","is_ascension_mode":false,"campfire_choices":[{"floor":6,"key":"REST"},{"floor":10,"key":"REST"},{"data":"Sunder","floor":13,"key":"SMITH"},{"data":"Machine Learning","floor":15,"key":"SMITH"},{"floor":23,"key":"REST"},{"data":"Thunder Strike","floor":29,"key":"SMITH"},{"floor":32,"key":"REST"},{"floor":40,"key":"REST"},{"floor":49,"key":"REST"}],"neow_cost":"NONE","seed_source_timestamp":680037151364055,"circlet_count":0,"master_deck":["Strike_B","Strike_B","Strike_B+1","Defend_B","Defend_B","Defend_B","Zap+1","Dualcast","Melter","Sunder+1","Tempest+1","Beam Cell","Sweeping Beam","Machine Learning+1","Thunder Strike+1","Compile Driver+1","Streamline+1","Beam Cell+1","Steam","Go for the Eyes+1","Self Repair","Redo+1","Thunder Strike+1","Gash+1","Skim","Sweeping Beam+1","Sweeping Beam+1","Electrodynamics","Stack+1","PanicButton","Gash+1","Parasite","Streamline+1","Sweeping Beam+1"],"relics":["Cracked Core","War Paint","Calling Bell","Pen Nib","Molten Egg 2","Incense Burner","Juzu Bracelet","Meat on the Bone","Sundial","Fusion Hammer","Bird Faced Urn","Letter Opener","Potion Belt"],"potions_floor_usage":[16,16,37,50,50,50,50],"damage_taken":[{"damage":7,"enemies":"2 Louse","floor":1,"turns":2},{"damage":10,"enemies":"Small Slimes","floor":2,"turns":3},{"damage":11,"enemies":"Jaw Worm","floor":3,"turns":2},{"damage":0,"enemies":"Lots of Slimes","floor":11,"turns":2},{"damage":13,"enemies":"Red Slaver","floor":12,"turns":2},{"damage":6,"enemies":"Exordium Wildlife","floor":14,"turns":3},{"damage":39,"enemies":"The Guardian","floor":16,"turns":7},{"damage":23,"enemies":"3 Byrds","floor":18,"turns":4},{"damage":24,"enemies":"Shell Parasite","floor":20,"turns":4},{"damage":8,"enemies":"Snecko","floor":22,"turns":3},{"damage":2,"enemies":"Chosen and Byrds","floor":24,"turns":3},{"damage":13,"enemies":"Snake Plant","floor":25,"turns":3},{"damage":3,"enemies":"Snecko","floor":28,"turns":3},{"damage":23,"enemies":"Centurion and Healer","floor":31,"turns":5},{"damage":28,"enemies":"Collector","floor":33,"turns":7},{"damage":15,"enemies":"3 Shapes","floor":35,"turns":3},{"damage":46,"enemies":"Mind Bloom Boss Battle","floor":37,"turns":5},{"damage":15,"enemies":"Orb Walker","floor":38,"turns":3},{"damage":38,"enemies":"Sphere and 2 Shapes","floor":39,"turns":4},{"damage":28,"enemies":"Reptomancer","floor":42,"turns":4},{"damage":12,"enemies":"Transient","floor":46,"turns":5},{"damage":16,"enemies":"Writhing Mass","floor":47,"turns":5},{"damage":28,"enemies":"3 Darklings","floor":48,"turns":5},{"damage":94,"enemies":"Donu and Deca","floor":50,"turns":5}],"seed_played":"-1680958834305295411","potions_obtained":[{"floor":1,"key":"LiquidBronze"},{"floor":11,"key":"AttackPotion"},{"floor":16,"key":"FocusPotion"},{"floor":18,"key":"PowerPotion"},{"floor":20,"key":"FearPotion"},{"floor":22,"key":"Energy Potion"},{"floor":39,"key":"Swift Potion"},{"floor":47,"key":"Dexterity Potion"},{"floor":48,"key":"FearPotion"}],"is_trial":false,"path_per_floor":["M","M","M","?","?","R","?","?","T","R","M","M","R","M","R","B",null,"M","?","M","$","M","R","M","M","T","?","M","R","$","M","R","B",null,"M","?","?","M","M","R","$","E","T","?","?","M","M","M","R","B"],"character_chosen":"DEFECT","items_purchased":["Meat on the Bone","Self Repair","Electrodynamics"],"campfire_rested":6,"item_purchase_floors":[21,30,41],"current_hp_per_floor":[75,65,54,47,52,78,61,50,50,76,76,63,63,57,57,18,87,64,64,40,40,44,70,68,55,55,55,52,52,52,48,74,53,87,79,79,52,60,36,62,62,59,59,59,59,60,57,52,78,0],"gold":108,"neow_bonus":"TEN_PERCENT_HP_BONUS","is_prod":false,"is_daily":false,"chose_seed":false,"campfire_upgraded":3,"win_rate":0.0,"timestamp":1546810944,"path_taken":["M","M","M","?","?","R","?","?","T","R","M","M","R","M","R","BOSS","M","?","M","$","M","R","M","M","T","?","M","R","$","M","R","BOSS","M","?","?","M","M","R","$","E","T","?","?","M","M","M","R","BOSS"],"build_version":"2019-01-03v4","purchased_purges":2,"victory":false,"max_hp_per_floor":[82,82,82,82,87,87,87,87,87,87,87,87,87,87,87,87,87,87,87,87,87,87,87,87,87,87,87,87,87,87,87,87,87,87,87,87,87,87,87,87,87,87,87,87,87,87,87,87,87,87],"card_choices":[{"not_picked":["Cold Snap","Coolheaded"],"picked":"Melter","floor":1},{"not_picked":["Rebound","Streamline"],"picked":"Sunder","floor":2},{"not_picked":["Go for the Eyes","Barrage"],"picked":"Tempest","floor":3},{"not_picked":["Undo","Cold Snap"],"picked":"Beam Cell","floor":11},{"not_picked":["Streamline","Melter"],"picked":"Sweeping Beam","floor":12},{"not_picked":["Gash","Ball Lightning"],"picked":"Machine Learning","floor":14},{"not_picked":["Reboot","All For One"],"picked":"Thunder Strike","floor":16},{"not_picked":["Streamline+1","Gash+1"],"picked":"Compile Driver+1","floor":18},{"not_picked":["Force Field","Cold Snap+1"],"picked":"Streamline+1","floor":20},{"not_picked":["Hologram","Reinforced Body"],"picked":"Beam Cell+1","floor":22},{"not_picked":["Gash+1","Blizzard+1"],"picked":"Steam","floor":24},{"not_picked":["Scrape+1","Chill"],"picked":"Go for the Eyes+1","floor":25},{"not_picked":["Meteor Strike+1","Glacier","Darkness"],"picked":"SKIP","floor":28},{"not_picked":["Hologram+1","Sunder+1"],"picked":"Redo+1","floor":31},{"not_picked":["Reboot","Fission"],"picked":"Thunder Strike+1","floor":33},{"not_picked":["Leap","Cold Snap+1"],"picked":"Gash+1","floor":35},{"not_picked":["Streamline+1","Hologram+1"],"picked":"Skim","floor":37},{"not_picked":["Compile Driver+1","Chill"],"picked":"Sweeping Beam+1","floor":38},{"not_picked":["Rip and Tear+1","Hologram+1"],"picked":"Sweeping Beam+1","floor":39},{"not_picked":["Cold Snap+1","Rip and Tear+1"],"picked":"Stack+1","floor":42},{"not_picked":["Forethought","HandOfGreed+1"],"picked":"PanicButton","floor":44},{"not_picked":["Compile Driver+1","Barrage+1"],"picked":"Gash+1","floor":46},{"not_picked":["Cold Snap+1","Fusion+1"],"picked":"Streamline+1","floor":47},{"not_picked":["Rebound+1","Skim"],"picked":"Sweeping Beam+1","floor":48}],"player_experience":21415,"relics_obtained":[{"floor":9,"key":"War Paint"},{"floor":17,"key":"Pen Nib"},{"floor":17,"key":"Molten Egg 2"},{"floor":17,"key":"Incense Burner"},{"floor":26,"key":"Sundial"},{"floor":37,"key":"Bird Faced Urn"},{"floor":42,"key":"Letter Opener"},{"floor":43,"key":"Potion Belt"}],"event_choices":[{"cards_removed":["Strike_B"],"damage_healed":0,"gold_gain":0,"player_choice":"Card Removal","damage_taken":7,"max_hp_gain":0,"max_hp_loss":0,"event_name":"Golden Wing","floor":4,"gold_loss":0},{"damage_healed":0,"gold_gain":0,"player_choice":"Donut","damage_taken":0,"max_hp_gain":5,"max_hp_loss":0,"event_name":"Big Fish","floor":5,"gold_loss":0},{"damage_healed":0,"gold_gain":0,"player_choice":"Entered Light","damage_taken":17,"max_hp_gain":0,"max_hp_loss":0,"event_name":"Shining Light","floor":7,"gold_loss":0,"cards_upgraded":["Tempest","Strike_B"]},{"damage_healed":0,"gold_gain":75,"player_choice":"Gather Gold","damage_taken":11,"max_hp_gain":0,"max_hp_loss":0,"event_name":"World of Goop","floor":8,"gold_loss":0},{"damage_healed":0,"gold_gain":0,"player_choice":"Opened","damage_taken":0,"relics_obtained":["Juzu Bracelet"],"max_hp_gain":0,"max_hp_loss":0,"event_name":"The Mausoleum","floor":19,"gold_loss":0},{"cards_removed":["Regret"],"damage_healed":0,"gold_gain":0,"player_choice":"Gave Gold","damage_taken":0,"max_hp_gain":0,"max_hp_loss":0,"event_name":"Beggar","floor":27,"gold_loss":75},{"cards_removed":["Defend_B"],"damage_healed":0,"gold_gain":0,"player_choice":"Removed Skill","damage_taken":0,"max_hp_gain":0,"max_hp_loss":0,"event_name":"Falling","floor":36,"gold_loss":0},{"damage_healed":0,"gold_gain":0,"player_choice":"Fight","damage_taken":0,"max_hp_gain":0,"max_hp_loss":0,"event_name":"MindBloom","floor":37,"gold_loss":0},{"damage_healed":0,"gold_gain":0,"player_choice":"Memory 1","damage_taken":0,"max_hp_gain":0,"max_hp_loss":0,"event_name":"SensoryStone","floor":44,"gold_loss":0},{"damage_healed":0,"gold_gain":0,"player_choice":"Ignored","damage_taken":0,"max_hp_gain":0,"max_hp_loss":0,"event_name":"SecretPortal","floor":45,"gold_loss":0}],"is_beta":false,"boss_relics":[{"not_picked":["Astrolabe","Sozu"],"picked":"Calling Bell"},{"not_picked":["Philosopher\u0027s Stone","Snecko Eye"],"picked":"Fusion Hammer"}],"items_purged_floors":[21,41],"is_endless":false,"potions_floor_spawned":[1,11,16,18,20,22,33,39,47,48],"killed_by":"Donu and Deca","ascension_level":0}