{"gold_per_floor":[116,66,26,26,26,26,42,61,61,102,117,117,117,140,140,263,263,281,406,301,322,335,335,335,163,163,176,176,195,195,211,211,331,331,355,40,40,40,61,61,121,121,121,121,0,13,13,36,36,36],"floor_reached":51,"playtime":4855,"items_purged":["Strike_G","Wraith Form v2+1"],"score":595,"play_id":"da9e9c08-eb7f-4320-9e73-a7b0c79184f1","local_time":"20190127010950","is_ascension_mode":false,"campfire_choices":[{"floor":6.0,"key":"REST"},{"data":"Envenom","floor":13.0,"key":"SMITH"},{"floor":15.0,"key":"REST"},{"floor":23.0,"key":"REST"},{"floor":24.0,"key":"REST"},{"data":"Infinite Blades","floor":28.0,"key":"SMITH"},{"data":"Infinite Blades","floor":30.0,"key":"SMITH"},{"floor":32.0,"key":"REST"},{"data":"Envenom","floor":40,"key":"SMITH"},{"floor":42,"key":"REST"},{"floor":44,"key":"REST"},{"floor":49,"key":"REST"}],"neow_cost":"NONE","seed_source_timestamp":0,"circlet_count":0,"master_deck":["Defend_G","Defend_G+1","Defend_G","Strike_G","Survivor","Neutralize+1","Crippling Poison","Cloak And Dagger","Noxious Fumes","Well Laid Plans","Acrobatics","Envenom+1","Prepared","Noxious Fumes","Glass Knife+1","Accuracy","Infinite Blades+1","Cloak And Dagger+1","Envenom+1","Bandage Up","Infinite Blades+1","Finisher+1","Footwork","Bane+1","Heel Hook+1","Dagger Throw+1","Sadistic Nature","Dash+1","Cloak And Dagger","Parasite","Footwork+1"],"special_seed":0,"relics":["Ring of the Snake","Golden Idol","Potion Belt","WingedGreaves","Molten Egg 2","Sozu","Gambling Chip","Paper Crane","Darkstone Periapt","Girya","Astrolabe","Tingsha","Sundial","Red Mask"],"potions_floor_usage":[50,50,50],"damage_taken":[{"damage":2.0,"enemies":"Small Slimes","floor":1.0,"turns":4.0},{"damage":0.0,"enemies":"2 Louse","floor":7.0,"turns":3.0},{"damage":1.0,"enemies":"Cultist","floor":8.0,"turns":4.0},{"damage":3.0,"enemies":"Lagavulin","floor":10.0,"turns":8.0},{"damage":0.0,"enemies":"Exordium Thugs","floor":11.0,"turns":5.0},{"damage":5.0,"enemies":"Blue Slaver","floor":14.0,"turns":4.0},{"damage":41.0,"enemies":"Slime Boss","floor":16.0,"turns":9.0},{"damage":9.0,"enemies":"Shell Parasite","floor":18.0,"turns":5.0},{"damage":21.0,"enemies":"Colosseum Slavers","floor":19.0,"turns":4.0},{"damage":21.0,"enemies":"Colosseum Nobs","floor":19.0,"turns":6.0},{"damage":2.0,"enemies":"Spheric Guardian","floor":21.0,"turns":5.0},{"damage":5.0,"enemies":"Snecko","floor":22.0,"turns":5.0},{"damage":10.0,"enemies":"3 Cultists","floor":27.0,"turns":5.0},{"damage":8.0,"enemies":"Centurion and Healer","floor":29.0,"turns":5.0},{"damage":7.0,"enemies":"Cultist and Chosen","floor":31.0,"turns":5.0},{"damage":27.0,"enemies":"Champ","floor":33.0,"turns":7.0},{"damage":7,"enemies":"Orb Walker","floor":35,"turns":3},{"damage":24,"enemies":"3 Darklings","floor":39,"turns":4},{"damage":43,"enemies":"2 Orb Walkers","floor":41,"turns":5},{"damage":20,"enemies":"Jaw Worm Horde","floor":46,"turns":4},{"damage":18,"enemies":"Writhing Mass","floor":48,"turns":5},{"damage":44,"enemies":"Time Eater","floor":50,"turns":9}],"seed_played":"-7029568970864639311","potions_obtained":[{"floor":8.0,"key":"GhostInAJar"},{"floor":10.0,"key":"PowerPotion"},{"floor":14.0,"key":"SteroidPotion"}],"is_trial":false,"path_per_floor":["M","?","$","?","?","R","M","M","T","E","M","?","R","M","R","B",null,"M","?","?","M","M","R","R","$","T","M","R","M","R","M","R","B",null,"M","$","?","?","M","R","?","R","T","R","?","M","$","M","R","B",null],"character_chosen":"THE_SILENT","items_purchased":["Noxious Fumes","Bandage Up","Sadistic Nature","Dash+1"],"campfire_rested":8,"item_purchase_floors":[3,25,36,36],"current_hp_per_floor":[68,68,68,51,37,58,58,57,57,54,54,54,54,49,70,29,70,61,19,19,17,12,33,54,54,54,48,48,44,44,41,62,39,70,63,63,76,76,52,52,13,35,35,57,57,37,37,29,53,13],"gold":36,"neow_bonus":"TRANSFORM_CARD","is_prod":false,"is_daily":false,"chose_seed":false,"campfire_upgraded":4,"win_rate":0,"timestamp":1548572990,"path_taken":["M","?","$","?","?","R","M","M","T","E","M","?","R","M","R","BOSS","M","?","?","?","M","R","R","?","T","M","R","M","R","M","R","BOSS","M","$","?","?","?","R","?","R","T","R","?","M","$","M","R","BOSS"],"build_version":"2019-01-23","purchased_purges":2,"victory":true,"max_hp_per_floor":[70,70,70,70,70,70,70,70,70,70,70,70,70,70,70,70,70,70,70,70,70,70,70,70,70,70,70,70,70,70,70,70,70,70,70,70,76,76,76,76,76,76,76,76,76,76,76,82,82,82],"card_choices":[{"not_picked":["Blade Dance","Flying Knee"],"picked":"Cloak And Dagger","floor":1.0},{"not_picked":["Cloak And Dagger","Blade Dance"],"picked":"Well Laid Plans","floor":7.0},{"not_picked":["Sucker Punch","Dodge and Roll"],"picked":"Acrobatics","floor":8.0},{"not_picked":["Leg Sweep","Dagger Throw"],"picked":"Envenom","floor":10.0},{"not_picked":["Sucker Punch","Dagger Throw"],"picked":"Prepared","floor":11.0},{"not_picked":["Poisoned Stab+1","Predator+1"],"picked":"Noxious Fumes","floor":14.0},{"not_picked":["Unload+1","Corpse Explosion"],"picked":"Glass Knife+1","floor":16.0},{"not_picked":["Predator+1","Finisher+1"],"picked":"Accuracy","floor":18.0},{"not_picked":["Cloak And Dagger","Noxious Fumes"],"picked":"Infinite Blades","floor":19.0},{"not_picked":["Blade Dance","Noxious Fumes+1"],"picked":"Cloak And Dagger+1","floor":21.0},{"not_picked":["Dodge and Roll+1","Dagger Throw+1"],"picked":"Envenom","floor":22.0},{"not_picked":["Terror","Dodge and Roll"],"picked":"Infinite Blades","floor":27.0},{"not_picked":["Deflect+1","Dash+1"],"picked":"Finisher+1","floor":29.0},{"not_picked":["Caltrops","Leg Sweep+1"],"picked":"Footwork","floor":31.0},{"not_picked":["Dodge and Roll+1","Acrobatics+1"],"picked":"Dagger Throw+1","floor":35},{"not_picked":["Eviscerate+1","Sucker Punch+1"],"picked":"Cloak And Dagger","floor":39},{"not_picked":["Prepared","Caltrops+1","Dodge and Roll+1"],"picked":"SKIP","floor":46},{"not_picked":["Deadly Poison","Backstab+1"],"picked":"Footwork+1","floor":48}],"player_experience":126147,"relics_obtained":[{"floor":9.0,"key":"Potion Belt"},{"floor":10.0,"key":"WingedGreaves"},{"floor":19.0,"key":"Gambling Chip"},{"floor":19.0,"key":"Paper Crane"},{"floor":26.0,"key":"Girya"},{"floor":41,"key":"Tingsha"},{"floor":43,"key":"Sundial"}],"event_choices":[{"cards_removed":["Defend_G"],"damage_healed":0.0,"max_hp_gain":0.0,"max_hp_loss":0.0,"gold_gain":0.0,"event_name":"The Cleric","player_choice":"Card Removal","floor":2.0,"gold_loss":50.0,"damage_taken":0.0},{"damage_healed":0.0,"max_hp_gain":0.0,"max_hp_loss":0.0,"gold_gain":0.0,"event_name":"Golden Idol","player_choice":"Take Damage","floor":4.0,"gold_loss":0.0,"damage_taken":17.0,"relics_obtained":["Golden Idol"]},{"damage_healed":0.0,"max_hp_gain":0.0,"max_hp_loss":0.0,"gold_gain":0.0,"event_name":"Shining Light","player_choice":"Entered Light","floor":5.0,"gold_loss":0.0,"damage_taken":14.0,"cards_upgraded":["Defend_G","Neutralize"]},{"damage_healed":0.0,"max_hp_gain":0.0,"max_hp_loss":0.0,"gold_gain":0.0,"event_name":"Dead Adventurer","player_choice":"Searched \u00272\u0027 times","floor":12.0,"gold_loss":0.0,"damage_taken":0.0,"relics_obtained":["Molten Egg 2"]},{"damage_healed":0.0,"max_hp_gain":0.0,"max_hp_loss":0.0,"gold_gain":0.0,"event_name":"Colosseum","player_choice":"Fight","floor":19.0,"gold_loss":0.0,"damage_taken":0.0},{"damage_healed":0.0,"max_hp_gain":0.0,"max_hp_loss":0.0,"gold_gain":0.0,"event_name":"Colosseum","player_choice":"Fought Nobs","floor":19.0,"gold_loss":0.0,"damage_taken":0.0},{"damage_healed":0.0,"max_hp_gain":0.0,"max_hp_loss":0.0,"gold_gain":0.0,"event_name":"WeMeetAgain","player_choice":"Paid Gold","floor":20.0,"gold_loss":105.0,"damage_taken":0.0,"relics_obtained":["Darkstone Periapt"]},{"damage_healed":18,"gold_gain":0,"player_choice":"Writhe","damage_taken":0,"max_hp_gain":0,"max_hp_loss":0,"event_name":"Winding Halls","floor":37,"gold_loss":0,"cards_obtained":["Writhe"]},{"cards_removed":["Writhe"],"damage_healed":0,"gold_gain":0,"player_choice":"Purged","damage_taken":0,"max_hp_gain":0,"max_hp_loss":0,"event_name":"Purifier","floor":38,"gold_loss":0},{"damage_healed":0,"gold_gain":0,"player_choice":"Fight","damage_taken":0,"max_hp_gain":0,"max_hp_loss":0,"event_name":"Mysterious Sphere","floor":41,"gold_loss":0},{"damage_healed":0,"gold_gain":0,"player_choice":"Paid","damage_taken":0,"relics_obtained":["Red Mask"],"max_hp_gain":0,"max_hp_loss":0,"event_name":"Tomb of Lord Red Mask","floor":45,"gold_loss":121}],"is_beta":false,"boss_relics":[{"not_picked":["Velvet Choker","Eternal Feather"],"picked":"Sozu"},{"not_picked":["Ring of the Serpent","Philosopher\u0027s Stone"],"picked":"Astrolabe"}],"items_purged_floors":[25,36],"is_endless":false,"potions_floor_spawned":[8,10,14,18,27,31,35,39,48],"ascension_level":0}