{"gold_per_floor":[119,119,129,141,154,154,169,169,169,169,47,61,72,89,89,89],"floor_reached":16,"playtime":868,"items_purged":["Strike_B"],"score":96,"play_id":"f2f88900-7ead-4eb6-9532-0906527dec13","local_time":"20190526235951","is_ascension_mode":false,"campfire_choices":[{"data":"Fusion","floor":6,"key":"SMITH"},{"data":"Dualcast","floor":8,"key":"SMITH"},{"data":"Zap","floor":10,"key":"SMITH"},{"floor":15,"key":"REST"}],"neow_cost":"PERCENT_DAMAGE","seed_source_timestamp":882999528977800,"circlet_count":0,"master_deck":["Strike_B","Defend_B","Defend_B","Defend_B","Zap+1","Dualcast+1","Recycle","Leap","Fusion+1","Conserve Battery","Sweeping Beam","Redo","Genetic Algorithm","Streamline","Redo","Redo"],"relics":["Cracked Core"],"potions_floor_usage":[13],"damage_taken":[{"damage":5,"enemies":"Small Slimes","floor":1,"turns":3},{"damage":1,"enemies":"Cultist","floor":3,"turns":5},{"damage":3,"enemies":"2 Louse","floor":4,"turns":3},{"damage":5,"enemies":"Looter","floor":5,"turns":4},{"damage":14,"enemies":"Large Slime","floor":7,"turns":6},{"damage":0,"enemies":"Exordium Wildlife","floor":12,"turns":4},{"damage":4,"enemies":"3 Louse","floor":13,"turns":3},{"damage":3,"enemies":"Red Slaver","floor":14,"turns":3},{"damage":38,"enemies":"Slime Boss","floor":16,"turns":9}],"seed_played":"2177588833762554817","potions_obtained":[{"floor":1,"key":"Energy Potion"},{"floor":7,"key":"Strength Potion"}],"is_trial":false,"path_per_floor":["M","?","M","M","M","R","M","R","T","R","$","M","M","M","R","B"],"character_chosen":"DEFECT","items_purchased":["Streamline"],"campfire_rested":1,"item_purchase_floors":[11],"current_hp_per_floor":[49,49,48,45,40,40,26,26,26,26,26,26,22,19,41,3],"gold":89,"neow_bonus":"TRANSFORM_TWO_CARDS","is_prod":false,"is_daily":false,"chose_seed":false,"campfire_upgraded":3,"win_rate":0,"timestamp":1558933191,"path_taken":["M","?","M","M","M","R","M","R","T","R","?","M","M","M","R","BOSS"],"build_version":"2019-01-23","purchased_purges":1,"victory":false,"max_hp_per_floor":[75,75,75,75,75,75,75,75,75,75,75,75,75,75,75,75],"card_choices":[{"not_picked":["Heatsinks","Hologram"],"picked":"Fusion","floor":1},{"not_picked":["BootSequence","Capacitor"],"picked":"Conserve Battery","floor":3},{"not_picked":["Cold Snap","Conserve Battery"],"picked":"Sweeping Beam","floor":4},{"not_picked":["Compile Driver","Hologram"],"picked":"Redo","floor":5},{"not_picked":["Leap","Heatsinks"],"picked":"Genetic Algorithm","floor":7},{"not_picked":["BootSequence","White Noise"],"picked":"Redo","floor":12},{"not_picked":["Barrage","Tempest","Glacier"],"picked":"SKIP","floor":13},{"not_picked":["Aggregate","Ball Lightning"],"picked":"Redo","floor":14}],"player_experience":268933,"relics_obtained":[],"event_choices":[{"cards_removed":["Defend_B"],"damage_healed":0,"gold_gain":0,"player_choice":"Purged","damage_taken":0,"max_hp_gain":0,"max_hp_loss":0,"event_name":"Purifier","floor":2,"gold_loss":0}],"is_beta":false,"boss_relics":[],"items_purged_floors":[11],"is_endless":false,"potions_floor_spawned":[1,7],"killed_by":"Slime Boss","ascension_level":0}