{"gold_per_floor":[113,129,143,163,163,189,189,204,204,204,222,222,239,36,36,131,131,141,151,170,187,187,187],"floor_reached":23,"playtime":1889,"items_purged":["Strike_B"],"score":197,"play_id":"ffb02e82-f0cc-4a49-b47f-42ae63ea2db4","local_time":"20190317193202","is_ascension_mode":false,"campfire_choices":[{"data":"Creative AI","floor":7,"key":"SMITH"},{"floor":10,"key":"REST"},{"data":"Capacitor","floor":12,"key":"SMITH"},{"data":"Defragment","floor":15,"key":"SMITH"}],"neow_cost":"NONE","seed_source_timestamp":437547869293756,"circlet_count":0,"master_deck":["Strike_B","Defend_B","Defend_B","Defend_B","Defend_B","Zap","Dualcast","Capacitor+1","Conserve Battery","Undo","Cold Snap","Creative AI+1","Streamline","Hello World","Force Field","Defragment+1","Storm","Turbo","Echo Form","BootSequence","Turbo+1","Redo+1"],"relics":["Cracked Core","StoneCalendar","Dream Catcher","White Beast Statue"],"potions_floor_usage":[6,8,11,16,19,21,23,23],"damage_taken":[{"damage":0,"enemies":"2 Louse","floor":1,"turns":3},{"damage":1,"enemies":"Cultist","floor":2,"turns":4},{"damage":1,"enemies":"Jaw Worm","floor":3,"turns":4},{"damage":5,"enemies":"Looter","floor":4,"turns":3},{"damage":18,"enemies":"Gremlin Nob","floor":6,"turns":6},{"damage":4,"enemies":"Lots of Slimes","floor":8,"turns":2},{"damage":2,"enemies":"3 Louse","floor":11,"turns":5},{"damage":14,"enemies":"Large Slime","floor":13,"turns":7},{"damage":12,"enemies":"Slime Boss","floor":16,"turns":6},{"damage":17,"enemies":"3 Byrds","floor":18,"turns":7},{"damage":0,"enemies":"Chosen","floor":19,"turns":3},{"damage":5,"enemies":"Snecko","floor":20,"turns":5},{"damage":24,"enemies":"Centurion and Healer","floor":21,"turns":5},{"damage":39,"enemies":"Gremlin Leader","floor":23,"turns":3}],"seed_played":"-4605835390471918845","potions_obtained":[{"floor":1,"key":"AttackPotion"},{"floor":6,"key":"Explosive Potion"},{"floor":8,"key":"Energy Potion"},{"floor":11,"key":"SkillPotion"},{"floor":16,"key":"Energy Potion"},{"floor":18,"key":"SkillPotion"},{"floor":19,"key":"Fruit Juice"},{"floor":20,"key":"SteroidPotion"},{"floor":21,"key":"EssenceOfSteel"}],"is_trial":false,"path_per_floor":["?","M","?"],"character_chosen":"DEFECT","items_purchased":["Storm","Turbo"],"campfire_rested":1,"item_purchase_floors":[14,14],"current_hp_per_floor":[75,74,73,68,68,50,50,46,46,68,66,66,52,52,52,40,75,58,63,58,34,34,0],"gold":187,"neow_bonus":"REMOVE_CARD","is_prod":false,"is_daily":false,"chose_seed":false,"campfire_upgraded":3,"win_rate":0,"timestamp":1552865522,"path_taken":["M","M","M","M","?","E","R","M","T","R","M","R","M","$","R","BOSS","M","M","?","M","?","E"],"build_version":"2019-01-23","purchased_purges":1,"victory":false,"max_hp_per_floor":[75,75,75,75,75,75,75,75,75,75,75,75,75,75,75,75,75,75,80,80,80,80,80],"card_choices":[{"not_picked":["Redo","Turbo"],"picked":"Capacitor","floor":1},{"not_picked":["Cold Snap","White Noise"],"picked":"Conserve Battery","floor":2},{"not_picked":["Turbo","Beam Cell"],"picked":"Undo","floor":3},{"not_picked":["Stack","Melter"],"picked":"Cold Snap","floor":4},{"not_picked":["Reprogram","Core Surge"],"picked":"Creative AI","floor":6},{"not_picked":["Stack","Sweeping Beam"],"picked":"Streamline","floor":8},{"not_picked":["Beam Cell","Rebound"],"picked":"Hello World","floor":10},{"not_picked":["Streamline","Barrage"],"picked":"Force Field","floor":11},{"not_picked":["Heatsinks","Doom and Gloom"],"picked":"Defragment","floor":13},{"not_picked":["Machine Learning","Multi-Cast"],"picked":"Echo Form","floor":16},{"not_picked":["Consume","Blizzard"],"picked":"BootSequence","floor":18},{"not_picked":["Ball Lightning+1","Sweeping Beam+1"],"picked":"Turbo+1","floor":19},{"not_picked":["Go for the Eyes","Tempest"],"picked":"Redo+1","floor":20},{"not_picked":["Hologram","Cold Snap","Streamline"],"picked":"SKIP","floor":21}],"player_experience":289229,"relics_obtained":[{"floor":6,"key":"StoneCalendar"},{"floor":9,"key":"Dream Catcher"}],"event_choices":[{"damage_healed":0,"gold_gain":0,"player_choice":"Bought 0 Potions","damage_taken":0,"max_hp_gain":0,"max_hp_loss":0,"event_name":"The Woman in Blue","floor":5,"gold_loss":0},{"cards_removed":["Strike_B"],"damage_healed":0,"gold_gain":0,"player_choice":"Offered Basic","damage_taken":0,"max_hp_gain":0,"max_hp_loss":0,"event_name":"Bonfire Elementals","floor":22,"gold_loss":0}],"is_beta":false,"boss_relics":[{"not_picked":["Ectoplasm","Tiny House"],"picked":"White Beast Statue"}],"items_purged_floors":[14],"is_endless":false,"potions_floor_spawned":[1,6,8,11,16,18,19,20,21],"killed_by":"Gremlin Leader","ascension_level":0}