{"gold_per_floor":[117,117,132,132,151,186,186,216,242,242,242,242,167,182,182,286,286,302,302,302,352,371,371,42,69,130,142,154,247,259,291,303,420,432,464,626,664,692,65,99,99,134,184,184,218,229,229,239,239,239,239,239,114,142,142],"floor_reached":56,"playtime":10782,"items_purged":["Strike_G","Injury","Strike_G"],"score":1954,"play_id":"44e54d9f-87a5-4333-8f9e-18331dd4d444","local_time":"20190602134913","is_ascension_mode":true,"campfire_choices":[{"data":"Neutralize","floor":7.0,"key":"SMITH"},{"data":"Die Die Die","floor":10.0,"key":"SMITH"},{"data":"Dark Shackles","floor":12.0,"key":"SMITH"},{"data":"Catalyst","floor":15.0,"key":"SMITH"},{"data":"Ghostly","floor":23.0,"key":"SMITH"},{"data":"Ghostly","floor":27.0,"key":"SMITH"},{"floor":30.0,"key":"REST"},{"data":"Ghostly","floor":32.0,"key":"SMITH"},{"data":"Ghostly","floor":41.0,"key":"SMITH"},{"data":"Ghostly","floor":44.0,"key":"SMITH"},{"data":"Concentrate","floor":47.0,"key":"SMITH"},{"floor":49.0,"key":"RECALL"},{"data":"Dodge and Roll","floor":52.0,"key":"SMITH"}],"neow_cost":"NONE","seed_source_timestamp":0,"circlet_count":0,"master_deck":["AscendersBane","Defend_G","Defend_G+1","Defend_G","Defend_G","Defend_G+1","Strike_G","Strike_G","Strike_G","Survivor","Neutralize+1","Poisoned Stab","Neutralize+1","Die Die Die+1","Dark Shackles+1","Endless Agony","Dodge and Roll+1","Catalyst+1","Leg Sweep","Bullet Time","Flechettes+1","Ghostly+1","Ghostly+1","Ghostly+1","Ghostly+1","Ghostly+1","Crippling Poison","Noxious Fumes+1","Backflip","Concentrate+1","Parasite","Catalyst+1","After Image+1"],"special_seed":0,"relics":["Runic Pyramid","Strawberry","Snake Skull","Juzu Bracelet","Pen Nib","Cursed Key","SsserpentHead","Nilry\u0027s Codex","Frozen Egg 2","MawBank","Ancient Tea Set","Red Mask","Sozu","Du-Vu Doll","Pantograph","OrangePellets","Boot","War Paint","Vajra","Bottled Lightning"],"potions_floor_usage":[55],"damage_taken":[{"damage":0.0,"enemies":"Cultist","floor":1.0,"turns":4.0},{"damage":1.0,"enemies":"2 Louse","floor":3.0,"turns":3.0},{"damage":0.0,"enemies":"Small Slimes","floor":5.0,"turns":3.0},{"damage":8.0,"enemies":"Lagavulin","floor":6.0,"turns":8.0},{"damage":8.0,"enemies":"3 Sentries","floor":8.0,"turns":9.0},{"damage":0.0,"enemies":"3 Louse","floor":14.0,"turns":3.0},{"damage":23.0,"enemies":"Slime Boss","floor":16.0,"turns":17.0},{"damage":9.0,"enemies":"2 Thieves","floor":18.0,"turns":4.0},{"damage":0.0,"enemies":"Shell Parasite","floor":22.0,"turns":4.0},{"damage":1.0,"enemies":"Slavers","floor":25.0,"turns":6.0},{"damage":18.0,"enemies":"Masked Bandits","floor":29.0,"turns":5.0},{"damage":0.0,"enemies":"Centurion and Healer","floor":31.0,"turns":6.0},{"damage":0.0,"enemies":"Collector","floor":33.0,"turns":7.0},{"damage":0.0,"enemies":"3 Shapes","floor":35.0,"turns":6.0},{"damage":0.0,"enemies":"Mind Bloom Boss Battle","floor":36.0,"turns":6.0},{"damage":2.0,"enemies":"Orb Walker","floor":37.0,"turns":4.0},{"damage":0.0,"enemies":"Maw","floor":38.0,"turns":9.0},{"damage":0.0,"enemies":"Giant Head","floor":40.0,"turns":7.0},{"damage":1.0,"enemies":"Nemesis","floor":42.0,"turns":9.0},{"damage":2.0,"enemies":"Reptomancer","floor":45.0,"turns":7.0},{"damage":0.0,"enemies":"3 Darklings","floor":46.0,"turns":4.0},{"damage":0.0,"enemies":"Spire Growth","floor":48.0,"turns":4.0},{"damage":23.0,"enemies":"Time Eater","floor":50.0,"turns":8.0},{"damage":1.0,"enemies":"Shield and Spear","floor":54.0,"turns":6.0},{"damage":22,"enemies":"The Heart","floor":55,"turns":12}],"seed_played":"-3540185357921992446","potions_obtained":[{"floor":1.0,"key":"EssenceOfSteel"},{"floor":3.0,"key":"SpeedPotion"},{"floor":6.0,"key":"SpeedPotion"},{"floor":16.0,"key":"GamblersBrew"},{"floor":22.0,"key":"Dexterity Potion"},{"floor":29.0,"key":"Regen Potion"},{"floor":33.0,"key":"LiquidBronze"}],"is_trial":false,"path_per_floor":["M","?","M","?","M","E","R","E","T","R","?","R","$","M","R","B",null,"M","?","?","?","M","R","$","E","T","R","$","?","R","M","R","B",null,"M","?","M","M","$","E","R","E","T","R","E","M","R","M","R","B",null,"R","$","E","B",null],"character_chosen":"THE_SILENT","items_purchased":["Frozen Egg 2","Noxious Fumes+1","Pantograph","OrangePellets","Concentrate"],"campfire_rested":1,"item_purchase_floors":[24,24,39,39,39],"current_hp_per_floor":[63,63,62,62,62,61,61,53,53,53,35,35,35,35,35,12,61,52,38,38,22,22,22,22,21,21,21,21,3,14,28,28,28,36,36,36,34,34,34,34,34,33,33,33,31,31,31,31,31,15,32,32,32,31,16],"gold":142,"neow_bonus":"BOSS_RELIC","is_prod":false,"is_daily":false,"chose_seed":false,"campfire_upgraded":11,"win_rate":0,"timestamp":1559463553,"path_taken":["M","?","?","?","M","E","R","E","T","R","?","R","$","M","R","BOSS","M","?","?","?","M","R","$","E","T","R","$","?","R","M","R","BOSS","M","?","M","M","$","E","R","E","T","R","E","M","R","M","R","BOSS","R","$","E","BOSS"],"build_version":"2019-01-23","purchased_purges":3,"victory":true,"max_hp_per_floor":[70,70,70,70,70,77,77,77,77,77,77,77,77,77,77,77,77,77,38,38,38,38,38,38,38,38,38,38,38,38,38,38,38,38,38,38,38,38,38,38,38,38,38,38,38,38,38,38,38,38,38,38,38,38,38],"card_choices":[{"not_picked":["Choke","All Out Attack"],"picked":"Poisoned Stab","floor":1.0},{"not_picked":["Acrobatics","Accuracy"],"picked":"Endless Agony","floor":3.0},{"not_picked":["Riddle With Holes","Sucker Punch"],"picked":"Dodge and Roll","floor":5.0},{"not_picked":["Skewer","Underhanded Strike"],"picked":"Catalyst","floor":6.0},{"not_picked":["Backflip","Slice","Predator"],"picked":"SKIP","floor":8.0},{"not_picked":["Cloak And Dagger","Dagger Throw"],"picked":"Leg Sweep","floor":14.0},{"not_picked":["Malaise","Storm of Steel"],"picked":"Bullet Time","floor":16.0},{"not_picked":["Endless Agony","Well Laid Plans"],"picked":"Flechettes+1","floor":18.0},{"not_picked":["Concentrate","Underhanded Strike"],"picked":"Crippling Poison","floor":22.0},{"not_picked":["Dagger Throw+1","Flying Knee","Blade Dance"],"picked":"SKIP","floor":25.0},{"not_picked":["Bane","Cloak And Dagger"],"picked":"Backflip","floor":29.0},{"not_picked":["Acrobatics+1","Blade Dance","Flying Knee"],"picked":"SKIP","floor":31.0},{"not_picked":["Crippling Poison","Eviscerate+1","Bane"],"picked":"SKIP","floor":35.0},{"not_picked":["Quick Slash","Leg Sweep","Masterful Stab+1"],"picked":"SKIP","floor":37.0},{"not_picked":["Reflex+1","Quick Slash","PiercingWail"],"picked":"SKIP","floor":38.0},{"not_picked":["Outmaneuver","Dodge and Roll+1","Underhanded Strike"],"picked":"SKIP","floor":40.0},{"not_picked":["Blur","Deadly Poison+1","Escape Plan"],"picked":"SKIP","floor":42.0},{"not_picked":["Calculated Gamble","Blade Dance"],"picked":"Catalyst+1","floor":45.0},{"not_picked":["Masterful Stab","Dagger Throw+1","Escape Plan"],"picked":"SKIP","floor":46.0},{"not_picked":["Riddle With Holes+1","Bane","Blade Dance"],"picked":"SKIP","floor":48.0},{"not_picked":["Slice","Escape Plan+1"],"picked":"After Image+1","floor":54.0}],"player_experience":1082932,"relics_obtained":[{"floor":6.0,"key":"Strawberry"},{"floor":8.0,"key":"Snake Skull"},{"floor":9.0,"key":"Juzu Bracelet"},{"floor":21.0,"key":"Nilry\u0027s Codex"},{"floor":25.0,"key":"MawBank"},{"floor":26.0,"key":"Ancient Tea Set"},{"floor":29.0,"key":"Red Mask"},{"floor":36.0,"key":"Du-Vu Doll"},{"floor":40.0,"key":"Boot"},{"floor":42.0,"key":"War Paint"},{"floor":45.0,"key":"Vajra"},{"floor":54.0,"key":"Bottled Lightning"}],"event_choices":[{"damage_healed":0.0,"max_hp_gain":0.0,"max_hp_loss":0.0,"gold_gain":0.0,"event_name":"Match and Keep!","player_choice":"3 cards matched","floor":2.0,"gold_loss":0.0,"damage_taken":0.0,"cards_obtained":["Neutralize","Die Die Die","Dark Shackles"]},{"damage_healed":0.0,"max_hp_gain":0.0,"max_hp_loss":0.0,"gold_gain":0.0,"event_name":"Accursed Blacksmith","player_choice":"Forge","floor":4.0,"gold_loss":0.0,"damage_taken":0.0,"cards_upgraded":["Neutralize"]},{"damage_healed":0.0,"max_hp_gain":0.0,"max_hp_loss":0.0,"gold_gain":0.0,"event_name":"Scrap Ooze","player_choice":"Success","floor":11.0,"gold_loss":0.0,"damage_taken":18.0,"relics_obtained":["Pen Nib"]},{"damage_healed":0.0,"max_hp_gain":0.0,"max_hp_loss":39.0,"gold_gain":0.0,"event_name":"Ghosts","player_choice":"Became a Ghost","floor":19.0,"gold_loss":0.0,"damage_taken":0.0,"cards_obtained":["Ghostly","Ghostly","Ghostly","Ghostly","Ghostly"]},{"damage_healed":0.0,"max_hp_gain":0.0,"max_hp_loss":0.0,"gold_gain":0.0,"event_name":"FaceTrader","player_choice":"Trade","floor":20.0,"gold_loss":0.0,"damage_taken":0.0,"relics_obtained":["SsserpentHead"]},{"damage_healed":0.0,"max_hp_gain":0.0,"max_hp_loss":0.0,"gold_gain":0.0,"event_name":"Cursed Tome","player_choice":"Obtained Book","floor":21.0,"gold_loss":0.0,"damage_taken":16.0},{"damage_healed":0.0,"max_hp_gain":0.0,"max_hp_loss":0.0,"gold_gain":0.0,"event_name":"Masked Bandits","player_choice":"Fought Bandits","floor":29.0,"gold_loss":0.0,"damage_taken":0.0},{"damage_healed":0.0,"max_hp_gain":0.0,"max_hp_loss":0.0,"gold_gain":0.0,"event_name":"MindBloom","player_choice":"Fight","floor":36.0,"gold_loss":0.0,"damage_taken":0.0}],"is_beta":false,"boss_relics":[{"not_picked":["Orrery","Black Star"],"picked":"Cursed Key"},{"not_picked":["WristBlade","HoveringKite"],"picked":"Sozu"}],"items_purged_floors":[13,39,53],"is_endless":false,"potions_floor_spawned":[1,3,6,16,22,29,33,35,38,40,42,46,54],"ascension_level":12}