{"gold_per_floor":[119,119,133,308,308,308,318,318,318,334,363,383,363,377,377,377],"floor_reached":16,"playtime":861,"items_purged":[],"score":100,"play_id":"b94db9bb-486f-42a7-a052-6f96b955c5ed","local_time":"20190113185951","is_ascension_mode":false,"campfire_choices":[{"data":"Heatsinks","floor":6,"key":"SMITH"},{"data":"Defragment","floor":8,"key":"SMITH"},{"floor":15,"key":"REST"}],"neow_cost":"NONE","seed_source_timestamp":336379610184801,"circlet_count":0,"master_deck":["Strike_B","Strike_B","Strike_B","Defend_B","Defend_B","Defend_B","Defend_B","Zap","Dualcast","BootSequence","Heatsinks+1","Sweeping Beam","Doubt","Enlightenment","Defragment+1","Sweeping Beam","Rebound","Redo","Conserve Battery"],"relics":["Cracked Core","NeowsBlessing","Bag of Preparation","Bottled Flame","Odd Mushroom"],"potions_floor_usage":[],"damage_taken":[{"damage":0,"enemies":"Small Slimes","floor":1,"turns":1},{"damage":0,"enemies":"Cultist","floor":3,"turns":1},{"damage":0,"enemies":"Jaw Worm","floor":7,"turns":1},{"damage":11,"enemies":"2 Fungi Beasts","floor":10,"turns":4},{"damage":28,"enemies":"Gremlin Nob","floor":11,"turns":4},{"damage":28,"enemies":"The Mushroom Lair","floor":12,"turns":4},{"damage":0,"enemies":"Red Slaver","floor":14,"turns":3},{"damage":30,"enemies":"Slime Boss","floor":16,"turns":3}],"seed_played":"1252980745685275683","potions_obtained":[{"floor":1,"key":"Dexterity Potion"},{"floor":12,"key":"EntropicBrew"},{"floor":13,"key":"EntropicBrew"},{"floor":14,"key":"PowerPotion"}],"is_trial":false,"path_per_floor":["M","?","M","?","?","R","M","R","T","M","E","?","?","M","R","B"],"character_chosen":"DEFECT","items_purchased":[],"campfire_rested":1,"item_purchase_floors":[],"current_hp_per_floor":[75,75,75,75,75,75,75,75,75,64,36,8,8,8,30,0],"gold":377,"neow_bonus":"THREE_ENEMY_KILL","is_prod":false,"is_daily":false,"chose_seed":false,"campfire_upgraded":2,"win_rate":0,"timestamp":1547427591,"path_taken":["M","?","?","?","?","R","M","R","T","?","E","?","?","?","R","BOSS"],"build_version":"2019-01-10","purchased_purges":0,"victory":false,"max_hp_per_floor":[75,75,75,75,75,75,75,75,75,75,75,75,75,75,75,75],"card_choices":[{"not_picked":["Barrage","Beam Cell"],"picked":"BootSequence","floor":1},{"not_picked":["Force Field","Turbo"],"picked":"Sweeping Beam","floor":3},{"not_picked":["Genetic Algorithm","Barrage"],"picked":"Defragment","floor":7},{"not_picked":["Turbo","Auto Shields"],"picked":"Sweeping Beam","floor":10},{"not_picked":["Cold Snap","Double Energy"],"picked":"Rebound","floor":11},{"not_picked":["Stack","Gash"],"picked":"Redo","floor":12},{"not_picked":["All For One","Steam"],"picked":"Conserve Battery","floor":14}],"player_experience":79548,"relics_obtained":[{"floor":9,"key":"Bag of Preparation"},{"floor":11,"key":"Bottled Flame"},{"floor":12,"key":"Odd Mushroom"}],"event_choices":[{"damage_healed":0,"gold_gain":0,"cards_transformed":["Strike_B"],"player_choice":"Transformed","damage_taken":0,"max_hp_gain":0,"max_hp_loss":0,"event_name":"Transmorgrifier","floor":2,"gold_loss":0,"cards_obtained":["Heatsinks"]},{"damage_healed":0,"gold_gain":175,"player_choice":"AGREE","damage_taken":0,"max_hp_gain":0,"max_hp_loss":0,"event_name":"Liars Game","floor":4,"gold_loss":0,"cards_obtained":["Doubt"]},{"damage_healed":0,"gold_gain":0,"player_choice":"1 cards matched","damage_taken":0,"max_hp_gain":0,"max_hp_loss":0,"event_name":"Match and Keep!","floor":5,"gold_loss":0,"cards_obtained":["Enlightenment"]},{"damage_healed":0,"gold_gain":0,"player_choice":"Fought Mushrooms","damage_taken":0,"max_hp_gain":0,"max_hp_loss":0,"event_name":"Mushrooms","floor":12,"gold_loss":0},{"damage_healed":0,"gold_gain":0,"player_choice":"Bought 1 Potion","damage_taken":0,"max_hp_gain":0,"max_hp_loss":0,"event_name":"The Woman in Blue","floor":13,"gold_loss":0}],"is_beta":false,"boss_relics":[],"items_purged_floors":[],"is_endless":false,"potions_floor_spawned":[1,12,14],"killed_by":"Slime Boss","ascension_level":0}