{"gold_per_floor":[116,116,129,142,157,157,168,168,168,168,30,40,40,65,65,144,144,160,160,140,140],"floor_reached":21,"playtime":508,"items_purged":[],"score":313,"play_id":"292a374b-b01d-4fbf-9a8e-0ea7226ff7a2","local_time":"20190409041830","is_ascension_mode":true,"campfire_choices":[{"data":"Body Slam","floor":6,"key":"SMITH"},{"data":"Inflame","floor":13,"key":"SMITH"},{"data":"Pommel Strike","floor":15,"key":"SMITH"}],"neow_cost":"NONE","seed_source_timestamp":193866809174140,"circlet_count":0,"master_deck":["AscendersBane","Strike_R","Strike_R","Strike_R","Strike_R","Defend_R","Defend_R","Defend_R","Defend_R","Bash","Thunderclap","Pommel Strike+1","Flame Barrier","Body Slam+1","Cleave","Panacea","Inflame+1","Juggernaut","Shrug It Off"],"relics":["Burning Blood","Strawberry","Anchor","Dream Catcher","White Beast Statue"],"potions_floor_usage":[16,18,21],"damage_taken":[{"damage":7,"enemies":"Small Slimes","floor":1,"turns":4},{"damage":6,"enemies":"2 Louse","floor":3,"turns":3},{"damage":12,"enemies":"Jaw Worm","floor":4,"turns":3},{"damage":11,"enemies":"Exordium Wildlife","floor":5,"turns":6},{"damage":17,"enemies":"Looter","floor":7,"turns":3},{"damage":0,"enemies":"Large Slime","floor":12,"turns":4},{"damage":55,"enemies":"Slime Boss","floor":16,"turns":14},{"damage":58,"enemies":"Shell Parasite","floor":18,"turns":8},{"damage":31,"enemies":"Spheric Guardian","floor":21,"turns":5}],"seed_played":"-319011341208317870","potions_obtained":[{"floor":4,"key":"Block Potion"},{"floor":5,"key":"GamblersBrew"},{"floor":7,"key":"Regen Potion"},{"floor":16,"key":"Energy Potion"},{"floor":18,"key":"Ancient Potion"}],"is_trial":false,"path_per_floor":["M","?","M","M","M","R","M","?","T","?","$","M","R","T","R","B",null,"M","?","?","M"],"character_chosen":"IRONCLAD","items_purchased":["Panacea","Inflame"],"campfire_rested":0,"item_purchase_floors":[11,11],"current_hp_per_floor":[67,60,60,54,49,49,38,43,50,50,50,56,56,56,56,7,67,15,15,15,0],"gold":140,"neow_bonus":"THREE_CARDS","is_prod":false,"is_daily":false,"chose_seed":false,"campfire_upgraded":3,"win_rate":0,"timestamp":1554751110,"path_taken":["M","?","M","M","M","R","M","?","T","?","$","?","R","?","R","BOSS","M","?","?","M"],"build_version":"2019-01-23","purchased_purges":0,"victory":false,"max_hp_per_floor":[75,75,75,75,75,75,75,80,87,87,87,87,87,87,87,87,87,87,87,87,87],"card_choices":[{"not_picked":["Clothesline","Intimidate"],"picked":"Thunderclap","floor":0},{"not_picked":["Heavy Blade","Clothesline"],"picked":"Pommel Strike","floor":1},{"not_picked":["True Grit","Sword Boomerang"],"picked":"Flame Barrier","floor":3},{"not_picked":["Power Through","Headbutt"],"picked":"Body Slam","floor":4},{"not_picked":["Clash","Dual Wield","Twin Strike"],"picked":"SKIP","floor":5},{"not_picked":["Armaments","Metallicize"],"picked":"Cleave","floor":7},{"not_picked":["Twin Strike","Havoc","Wild Strike"],"picked":"SKIP","floor":12},{"not_picked":["Brutality","Exhume"],"picked":"Juggernaut","floor":16},{"not_picked":["Cleave","Havoc"],"picked":"Shrug It Off","floor":18}],"player_experience":442318,"relics_obtained":[{"floor":9,"key":"Strawberry"},{"floor":14,"key":"Dream Catcher"}],"event_choices":[{"cards_removed":["Strike_R"],"damage_healed":0,"gold_gain":0,"player_choice":"Card Removal","damage_taken":7,"max_hp_gain":0,"max_hp_loss":0,"event_name":"Golden Wing","floor":2,"gold_loss":0},{"damage_healed":0,"gold_gain":0,"player_choice":"Donut","damage_taken":0,"max_hp_gain":5,"max_hp_loss":0,"event_name":"Big Fish","floor":8,"gold_loss":0},{"damage_healed":0,"gold_gain":0,"player_choice":"Searched \u00272\u0027 times","damage_taken":0,"relics_obtained":["Anchor"],"max_hp_gain":0,"max_hp_loss":0,"event_name":"Dead Adventurer","floor":10,"gold_loss":0},{"damage_healed":0,"gold_gain":0,"player_choice":"Searched \u00272\u0027 times","damage_taken":0,"relics_obtained":["Anchor"],"max_hp_gain":0,"max_hp_loss":0,"event_name":"Dead Adventurer","floor":10,"gold_loss":0},{"damage_healed":0,"gold_gain":0,"player_choice":"Searched \u00272\u0027 times","damage_taken":0,"relics_obtained":["Anchor"],"max_hp_gain":0,"max_hp_loss":0,"event_name":"Dead Adventurer","floor":10,"gold_loss":0},{"damage_healed":0,"gold_gain":0,"player_choice":"Ignored","damage_taken":0,"max_hp_gain":0,"max_hp_loss":0,"event_name":"The Mausoleum","floor":19,"gold_loss":0},{"damage_healed":0,"gold_gain":0,"player_choice":"Bought 1 Potion","damage_taken":0,"max_hp_gain":0,"max_hp_loss":0,"event_name":"The Woman in Blue","floor":20,"gold_loss":0}],"is_beta":false,"boss_relics":[{"not_picked":["Snecko Eye","Ectoplasm"],"picked":"White Beast Statue"}],"items_purged_floors":[],"is_endless":false,"potions_floor_spawned":[4,5,7,16,18],"killed_by":"Spheric Guardian","ascension_level":17}