{"gold_per_floor":[112,126,141,141,154,154,170,201,224,224,285,303,313,329,329,424,424,441,441,366,70,81,113,113,132,156,156,175,188,200,233,233,337,337,353,138,0,0,0,0,0],"floor_reached":41,"playtime":1354,"items_purged":["Clash","Strike_R"],"score":621,"play_id":"de7db923-b5c7-4923-b85f-c3f95693aaf5","local_time":"20190330203351","is_ascension_mode":true,"campfire_choices":[{"data":"Bash","floor":6.0,"key":"SMITH"},{"data":"Armaments","floor":15.0,"key":"SMITH"},{"floor":24,"key":"REST"},{"data":"Demon Form","floor":27,"key":"SMITH"},{"floor":32,"key":"REST"},{"data":"Apotheosis","floor":40,"key":"SMITH"}],"neow_cost":"NONE","seed_source_timestamp":1026233842324456,"circlet_count":0,"master_deck":["Defend_R","Defend_R","Defend_R","Defend_R","Bash+1","Reckless Charge","Carnage","Armaments+1","Pummel","Iron Wave","Rage+1","Uppercut","Seeing Red","Disarm+1","Demon Form+1","Shrug It Off","Inflame","Whirlwind","Ghostly Armor","Flame Barrier","Shockwave","Pommel Strike","Heavy Blade","Offering","Evolve","Sword Boomerang","Pummel+1","Apotheosis+1"],"special_seed":0,"relics":["Burning Blood","Shovel","Happy Flower","Regal Pillow","Velvet Choker","Pen Nib","War Paint","Blood Vial","Smiling Mask","Orrery","Red Mask"],"potions_floor_usage":[23,41],"damage_taken":[{"damage":8.0,"enemies":"Jaw Worm","floor":1.0,"turns":5.0},{"damage":1.0,"enemies":"2 Louse","floor":2.0,"turns":2.0},{"damage":5.0,"enemies":"Small Slimes","floor":3.0,"turns":4.0},{"damage":12.0,"enemies":"2 Fungi Beasts","floor":5.0,"turns":3.0},{"damage":8.0,"enemies":"Blue Slaver","floor":7.0,"turns":2.0},{"damage":19.0,"enemies":"3 Sentries","floor":8.0,"turns":8.0},{"damage":0.0,"enemies":"Gremlin Nob","floor":11.0,"turns":3.0},{"damage":7.0,"enemies":"Exordium Wildlife","floor":12.0,"turns":4.0},{"damage":5.0,"enemies":"Lots of Slimes","floor":13.0,"turns":5.0},{"damage":8.0,"enemies":"Blue Slaver","floor":14.0,"turns":3.0},{"damage":40.0,"enemies":"The Guardian","floor":16.0,"turns":11.0},{"damage":1.0,"enemies":"3 Byrds","floor":18.0,"turns":5.0},{"damage":19.0,"enemies":"Spheric Guardian","floor":22.0,"turns":4.0},{"damage":52,"enemies":"Book of Stabbing","floor":23,"turns":6},{"damage":2,"enemies":"Snake Plant","floor":25,"turns":5},{"damage":4,"enemies":"Centurion and Healer","floor":28,"turns":4},{"damage":39,"enemies":"3 Cultists","floor":29,"turns":6},{"damage":14,"enemies":"Snake Plant","floor":30,"turns":6},{"damage":25,"enemies":"Gremlin Leader","floor":31,"turns":6},{"damage":14,"enemies":"Champ","floor":33,"turns":8},{"damage":12,"enemies":"3 Shapes","floor":35,"turns":4},{"damage":71,"enemies":"Reptomancer","floor":41,"turns":4}],"seed_played":"1647849949680141251","potions_obtained":[{"floor":1.0,"key":"GamblersBrew"},{"floor":3.0,"key":"BloodPotion"},{"floor":8.0,"key":"Poison Potion"},{"floor":12.0,"key":"Dexterity Potion"},{"floor":16.0,"key":"Poison Potion"},{"floor":25,"key":"Energy Potion"}],"is_trial":false,"path_per_floor":["M","M","M","?","M","R","M","E","T","?","?","M","M","M","R","B",null,"M","?","?","$","M","E","R","M","T","R","M","M","M","E","R","B",null,"M","$","?","?","$","R","E"],"character_chosen":"IRONCLAD","items_purchased":["Whirlwind","Pen Nib","Apotheosis"],"campfire_rested":2,"item_purchase_floors":[21,21,36],"current_hp_per_floor":[70,75,76,69,63,63,61,48,48,48,54,53,54,52,52,18,65,70,70,70,70,57,19,58,62,62,62,66,35,29,12,51,45,71,67,67,67,67,67,67,0],"gold":0,"neow_bonus":"TRANSFORM_CARD","is_prod":false,"is_daily":false,"chose_seed":false,"campfire_upgraded":4,"win_rate":0,"timestamp":1553945631,"path_taken":["M","M","M","?","M","R","M","E","T","?","?","M","M","M","R","BOSS","M","?","?","$","M","E","R","M","T","R","M","M","M","E","R","BOSS","M","$","?","?","?","R","E"],"build_version":"2019-01-23","purchased_purges":2,"victory":false,"max_hp_per_floor":[80,80,80,80,80,80,80,80,80,80,80,80,80,80,80,80,80,80,80,80,80,80,80,80,80,80,80,80,80,80,80,80,80,80,80,80,80,80,80,80,80],"card_choices":[{"not_picked":["True Grit","Pommel Strike"],"picked":"Carnage","floor":1.0},{"not_picked":["Intimidate","Havoc"],"picked":"Armaments","floor":2.0},{"not_picked":["Fire Breathing","Heavy Blade"],"picked":"Pummel","floor":3.0},{"not_picked":["Wild Strike","Body Slam","Carnage"],"picked":"SKIP","floor":5.0},{"not_picked":["Fiend Fire","Pummel"],"picked":"Clash","floor":7.0},{"not_picked":["Pommel Strike","Perfected Strike"],"picked":"Iron Wave","floor":8.0},{"not_picked":["Bloodletting","Pummel"],"picked":"Uppercut","floor":12.0},{"not_picked":["Combust","Clash"],"picked":"Seeing Red","floor":13.0},{"not_picked":["Cleave","Corruption"],"picked":"Disarm","floor":14.0},{"not_picked":["Bludgeon","Berserk"],"picked":"Demon Form","floor":16.0},{"not_picked":["Shockwave","Heavy Blade"],"picked":"Shrug It Off","floor":18.0},{"not_picked":["Blood for Blood","Headbutt","Havoc+1"],"picked":"SKIP","floor":22.0},{"not_picked":["Perfected Strike","Sentinel","Rupture+1"],"picked":"SKIP","floor":23},{"not_picked":["Iron Wave","Searing Blow"],"picked":"Ghostly Armor","floor":25},{"not_picked":["Sentinel","Anger"],"picked":"Flame Barrier","floor":28},{"not_picked":["Dual Wield+1","Pommel Strike+1"],"picked":"Shockwave","floor":29},{"not_picked":["Second Wind","Dual Wield"],"picked":"Pommel Strike","floor":30},{"not_picked":["Perfected Strike","Warcry"],"picked":"Heavy Blade","floor":31},{"not_picked":["Juggernaut","Berserk"],"picked":"Offering","floor":33},{"not_picked":["Entrench+1","Sword Boomerang+1"],"picked":"Evolve","floor":34},{"not_picked":["Wild Strike","Havoc"],"picked":"Sword Boomerang","floor":34},{"not_picked":["Armaments","Combust+1"],"picked":"Pummel+1","floor":34},{"not_picked":["Wild Strike","Heavy Blade+1"],"picked":"Cleave+1","floor":35}],"player_experience":392555,"relics_obtained":[{"floor":8.0,"key":"Shovel"},{"floor":9.0,"key":"Happy Flower"},{"floor":23,"key":"War Paint"},{"floor":26,"key":"Blood Vial"},{"floor":31,"key":"Smiling Mask"}],"event_choices":[{"cards_removed":["Strike_R"],"damage_healed":0.0,"max_hp_gain":0.0,"max_hp_loss":0.0,"gold_gain":0.0,"event_name":"Golden Wing","player_choice":"Card Removal","floor":4.0,"gold_loss":0.0,"damage_taken":7.0},{"damage_healed":0.0,"max_hp_gain":0.0,"max_hp_loss":0.0,"gold_gain":0.0,"cards_transformed":["Strike_R"],"event_name":"Living Wall","player_choice":"Change","floor":10.0,"gold_loss":0.0,"damage_taken":0.0,"cards_obtained":["Rage"]},{"damage_healed":0.0,"max_hp_gain":0.0,"max_hp_loss":0.0,"gold_gain":0.0,"event_name":"Dead Adventurer","player_choice":"Searched \u00273\u0027 times","floor":11.0,"gold_loss":0.0,"damage_taken":0.0,"relics_obtained":["Regal Pillow"]},{"damage_healed":0.0,"max_hp_gain":0.0,"max_hp_loss":0.0,"gold_gain":0.0,"event_name":"The Library","player_choice":"Read","floor":19.0,"gold_loss":0.0,"damage_taken":0.0,"cards_obtained":["Inflame"]},{"cards_removed":["Strike_R"],"damage_healed":0.0,"max_hp_gain":0.0,"max_hp_loss":0.0,"gold_gain":0.0,"event_name":"Beggar","player_choice":"Gave Gold","floor":20.0,"gold_loss":75.0,"damage_taken":0.0},{"damage_healed":0,"gold_gain":0,"player_choice":"Paid","damage_taken":0,"relics_obtained":["Red Mask"],"max_hp_gain":0,"max_hp_loss":0,"event_name":"Tomb of Lord Red Mask","floor":37,"gold_loss":138},{"cards_removed":["Cleave"],"damage_healed":0,"gold_gain":0,"player_choice":"Removed Attack","damage_taken":0,"max_hp_gain":0,"max_hp_loss":0,"event_name":"Falling","floor":38,"gold_loss":0}],"is_beta":false,"boss_relics":[{"not_picked":["Runic Pyramid","Mark of Pain"],"picked":"Velvet Choker"},{"not_picked":["Eternal Feather","Coffee Dripper"],"picked":"Orrery"}],"items_purged_floors":[21,36],"is_endless":false,"potions_floor_spawned":[1,3,8,12,14,16,25,28,31,33],"killed_by":"Reptomancer","ascension_level":7}