{"gold_per_floor":[114,133,133,133,151,179,194,220,220,220,15,32,57,83,83,83],"floor_reached":16,"playtime":2122,"items_purged":[],"score":192,"play_id":"50d24472-c43b-4a26-9dd3-4d901a45880b","local_time":"20190602085500","is_ascension_mode":true,"campfire_choices":[{"data":"Neutralize","floor":10.0,"key":"SMITH"},{"data":"Dagger Spray","floor":15.0,"key":"SMITH"}],"neow_cost":"NONE","seed_source_timestamp":1199079908567295,"circlet_count":0,"master_deck":["AscendersBane","Defend_G","Defend_G","Defend_G","Defend_G","Defend_G","Strike_G","Strike_G","Strike_G","Strike_G","Strike_G","Survivor","Neutralize+1","Cloak And Dagger","Dodge and Roll","Poisoned Stab","Flying Knee","Leg Sweep","Dodge and Roll+1","Dagger Spray+1","Deadly Poison+1","Burst+1","Backflip+1"],"special_seed":0,"relics":["Ring of the Snake","Ancient Tea Set","Meat on the Bone","Toxic Egg 2","Paper Crane","Membership Card","Odd Mushroom","Blue Candle"],"potions_floor_usage":[],"damage_taken":[{"damage":2.0,"enemies":"Jaw Worm","floor":1.0,"turns":8.0},{"damage":0.0,"enemies":"2 Louse","floor":2.0,"turns":3.0},{"damage":0.0,"enemies":"Small Slimes","floor":5.0,"turns":7.0},{"damage":8.0,"enemies":"Gremlin Nob","floor":6.0,"turns":4.0},{"damage":0.0,"enemies":"Blue Slaver","floor":7.0,"turns":5.0},{"damage":12.0,"enemies":"Lagavulin","floor":8.0,"turns":10.0},{"damage":1.0,"enemies":"Large Slime","floor":12.0,"turns":7.0},{"damage":8.0,"enemies":"The Mushroom Lair","floor":13.0,"turns":5.0},{"damage":22.0,"enemies":"3 Sentries","floor":14.0,"turns":9.0},{"damage":49,"enemies":"Slime Boss","floor":16,"turns":10}],"seed_played":"8370248374623878441","potions_obtained":[{"floor":5.0,"key":"SkillPotion"},{"floor":6.0,"key":"Block Potion"},{"floor":7.0,"key":"Block Potion"}],"is_trial":false,"path_per_floor":["M","M","?","?","M","E","M","E","T","R","$","M","?","E","R","B"],"character_chosen":"THE_SILENT","items_purchased":["Membership Card","Dagger Spray"],"campfire_rested":0,"item_purchase_floors":[11,11],"current_hp_per_floor":[68,68,73,70,70,62,62,50,50,50,50,49,53,43,43,0],"gold":83,"neow_bonus":"TEN_PERCENT_HP_BONUS","is_prod":false,"is_daily":false,"chose_seed":false,"campfire_upgraded":2,"win_rate":0,"timestamp":1559445900,"path_taken":["M","M","?","?","M","E","?","E","T","R","$","M","?","E","R","BOSS"],"build_version":"2019-01-23","purchased_purges":0,"victory":false,"max_hp_per_floor":[77,77,82,82,82,82,82,82,82,82,82,82,82,82,82,82],"card_choices":[{"not_picked":["Prepared","Concentrate"],"picked":"Cloak And Dagger","floor":1.0},{"not_picked":["Skewer","Quick Slash"],"picked":"Dodge and Roll","floor":2.0},{"not_picked":["Deflect","Outmaneuver"],"picked":"Poisoned Stab","floor":5.0},{"not_picked":["Prepared","Expertise"],"picked":"Flying Knee","floor":6.0},{"not_picked":["Blade Dance","Sucker Punch"],"picked":"Leg Sweep","floor":7.0},{"not_picked":["Infinite Blades","Predator"],"picked":"Dodge and Roll","floor":8.0},{"not_picked":["Accuracy","PiercingWail+1"],"picked":"Deadly Poison+1","floor":12.0},{"not_picked":["Slice","Deflect+1"],"picked":"Burst+1","floor":13.0},{"not_picked":["Predator","Outmaneuver+1"],"picked":"Backflip+1","floor":14.0}],"player_experience":1078468,"relics_obtained":[{"floor":6.0,"key":"Meat on the Bone"},{"floor":8.0,"key":"Toxic Egg 2"},{"floor":9.0,"key":"Paper Crane"},{"floor":13.0,"key":"Odd Mushroom"},{"floor":14.0,"key":"Blue Candle"}],"event_choices":[{"damage_healed":0.0,"max_hp_gain":5.0,"max_hp_loss":0.0,"gold_gain":0.0,"event_name":"Big Fish","player_choice":"Donut","floor":3.0,"gold_loss":0.0,"damage_taken":0.0},{"damage_healed":0.0,"max_hp_gain":0.0,"max_hp_loss":0.0,"gold_gain":0.0,"event_name":"Scrap Ooze","player_choice":"Success","floor":4.0,"gold_loss":0.0,"damage_taken":3.0,"relics_obtained":["Ancient Tea Set"]},{"damage_healed":0.0,"max_hp_gain":0.0,"max_hp_loss":0.0,"gold_gain":0.0,"event_name":"Mushrooms","player_choice":"Fought Mushrooms","floor":13.0,"gold_loss":0.0,"damage_taken":0.0}],"is_beta":false,"boss_relics":[],"items_purged_floors":[],"is_endless":false,"potions_floor_spawned":[5,6,7],"killed_by":"Slime Boss","ascension_level":12}