{"gold_per_floor":[109,120,130,130,146,146,43,43,70,20,20,45,11,28,28,124,124,140,34,34,50,64,64,84,96,120,136,164,164,177,177,177,280,280,297,6,406,418,418,418,418,418,444,444,461,475,475,494,494,494],"floor_reached":51,"playtime":5046,"items_purged":[],"score":669,"play_id":"026ff6a0-609b-4b06-8614-69aa250728be","local_time":"20190216233809","is_ascension_mode":false,"campfire_choices":[{"data":"Caltrops","floor":6,"key":"SMITH"},{"data":"Crippling Poison","floor":8,"key":"SMITH"},{"data":"Leg Sweep","floor":11,"key":"SMITH"},{"floor":15,"key":"REST"},{"data":"Noxious Fumes","floor":23,"key":"SMITH"},{"floor":29,"key":"REST"},{"floor":32,"key":"REST"},{"floor":40,"key":"REST"},{"data":"Adrenaline","floor":44,"key":"SMITH"},{"floor":49,"key":"REST"}],"neow_cost":"NONE","seed_source_timestamp":350687470631206,"circlet_count":0,"master_deck":["Survivor","Neutralize","Caltrops+1","Cloak And Dagger","Bouncing Flask+1","Crippling Poison+1","Leg Sweep+1","Dagger Spray","Outmaneuver","Outmaneuver","Well Laid Plans","Footwork","Adrenaline+1","Dodge and Roll","Noxious Fumes+1","Expertise","Calculated Gamble","Cloak And Dagger+1","Blade Dance","Deflect+1","Masterful Stab+1","Footwork","Dagger Throw+1","Adrenaline","Reflex","Calculated Gamble","Terror","Noxious Fumes","Dagger Throw","Masterful Stab","Prepared","Prepared","Catalyst+1","Crippling Poison","Footwork","Mayhem","Heel Hook+1","Dagger Throw","Madness","Madness","Bane+1","Deadly Poison+1","Flying Knee+1"],"relics":["Ring of the Snake","Centennial Puzzle","Vajra","Ancient Tea Set","Busted Crown","Juzu Bracelet","Pen Nib","Pandora\u0027s Box","Old Coin","Whetstone"],"potions_floor_usage":[],"damage_taken":[{"damage":1,"enemies":"2 Louse","floor":1,"turns":2},{"damage":1,"enemies":"Cultist","floor":2,"turns":4},{"damage":0,"enemies":"Jaw Worm","floor":3,"turns":5},{"damage":11,"enemies":"Large Slime","floor":5,"turns":8},{"damage":44,"enemies":"Gremlin Nob","floor":12,"turns":5},{"damage":0,"enemies":"2 Fungi Beasts","floor":14,"turns":3},{"damage":4,"enemies":"Hexaghost","floor":16,"turns":7},{"damage":0,"enemies":"3 Byrds","floor":18,"turns":2},{"damage":1,"enemies":"Shell Parasite","floor":21,"turns":6},{"damage":2,"enemies":"Cultist and Chosen","floor":22,"turns":6},{"damage":0,"enemies":"Snake Plant","floor":24,"turns":4},{"damage":15,"enemies":"Centurion and Healer","floor":25,"turns":5},{"damage":0,"enemies":"Chosen and Byrds","floor":27,"turns":5},{"damage":46,"enemies":"Gremlin Leader","floor":28,"turns":8},{"damage":2,"enemies":"Snecko","floor":30,"turns":5},{"damage":16,"enemies":"Champ","floor":33,"turns":12},{"damage":0,"enemies":"3 Shapes","floor":35,"turns":5},{"damage":23,"enemies":"Mind Bloom Boss Battle","floor":37,"turns":5},{"damage":5,"enemies":"3 Darklings","floor":38,"turns":4},{"damage":20,"enemies":"Jaw Worm Horde","floor":45,"turns":4},{"damage":14,"enemies":"Maw","floor":46,"turns":6},{"damage":1,"enemies":"Sphere and 2 Shapes","floor":48,"turns":4},{"damage":45,"enemies":"Donu and Deca","floor":50,"turns":9}],"seed_played":"-7662364994771570825","potions_obtained":[{"floor":1,"key":"Poison Potion"},{"floor":2,"key":"Explosive Potion"},{"floor":12,"key":"GamblersBrew"},{"floor":25,"key":"FairyPotion"}],"is_trial":false,"path_per_floor":["?","?","?","?","?","?","?","?"],"character_chosen":"THE_SILENT","items_purchased":["Leg Sweep","Dagger Spray","Outmaneuver","Well Laid Plans","Noxious Fumes","Expertise","Crippling Poison","Footwork","Mayhem"],"campfire_rested":5,"item_purchase_floors":[7,7,10,13,19,19,36,36,36],"current_hp_per_floor":[69,68,68,68,57,57,57,57,57,57,57,13,13,13,34,30,70,70,70,70,69,67,67,67,52,52,52,6,27,25,25,46,30,70,70,70,47,42,42,63,54,54,54,54,34,20,20,19,40,7],"gold":494,"neow_bonus":"RANDOM_COMMON_RELIC","is_prod":false,"is_daily":false,"chose_seed":false,"campfire_upgraded":5,"win_rate":0.0,"timestamp":1550378289,"path_taken":["M","M","M","?","M","R","$","R","T","$","R","E","$","M","R","BOSS","M","$","?","M","M","R","M","M","T","M","E","R","M","?","R","BOSS","M","$","?","M","?","R","?","?","T","R","M","M","?","M","R","BOSS"],"build_version":"2019-01-23","purchased_purges":0,"victory":true,"max_hp_per_floor":[70,70,70,70,70,70,70,70,70,70,70,70,70,70,70,70,70,70,70,70,70,70,70,70,70,70,70,70,70,70,70,70,70,70,70,70,70,70,70,70,70,70,70,70,70,70,70,70,70,70],"card_choices":[{"not_picked":["Finisher","Footwork"],"picked":"Caltrops","floor":1},{"not_picked":["Crippling Poison","Sucker Punch"],"picked":"Cloak And Dagger","floor":2},{"not_picked":["Acrobatics","Crippling Poison"],"picked":"Bouncing Flask","floor":3},{"not_picked":["Backflip","Outmaneuver"],"picked":"Crippling Poison","floor":5},{"not_picked":["Choke","Distraction"],"picked":"Outmaneuver","floor":12},{"not_picked":["Tactician","Bane"],"picked":"Footwork","floor":14},{"not_picked":["Envenom","Storm of Steel"],"picked":"Adrenaline","floor":16},{"not_picked":[],"picked":"Dodge and Roll","floor":18},{"not_picked":[],"picked":"Calculated Gamble","floor":21},{"not_picked":[],"picked":"Cloak And Dagger+1","floor":22},{"not_picked":[],"picked":"Blade Dance","floor":24},{"not_picked":[],"picked":"Deflect+1","floor":25},{"not_picked":[],"picked":"Masterful Stab","floor":27},{"not_picked":[],"picked":"Footwork","floor":28},{"not_picked":[],"picked":"Dagger Throw","floor":30},{"not_picked":[],"picked":"Adrenaline","floor":33},{"not_picked":[],"picked":"Choke","floor":35},{"not_picked":[],"picked":"Heel Hook+1","floor":37},{"not_picked":[],"picked":"Dagger Throw","floor":38},{"not_picked":[],"picked":"Bane+1","floor":45},{"not_picked":[],"picked":"Deadly Poison+1","floor":46},{"not_picked":[],"picked":"Flying Knee+1","floor":48}],"player_experience":60885,"relics_obtained":[{"floor":9,"key":"Vajra"},{"floor":12,"key":"Ancient Tea Set"},{"floor":26,"key":"Juzu Bracelet"},{"floor":28,"key":"Pen Nib"},{"floor":37,"key":"Old Coin"},{"floor":43,"key":"Whetstone"}],"event_choices":[{"damage_healed":0,"gold_gain":0,"player_choice":"Grow","damage_taken":0,"max_hp_gain":0,"max_hp_loss":0,"event_name":"Living Wall","floor":4,"gold_loss":0,"cards_upgraded":["Bouncing Flask"]},{"cards_removed":["Strike_G"],"damage_healed":0,"gold_gain":0,"player_choice":"Offered Basic","damage_taken":0,"max_hp_gain":0,"max_hp_loss":0,"event_name":"Bonfire Elementals","floor":20,"gold_loss":0},{"damage_healed":0,"gold_gain":0,"player_choice":"Ignored","damage_taken":0,"max_hp_gain":0,"max_hp_loss":0,"event_name":"Ghosts","floor":31,"gold_loss":0},{"damage_healed":0,"gold_gain":0,"player_choice":"Fight","damage_taken":0,"max_hp_gain":0,"max_hp_loss":0,"event_name":"MindBloom","floor":37,"gold_loss":0},{"damage_healed":0,"gold_gain":0,"player_choice":"Ignored","damage_taken":0,"max_hp_gain":0,"max_hp_loss":0,"event_name":"Tomb of Lord Red Mask","floor":39,"gold_loss":0},{"damage_healed":0,"gold_gain":0,"player_choice":"Embrace Madness","damage_taken":9,"max_hp_gain":0,"max_hp_loss":0,"event_name":"Winding Halls","floor":41,"gold_loss":0,"cards_obtained":["Madness","Madness"]},{"cards_removed":["Choke"],"damage_healed":0,"gold_gain":0,"player_choice":"Removed Attack","damage_taken":0,"max_hp_gain":0,"max_hp_loss":0,"event_name":"Falling","floor":42,"gold_loss":0},{"damage_healed":0,"gold_gain":0,"player_choice":"Upgraded","damage_taken":0,"max_hp_gain":0,"max_hp_loss":0,"event_name":"Upgrade Shrine","floor":47,"gold_loss":0,"cards_upgraded":["Catalyst"]}],"is_beta":false,"boss_relics":[{"not_picked":["Empty Cage","HoveringKite"],"picked":"Busted Crown"},{"not_picked":["Fusion Hammer","Runic Dome"],"picked":"Pandora\u0027s Box"}],"items_purged_floors":[],"is_endless":false,"potions_floor_spawned":[1,2,12,18,22,25,28,38,45],"ascension_level":0}