{"gold_per_floor":[114,114,127,127,141,174,174,205,205,233,198,123,142,158,158,235,235,245,245,245,220,319,319,319],"floor_reached":24,"playtime":3700,"items_purged":["Strike_R"],"score":389,"play_id":"3ddda8e1-f65c-4513-a208-2cce83e3a4c3","local_time":"20190604140112","is_ascension_mode":true,"campfire_choices":[{"data":"Clothesline","floor":7.0,"key":"SMITH"},{"data":"Shockwave","floor":15,"key":"SMITH"},{"data":"Limit Break","floor":23,"key":"SMITH"}],"neow_cost":"NONE","seed_source_timestamp":170684351691158,"circlet_count":0,"master_deck":["AscendersBane","Strike_R","Strike_R","Defend_R","Defend_R","Defend_R","Defend_R","Bash+1","Shockwave+1","Clothesline+1","Headbutt","Flame Barrier","Limit Break+1"],"special_seed":0,"relics":["Burning Blood","NeowsBlessing","Dream Catcher","keyreminder:keyreminder","Mango","Singing Bowl","Omamori","Runic Dome","Enchiridion"],"potions_floor_usage":[16],"damage_taken":[{"damage":0.0,"enemies":"2 Louse","floor":1.0,"turns":1.0},{"damage":0.0,"enemies":"Jaw Worm","floor":3.0,"turns":1.0},{"damage":0.0,"enemies":"Cultist","floor":5.0,"turns":1.0},{"damage":62.0,"enemies":"3 Sentries","floor":6.0,"turns":11.0},{"damage":18.0,"enemies":"Gremlin Nob","floor":8.0,"turns":4.0},{"damage":13.0,"enemies":"Lagavulin","floor":10.0,"turns":8.0},{"damage":5.0,"enemies":"2 Fungi Beasts","floor":13.0,"turns":4.0},{"damage":2,"enemies":"Exordium Wildlife","floor":14,"turns":6},{"damage":19,"enemies":"The Guardian","floor":16,"turns":12},{"damage":17,"enemies":"Chosen","floor":18,"turns":5},{"damage":29,"enemies":"2 Thieves","floor":21,"turns":5},{"damage":37,"enemies":"Slavers","floor":24,"turns":4}],"seed_played":"-7331838166963045331","potions_obtained":[{"floor":5.0,"key":"Ancient Potion"},{"floor":6.0,"key":"SteroidPotion"},{"floor":10.0,"key":"FearPotion"},{"floor":13.0,"key":"PowerPotion"},{"floor":14,"key":"Ancient Potion"},{"floor":21,"key":"Ancient Potion"}],"is_trial":false,"path_per_floor":["M","?","M","?","M","E","R","E","T","E","?","$","M","M","R","B",null,"M","?","?","M","?","R","E"],"character_chosen":"IRONCLAD","items_purchased":[],"campfire_rested":0,"item_purchase_floors":[],"current_hp_per_floor":[74,67,73,73,75,19,19,21,21,16,38,38,41,47,47,34,80,71,55,55,34,34,34,0],"gold":319,"neow_bonus":"THREE_ENEMY_KILL","is_prod":false,"is_daily":false,"chose_seed":false,"campfire_upgraded":3,"win_rate":0,"timestamp":1559637072,"path_taken":["M","?","M","?","?","E","R","E","T","E","?","$","M","M","R","BOSS","M","?","?","?","?","R","E"],"build_version":"2019-01-23","purchased_purges":1,"victory":false,"max_hp_per_floor":[75,75,75,75,75,75,75,89,89,91,91,91,93,95,95,95,95,97,97,97,99,99,99,99],"card_choices":[{"not_picked":["Clash","Infernal Blade","Disarm"],"picked":"SKIP","floor":1.0},{"not_picked":["Armaments","Uppercut","Shockwave"],"picked":"SKIP","floor":3.0},{"not_picked":["Armaments","Uppercut"],"picked":"Shockwave","floor":3.0},{"not_picked":["Ghostly Armor","Cleave"],"picked":"Clothesline","floor":5.0},{"not_picked":["Thunderclap","Searing Blow"],"picked":"Headbutt","floor":6.0},{"not_picked":["Reckless Charge","Clothesline"],"picked":"Flame Barrier","floor":8.0},{"not_picked":["Power Through","True Grit","Reckless Charge"],"picked":"Singing Bowl","floor":10.0},{"not_picked":["Sword Boomerang","Thunderclap","Iron Wave"],"picked":"Singing Bowl","floor":13.0},{"not_picked":["Brutality","Cleave","Body Slam"],"picked":"Singing Bowl","floor":14},{"not_picked":["Impervious","Reaper"],"picked":"Limit Break","floor":16},{"not_picked":["Cleave","Twin Strike","Blood for Blood+1"],"picked":"Singing Bowl","floor":18},{"not_picked":["Sever Soul+1","Body Slam+1","Armaments"],"picked":"Singing Bowl","floor":21}],"player_experience":1185063,"relics_obtained":[{"floor":6.0,"key":"Dream Catcher"},{"floor":8.0,"key":"Mango"},{"floor":9.0,"key":"Singing Bowl"},{"floor":10.0,"key":"Omamori"},{"floor":19,"key":"Enchiridion"}],"event_choices":[{"cards_removed":["Strike_R"],"damage_healed":0.0,"max_hp_gain":0.0,"max_hp_loss":0.0,"gold_gain":0.0,"event_name":"Golden Wing","player_choice":"Card Removal","floor":2.0,"gold_loss":0.0,"damage_taken":7.0},{"damage_healed":0.0,"max_hp_gain":0.0,"max_hp_loss":0.0,"gold_gain":0.0,"event_name":"Upgrade Shrine","player_choice":"Upgraded","floor":4.0,"gold_loss":0.0,"damage_taken":0.0,"cards_upgraded":["Bash"]},{"damage_healed":22.0,"max_hp_gain":0.0,"max_hp_loss":0.0,"gold_gain":0.0,"event_name":"The Cleric","player_choice":"Healed","floor":11.0,"gold_loss":35.0,"damage_taken":0.0},{"damage_healed":0,"gold_gain":0,"player_choice":"Obtained Book","damage_taken":16,"max_hp_gain":0,"max_hp_loss":0,"event_name":"Cursed Tome","floor":19,"gold_loss":0},{"cards_removed":["Strike_R"],"damage_healed":0,"gold_gain":0,"player_choice":"Purged","damage_taken":0,"max_hp_gain":0,"max_hp_loss":0,"event_name":"Purifier","floor":20,"gold_loss":0},{"damage_healed":0,"gold_gain":99,"player_choice":"Stole From Cult","damage_taken":0,"max_hp_gain":0,"max_hp_loss":0,"event_name":"Nest","floor":22,"gold_loss":0}],"is_beta":false,"boss_relics":[{"not_picked":["White Beast Statue","Eternal Feather"],"picked":"Runic Dome"}],"items_purged_floors":[12],"is_endless":false,"potions_floor_spawned":[5,6,10,13,14,21],"killed_by":"Slavers","ascension_level":14}