{"gold_per_floor":[119,135,135,95,105,105,137,137,137,163,174,26,83,83,83,204,267,283,32,45,45,0,41,41,41,94,137,162,182,200,200,200,200],"floor_reached":33,"playtime":1542,"items_purged":[],"score":381,"play_id":"5c772588-9883-4fef-8cab-9340249c5888","local_time":"20190602163925","is_ascension_mode":true,"campfire_choices":[{"floor":6.0,"key":"REST"},{"floor":8.0,"key":"REST"},{"floor":15.0,"key":"REST"},{"floor":25.0,"key":"REST"},{"floor":32,"key":"REST"}],"neow_cost":"NONE","seed_source_timestamp":190590025380759,"circlet_count":0,"master_deck":["Defend_G","Defend_G","Defend_G","Defend_G+1","Defend_G","Strike_G","Strike_G","Strike_G+1","Strike_G","Strike_G","Survivor","Neutralize","Footwork+1","Sucker Punch","Slice","Endless Agony","Burst","Blur","Acrobatics+1","After Image+1","Cloak And Dagger"],"special_seed":0,"relics":["Fusion Hammer","Kunai","Letter Opener","Strawberry","Juzu Bracelet","Bird Faced Urn","Golden Idol","Tiny House","Shuriken","Frozen Egg 2","Anchor","Ancient Tea Set","Smiling Mask"],"potions_floor_usage":[],"damage_taken":[{"damage":1.0,"enemies":"2 Louse","floor":1.0,"turns":3.0},{"damage":0.0,"enemies":"Small Slimes","floor":2.0,"turns":4.0},{"damage":0.0,"enemies":"Cultist","floor":5.0,"turns":4.0},{"damage":33.0,"enemies":"3 Sentries","floor":7.0,"turns":11.0},{"damage":23.0,"enemies":"Gremlin Nob","floor":10.0,"turns":6.0},{"damage":2.0,"enemies":"Exordium Thugs","floor":11.0,"turns":6.0},{"damage":21.0,"enemies":"Gremlin Nob","floor":13.0,"turns":6.0},{"damage":36.0,"enemies":"The Guardian","floor":16.0,"turns":17.0},{"damage":4.0,"enemies":"3 Byrds","floor":18.0,"turns":6.0},{"damage":0.0,"enemies":"Chosen","floor":20.0,"turns":7.0},{"damage":44.0,"enemies":"Slavers","floor":23.0,"turns":9.0},{"damage":5.0,"enemies":"Book of Stabbing","floor":27.0,"turns":9.0},{"damage":24.0,"enemies":"Snecko","floor":28.0,"turns":9.0},{"damage":0,"enemies":"Centurion and Healer","floor":29,"turns":10},{"damage":13,"enemies":"Cultist and Chosen","floor":30,"turns":10},{"damage":46,"enemies":"Automaton","floor":33,"turns":12}],"seed_played":"3228441946143095412","potions_obtained":[{"floor":4.0,"key":"Ancient Potion"},{"floor":4.0,"key":"Explosive Potion"},{"floor":4.0,"key":"SpeedPotion"},{"floor":23.0,"key":"Block Potion"},{"floor":29,"key":"AttackPotion"},{"floor":30,"key":"FairyPotion"}],"is_trial":false,"path_per_floor":["M","M","?","?","M","R","E","R","T","E","M","$","?","?","R","B",null,"M","$","M","?","?","E","$","R","T","E","M","M","M","T","R","B"],"character_chosen":"THE_SILENT","items_purchased":["Juzu Bracelet","Shuriken"],"campfire_rested":5,"item_purchase_floors":[12,19],"current_hp_per_floor":[62,62,48,48,48,69,36,57,57,41,39,39,18,18,39,5,60,58,58,60,60,60,18,18,40,40,37,17,21,12,12,34,0],"gold":200,"neow_bonus":"BOSS_RELIC","is_prod":false,"is_daily":false,"chose_seed":false,"campfire_upgraded":0,"win_rate":0,"timestamp":1559486365,"path_taken":["M","M","?","?","?","R","E","R","T","E","M","?","?","?","R","BOSS","M","$","M","?","?","E","?","R","T","E","M","M","M","?","R","BOSS"],"build_version":"2019-01-23","purchased_purges":0,"victory":false,"max_hp_per_floor":[70,70,70,70,70,70,70,70,70,77,77,77,77,71,71,71,76,76,76,76,76,76,76,76,76,76,76,76,76,76,76,76,76],"card_choices":[{"not_picked":["Dagger Spray","PiercingWail"],"picked":"Footwork","floor":1.0},{"not_picked":["Setup","Poisoned Stab","Outmaneuver"],"picked":"SKIP","floor":2.0},{"not_picked":["Setup","Bane"],"picked":"Sucker Punch","floor":5.0},{"not_picked":["Outmaneuver","Bane"],"picked":"Slice","floor":7.0},{"not_picked":["Grand Finale","Prepared"],"picked":"Endless Agony","floor":10.0},{"not_picked":["Catalyst","Slice","All Out Attack"],"picked":"SKIP","floor":11.0},{"not_picked":["Night Terror","Phantasmal Killer"],"picked":"Burst","floor":16.0},{"not_picked":["Backflip","Outmaneuver"],"picked":"Blur","floor":17.0},{"not_picked":["Blade Dance+1","Prepared"],"picked":"Acrobatics+1","floor":18.0},{"not_picked":["Outmaneuver","Choke","Bane+1"],"picked":"SKIP","floor":20.0},{"not_picked":["Prepared","Concentrate+1","Venomology"],"picked":"SKIP","floor":23.0},{"not_picked":["Tactician","Deflect+1"],"picked":"After Image+1","floor":27.0},{"not_picked":["Concentrate","Terror+1","PiercingWail+1"],"picked":"SKIP","floor":28.0},{"not_picked":["Sucker Punch","Accuracy+1","Dagger Spray"],"picked":"SKIP","floor":29},{"not_picked":["Flying Knee+1","Poisoned Stab"],"picked":"Cloak And Dagger","floor":30}],"player_experience":110109,"relics_obtained":[{"floor":7.0,"key":"Kunai"},{"floor":9.0,"key":"Letter Opener"},{"floor":10.0,"key":"Strawberry"},{"floor":13.0,"key":"Bird Faced Urn"},{"floor":23.0,"key":"Frozen Egg 2"},{"floor":26.0,"key":"Anchor"},{"floor":27.0,"key":"Ancient Tea Set"},{"floor":31,"key":"Smiling Mask"}],"event_choices":[{"damage_healed":0.0,"max_hp_gain":0.0,"max_hp_loss":0.0,"gold_gain":0.0,"event_name":"Shining Light","player_choice":"Entered Light","floor":3.0,"gold_loss":0.0,"damage_taken":14.0,"cards_upgraded":["Defend_G","Strike_G"]},{"damage_healed":0.0,"max_hp_gain":0.0,"max_hp_loss":0.0,"gold_gain":0.0,"event_name":"The Woman in Blue","player_choice":"Bought 3 Potions","floor":4.0,"gold_loss":0.0,"damage_taken":0.0},{"damage_healed":0.0,"max_hp_gain":0.0,"max_hp_loss":0.0,"gold_gain":30.0,"event_name":"Dead Adventurer","player_choice":"Searched \u00272\u0027 times","floor":13.0,"gold_loss":0.0,"damage_taken":0.0},{"damage_healed":0.0,"max_hp_gain":0.0,"max_hp_loss":6.0,"gold_gain":0.0,"event_name":"Golden Idol","player_choice":"Lose Max HP","floor":14.0,"gold_loss":0.0,"damage_taken":0.0,"relics_obtained":["Golden Idol"]},{"damage_healed":0.0,"max_hp_gain":0.0,"max_hp_loss":0.0,"gold_gain":0.0,"event_name":"Ghosts","player_choice":"Ignored","floor":21.0,"gold_loss":0.0,"damage_taken":0.0},{"damage_healed":0.0,"max_hp_gain":0.0,"max_hp_loss":0.0,"gold_gain":0.0,"event_name":"Masked Bandits","player_choice":"Paid Fearfully","floor":22.0,"gold_loss":45.0,"damage_taken":0.0}],"is_beta":false,"boss_relics":[{"not_picked":["Sozu","Black Star"],"picked":"Tiny House"}],"items_purged_floors":[],"is_endless":false,"potions_floor_spawned":[5,7,13,23,29,30],"killed_by":"Automaton","ascension_level":6}