{"gold_per_floor":[119,394,409,409,379,407,426,437,437,457,484,484],"floor_reached":12,"playtime":1941,"items_purged":[],"score":174,"play_id":"e366ba09-d07d-454d-820e-726b60d01d17","local_time":"20190602211445","is_ascension_mode":true,"campfire_choices":[],"neow_cost":"NONE","seed_source_timestamp":25785341773584,"circlet_count":0,"master_deck":["AscendersBane","Strike_R","Strike_R","Strike_R","Strike_R","Defend_R","Defend_R","Defend_R","Defend_R","Bash","Shrug It Off","Regret","Headbutt","Cleave","Shrug It Off","Whirlwind","Heavy Blade"],"relics":["Burning Blood","Strawberry","Pen Nib","Shuriken"],"potions_floor_usage":[5,11,12],"damage_taken":[{"damage":8,"enemies":"Jaw Worm","floor":1,"turns":5},{"damage":5,"enemies":"Cultist","floor":3,"turns":4},{"damage":43,"enemies":"3 Sentries","floor":6,"turns":12},{"damage":3,"enemies":"Small Slimes","floor":7,"turns":3},{"damage":27,"enemies":"Exordium Thugs","floor":8,"turns":5},{"damage":0,"enemies":"Lots of Slimes","floor":10,"turns":1},{"damage":44,"enemies":"Gremlin Nob","floor":11,"turns":5},{"damage":10,"enemies":"Large Slime","floor":12,"turns":5}],"seed_played":"2917339743839032577","potions_obtained":[{"floor":5,"key":"Ancient Potion"},{"floor":5,"key":"Fruit Juice"},{"floor":6,"key":"SpeedPotion"},{"floor":8,"key":"BloodPotion"}],"is_trial":false,"path_per_floor":["M","?","M","?","?","E","M","M","T","M","E","M"],"character_chosen":"IRONCLAD","items_purchased":[],"campfire_rested":0,"item_purchase_floors":[],"current_hp_per_floor":[78,78,79,72,77,47,50,29,29,35,7,0],"gold":484,"neow_bonus":"TEN_PERCENT_HP_BONUS","is_prod":false,"is_daily":false,"chose_seed":false,"campfire_upgraded":0,"win_rate":0,"timestamp":1559490285,"path_taken":["M","?","?","?","?","E","M","M","T","M","E","?"],"build_version":"2019-01-23","purchased_purges":0,"victory":false,"max_hp_per_floor":[88,88,88,88,93,100,100,100,100,100,100,100],"card_choices":[{"not_picked":["Clothesline","Entrench"],"picked":"Shrug It Off","floor":1},{"not_picked":["Clash","Pommel Strike"],"picked":"Headbutt","floor":3},{"not_picked":["Sever Soul","Flex"],"picked":"Cleave","floor":6},{"not_picked":["Warcry","Flex"],"picked":"Shrug It Off","floor":7},{"not_picked":["True Grit","Havoc"],"picked":"Whirlwind","floor":8},{"not_picked":["Pummel","Infernal Blade","Sever Soul"],"picked":"SKIP","floor":10},{"not_picked":["Infernal Blade","Carnage"],"picked":"Heavy Blade","floor":11}],"player_experience":1113174,"relics_obtained":[{"floor":6,"key":"Strawberry"},{"floor":9,"key":"Pen Nib"},{"floor":11,"key":"Shuriken"}],"event_choices":[{"damage_healed":0,"gold_gain":275,"player_choice":"Desecrate","damage_taken":0,"max_hp_gain":0,"max_hp_loss":0,"event_name":"Golden Shrine","floor":2,"gold_loss":0,"cards_obtained":["Regret"]},{"cards_removed":["Strike_R"],"damage_healed":0,"gold_gain":0,"player_choice":"Card Removal","damage_taken":7,"max_hp_gain":0,"max_hp_loss":0,"event_name":"Golden Wing","floor":4,"gold_loss":0},{"damage_healed":0,"gold_gain":0,"player_choice":"Bought 2 Potions","damage_taken":0,"max_hp_gain":0,"max_hp_loss":0,"event_name":"The Woman in Blue","floor":5,"gold_loss":0}],"is_beta":false,"boss_relics":[],"items_purged_floors":[],"is_endless":false,"potions_floor_spawned":[6,8,10],"killed_by":"Large Slime","ascension_level":13}