{"gold_per_floor":[119,129,54,126,126,151,164,194,218,228,246,276,276,276,276,379,379,394,394,46,46,63,13,13,45,45,58,89,89,115,135,135,233,233,250,266,276,287,298,328,328,362,362,396,396,410,21,36,36,36,36,36,15,47,47],"floor_reached":56,"playtime":12955,"items_purged":["Dropkick","Burning Pact","Parasite"],"score":1822,"play_id":"2550f998-a418-47f2-a818-e47eeddf7ec5","local_time":"20190528081206","is_ascension_mode":true,"campfire_choices":[{"data":"Berserk","floor":15.0,"key":"SMITH"},{"data":"Armaments","floor":24.0,"key":"SMITH"},{"data":"Shockwave","floor":29.0,"key":"SMITH"},{"data":"True Grit","floor":32.0,"key":"SMITH"},{"data":"Juggernaut","floor":41.0,"key":"SMITH"},{"data":"Feel No Pain","floor":45.0,"key":"SMITH"},{"floor":49.0,"key":"RECALL"},{"data":"Spot Weakness","floor":52.0,"key":"SMITH"}],"neow_cost":"NONE","seed_source_timestamp":0,"circlet_count":0,"master_deck":["Bash","Heavy Blade","Exhume","Shockwave+1","Pummel","Uppercut","Iron Wave","Power Through","Flame Barrier","Battle Trance","True Grit+1","Flame Barrier","Shrug It Off","Berserk+1","Whirlwind+1","Immolate","Feel No Pain+1","Armaments+1","Metallicize+1","Uppercut","Disarm+1","Juggernaut+1","Corruption","Reaper","Spot Weakness+1","Evolve","Inflame"],"special_seed":0,"relics":["Pandora\u0027s Box","Oddly Smooth Stone","Strawberry","Boot","Smiling Mask","Gambling Chip","Velvet Choker","Enchiridion","Medical Kit","Pen Nib","Mango","Bottled Lightning","StoneCalendar","Cursed Key","Omamori","Regal Pillow","Blood Vial","Ice Cream","Membership Card","Vajra","Sundial"],"potions_floor_usage":[55],"damage_taken":[{"damage":4.0,"enemies":"Small Slimes","floor":1.0,"turns":3.0},{"damage":0.0,"enemies":"Cultist","floor":2.0,"turns":4.0},{"damage":12.0,"enemies":"3 Sentries","floor":6.0,"turns":6.0},{"damage":0.0,"enemies":"2 Louse","floor":7.0,"turns":3.0},{"damage":27.0,"enemies":"Lagavulin","floor":8.0,"turns":8.0},{"damage":4.0,"enemies":"Large Slime","floor":10.0,"turns":6.0},{"damage":0.0,"enemies":"3 Louse","floor":11.0,"turns":3.0},{"damage":21.0,"enemies":"3 Sentries","floor":12.0,"turns":7.0},{"damage":2.0,"enemies":"The Guardian","floor":16.0,"turns":13.0},{"damage":0.0,"enemies":"Shell Parasite","floor":18.0,"turns":6.0},{"damage":0.0,"enemies":"2 Thieves","floor":22.0,"turns":2.0},{"damage":0.0,"enemies":"Book of Stabbing","floor":25.0,"turns":7.0},{"damage":0.0,"enemies":"Sentry and Sphere","floor":27.0,"turns":4.0},{"damage":3.0,"enemies":"Slavers","floor":28.0,"turns":6.0},{"damage":0.0,"enemies":"Book of Stabbing","floor":30.0,"turns":5.0},{"damage":0.0,"enemies":"Snecko","floor":31.0,"turns":4.0},{"damage":1.0,"enemies":"Champ","floor":33.0,"turns":13.0},{"damage":0.0,"enemies":"3 Darklings","floor":35.0,"turns":3.0},{"damage":0.0,"enemies":"Orb Walker","floor":36.0,"turns":3.0},{"damage":0.0,"enemies":"Writhing Mass","floor":37.0,"turns":7.0},{"damage":0.0,"enemies":"Transient","floor":38.0,"turns":5.0},{"damage":0.0,"enemies":"3 Darklings","floor":39.0,"turns":2.0},{"damage":0.0,"enemies":"Nemesis","floor":40.0,"turns":7.0},{"damage":14.0,"enemies":"Giant Head","floor":42.0,"turns":7.0},{"damage":2.0,"enemies":"Nemesis","floor":44.0,"turns":7.0},{"damage":14.0,"enemies":"Spire Growth","floor":46.0,"turns":5.0},{"damage":0.0,"enemies":"Sphere and 2 Shapes","floor":48.0,"turns":3.0},{"damage":7.0,"enemies":"Time Eater","floor":50.0,"turns":8.0},{"damage":46,"enemies":"Shield and Spear","floor":54,"turns":6},{"damage":50,"enemies":"The Heart","floor":55,"turns":7}],"seed_played":"-4603303263967951703","potions_obtained":[{"floor":1.0,"key":"Block Potion"},{"floor":2.0,"key":"AttackPotion"},{"floor":5.0,"key":"Block Potion"},{"floor":7.0,"key":"Explosive Potion"},{"floor":22.0,"key":"Poison Potion"},{"floor":25.0,"key":"AttackPotion"},{"floor":27.0,"key":"Swift Potion"},{"floor":31.0,"key":"EssenceOfSteel"},{"floor":36.0,"key":"SneckoOil"},{"floor":37.0,"key":"SkillPotion"},{"floor":38.0,"key":"BloodPotion"},{"floor":40.0,"key":"Block Potion"}],"is_trial":false,"path_per_floor":["M","M","$","?","?","E","M","E","T","M","M","E","?","?","R","B",null,"M","?","$","?","M","$","R","E","T","M","E","R","E","M","R","B",null,"M","M","M","M","M","E","R","E","T","E","R","M","$","M","R","B",null,"R","$","E","B",null],"character_chosen":"IRONCLAD","items_purchased":["Medical Kit","Pen Nib","Membership Card","Vajra","Spot Weakness","SkillPotion","Evolve"],"campfire_rested":0,"item_purchase_floors":[20,20,47,47,47,47,53],"current_hp_per_floor":[68,68,68,68,68,56,56,36,36,32,32,11,8,8,8,6,67,67,51,51,51,51,51,51,65,65,65,62,62,62,62,62,61,91,91,91,91,91,91,91,91,101,101,99,99,87,87,89,89,91,96,96,96,52,4],"gold":47,"neow_bonus":"BOSS_RELIC","is_prod":false,"is_daily":false,"chose_seed":false,"campfire_upgraded":7,"win_rate":0,"timestamp":1559011326,"path_taken":["M","M","$","?","?","E","?","E","T","M","M","E","?","?","R","BOSS","M","?","$","?","M","?","R","E","T","M","E","R","E","M","R","BOSS","M","M","M","M","M","E","R","E","T","E","R","M","$","M","R","BOSS","R","$","E","BOSS"],"build_version":"2019-01-23","purchased_purges":3,"victory":true,"max_hp_per_floor":[80,80,80,80,80,80,80,87,87,87,87,87,87,87,87,87,87,87,87,87,87,87,87,87,101,101,101,101,101,101,101,101,101,101,101,101,101,101,101,101,101,101,101,101,101,101,98,98,98,98,98,98,98,98,98],"card_choices":[{"not_picked":["Sever Soul","Clash"],"picked":"Flame Barrier","floor":1.0},{"not_picked":["Wild Strike","Warcry"],"picked":"Battle Trance","floor":2.0},{"not_picked":["Headbutt","Uppercut"],"picked":"True Grit","floor":6.0},{"not_picked":["Iron Wave","Clothesline"],"picked":"Flame Barrier","floor":7.0},{"not_picked":["Sword Boomerang","Sentinel"],"picked":"Shrug It Off","floor":8.0},{"not_picked":["Burning Pact","Entrench","Havoc"],"picked":"SKIP","floor":10.0},{"not_picked":["Clash","Pommel Strike"],"picked":"Berserk","floor":11.0},{"not_picked":["Twin Strike","Evolve"],"picked":"Whirlwind","floor":12.0},{"not_picked":["Exhume","Double Tap"],"picked":"Immolate","floor":16.0},{"not_picked":["Twin Strike","Whirlwind"],"picked":"Feel No Pain","floor":18.0},{"not_picked":["Pommel Strike","Havoc"],"picked":"Armaments","floor":22.0},{"not_picked":["True Grit+1","Perfected Strike"],"picked":"Metallicize+1","floor":25.0},{"not_picked":["Hemokinesis","Perfected Strike","Rage+1"],"picked":"SKIP","floor":27.0},{"not_picked":["Flex","Perfected Strike"],"picked":"Uppercut","floor":28.0},{"not_picked":["Headbutt","Blood for Blood"],"picked":"Disarm+1","floor":30.0},{"not_picked":["Havoc","Sentinel+1","Whirlwind+1"],"picked":"SKIP","floor":31.0},{"not_picked":["Reaper","Brutality"],"picked":"Juggernaut","floor":33.0},{"not_picked":["Carnage+1","Sword Boomerang","Feel No Pain"],"picked":"SKIP","floor":35.0},{"not_picked":["Heavy Blade","Iron Wave+1"],"picked":"Corruption","floor":36.0},{"not_picked":["Anger","Iron Wave","Searing Blow+1"],"picked":"SKIP","floor":37.0},{"not_picked":["Clothesline+1","Ghostly Armor+1","Rage"],"picked":"SKIP","floor":38.0},{"not_picked":["Bloodletting+1","Clash","Wild Strike"],"picked":"SKIP","floor":39.0},{"not_picked":["Body Slam","Dropkick+1"],"picked":"Reaper","floor":40.0},{"not_picked":["Perfected Strike+1","Flex","Anger+1"],"picked":"SKIP","floor":42.0},{"not_picked":["Sword Boomerang","Combust+1","Clash"],"picked":"SKIP","floor":44.0},{"not_picked":["Corruption+1","Armaments+1","Uppercut"],"picked":"SKIP","floor":46.0},{"not_picked":["Infernal Blade","Blood for Blood","Clothesline"],"picked":"SKIP","floor":48.0},{"not_picked":["Twin Strike","Havoc"],"picked":"Inflame","floor":54}],"player_experience":849145,"relics_obtained":[{"floor":6.0,"key":"Oddly Smooth Stone"},{"floor":8.0,"key":"Strawberry"},{"floor":9.0,"key":"Boot"},{"floor":12.0,"key":"Smiling Mask"},{"floor":19.0,"key":"Enchiridion"},{"floor":25.0,"key":"Mango"},{"floor":28.0,"key":"Bottled Lightning"},{"floor":30.0,"key":"StoneCalendar"},{"floor":40.0,"key":"Omamori"},{"floor":42.0,"key":"Regal Pillow"},{"floor":43.0,"key":"Blood Vial"},{"floor":44.0,"key":"Ice Cream"},{"floor":54,"key":"Sundial"}],"event_choices":[{"damage_healed":0.0,"max_hp_gain":0.0,"max_hp_loss":0.0,"gold_gain":72.0,"event_name":"Golden Wing","player_choice":"Gained Gold","floor":4.0,"gold_loss":0.0,"damage_taken":0.0},{"damage_healed":0.0,"max_hp_gain":0.0,"max_hp_loss":0.0,"gold_gain":0.0,"event_name":"Lab","player_choice":"Got Potions","floor":5.0,"gold_loss":0.0,"damage_taken":0.0},{"damage_healed":0.0,"max_hp_gain":0.0,"max_hp_loss":0.0,"gold_gain":0.0,"event_name":"Scrap Ooze","player_choice":"Success","floor":13.0,"gold_loss":0.0,"damage_taken":3.0,"relics_obtained":["Gambling Chip"]},{"damage_healed":0.0,"max_hp_gain":0.0,"max_hp_loss":0.0,"gold_gain":0.0,"event_name":"Living Wall","player_choice":"Grow","floor":14.0,"gold_loss":0.0,"damage_taken":0.0,"cards_upgraded":["Whirlwind"]},{"damage_healed":0.0,"max_hp_gain":0.0,"max_hp_loss":0.0,"gold_gain":0.0,"event_name":"Cursed Tome","player_choice":"Obtained Book","floor":19.0,"gold_loss":0.0,"damage_taken":16.0},{"damage_healed":0.0,"max_hp_gain":0.0,"max_hp_loss":0.0,"gold_gain":0.0,"event_name":"Beggar","player_choice":"Ignored","floor":21.0,"gold_loss":0.0,"damage_taken":0.0}],"is_beta":false,"boss_relics":[{"not_picked":["Philosopher\u0027s Stone","Sozu"],"picked":"Velvet Choker"},{"not_picked":["Empty Cage","Runic Cube"],"picked":"Cursed Key"}],"items_purged_floors":[3,23,47],"is_endless":false,"potions_floor_spawned":[1,2,7,22,25,27,31,36,37,38,40],"ascension_level":9}