{"gold_per_floor":[219,231,242,252,264,290,352,352,352,352,352,368,215,245,245,348,348,368,293,310,323,47,47,64,64,64,26,26,26,26,126,126,229,229,241,341,341,356,112,144,144,164,164,199,199,0,12,26,26,26],"floor_reached":51,"playtime":3772,"items_purged":["Strike_B"],"score":740,"play_id":"07042f5a-e756-405e-81b5-a0d49716b7f0","local_time":"20190429100941","is_ascension_mode":false,"campfire_choices":[{"data":"Gash","floor":8,"key":"SMITH"},{"data":"Gash","floor":11,"key":"SMITH"},{"floor":15,"key":"REST"},{"data":"Fission","floor":25,"key":"SMITH"},{"data":"Storm","floor":29,"key":"SMITH"},{"data":"Creative AI","floor":32,"key":"SMITH"},{"data":"Fission","floor":41,"key":"SMITH"},{"data":"Capacitor","floor":49,"key":"SMITH"}],"neow_cost":"NONE","seed_source_timestamp":911883593750033,"circlet_count":0,"master_deck":["Defend_B","Defend_B","Zap","Dualcast","Gash+1","Chill","Gash+1","Gash","Gash","Storm+1","Heatsinks","Fusion","Self Repair","Self Repair","Creative AI+1","Gash+1","Scrape+1","Defragment+1","Fission+1","Glacier","Gash","Gash","Self Repair","Fission+1","Force Field","Panache","Capacitor+1"],"relics":["Cracked Core","Mango","Singing Bowl","Bottled Flame","Cables","Astrolabe","Pen Nib","StoneCalendar","Mummified Hand","Nuclear Battery","Bird Faced Urn","DataDisk","Gremlin Horn","Potion Belt","Red Mask"],"potions_floor_usage":[6,7,16,18,18,31,31,36,40,40],"damage_taken":[{"damage":0,"enemies":"Cultist","floor":1,"turns":3},{"damage":0,"enemies":"Small Slimes","floor":2,"turns":2},{"damage":0,"enemies":"2 Louse","floor":3,"turns":2},{"damage":0,"enemies":"Exordium Wildlife","floor":4,"turns":4},{"damage":5,"enemies":"Large Slime","floor":5,"turns":6},{"damage":9,"enemies":"Lagavulin","floor":6,"turns":6},{"damage":13,"enemies":"Gremlin Nob","floor":7,"turns":4},{"damage":6,"enemies":"2 Fungi Beasts","floor":12,"turns":2},{"damage":13,"enemies":"3 Sentries","floor":14,"turns":7},{"damage":51,"enemies":"The Guardian","floor":16,"turns":8},{"damage":16,"enemies":"2 Thieves","floor":18,"turns":4},{"damage":20,"enemies":"Shell Parasite","floor":20,"turns":5},{"damage":23,"enemies":"Chosen and Byrds","floor":21,"turns":6},{"damage":15,"enemies":"Snecko","floor":24,"turns":5},{"damage":14,"enemies":"Colosseum Slavers","floor":31,"turns":3},{"damage":7,"enemies":"Colosseum Nobs","floor":31,"turns":4},{"damage":41,"enemies":"Champ","floor":33,"turns":6},{"damage":40,"enemies":"3 Darklings","floor":35,"turns":4},{"damage":0,"enemies":"Mind Bloom Boss Battle","floor":36,"turns":4},{"damage":19,"enemies":"Orb Walker","floor":38,"turns":3},{"damage":14,"enemies":"Reptomancer","floor":40,"turns":3},{"damage":5,"enemies":"4 Shapes","floor":42,"turns":5},{"damage":1,"enemies":"Nemesis","floor":44,"turns":5},{"damage":12,"enemies":"Spire Growth","floor":47,"turns":3},{"damage":28,"enemies":"Maw","floor":48,"turns":6},{"damage":71,"enemies":"Time Eater","floor":50,"turns":8}],"seed_played":"783103260219549408","potions_obtained":[{"floor":3,"key":"FocusPotion"},{"floor":5,"key":"GamblersBrew"},{"floor":12,"key":"Poison Potion"},{"floor":16,"key":"EntropicBrew"},{"floor":31,"key":"GamblersBrew"},{"floor":35,"key":"Energy Potion"},{"floor":38,"key":"PowerPotion"},{"floor":48,"key":"Energy Potion"}],"is_trial":false,"path_per_floor":["M","M","?","?","?","?","$","?","?","?","?","?","M","?","?"],"character_chosen":"DEFECT","items_purchased":["Self Repair","Fission","Glacier","Gash","Self Repair","PowerPotion","Panache"],"campfire_rested":1,"item_purchase_floors":[13,22,22,22,27,39,39],"current_hp_per_floor":[75,75,75,75,70,75,62,62,62,62,62,56,56,50,76,39,89,89,89,85,76,76,76,75,75,75,75,75,75,75,91,91,71,95,78,97,97,99,99,101,101,103,103,105,100,100,100,102,102,68],"gold":26,"neow_bonus":"HUNDRED_GOLD","is_prod":false,"is_daily":false,"chose_seed":false,"campfire_upgraded":7,"win_rate":0,"timestamp":1556546981,"path_taken":["M","M","M","?","?","E","?","R","T","?","R","M","$","E","R","BOSS","M","?","M","M","$","?","M","R","T","?","?","R","?","?","R","BOSS","M","?","?","M","$","E","R","?","T","E","?","?","M","M","R","BOSS"],"build_version":"2019-01-23","purchased_purges":1,"victory":true,"max_hp_per_floor":[75,75,75,75,75,89,89,89,89,89,89,89,89,89,89,89,89,91,91,93,93,93,93,93,93,93,93,93,93,93,95,95,95,95,97,97,97,99,99,101,101,103,103,105,100,100,100,102,102,102],"card_choices":[{"not_picked":["Sweeping Beam","Auto Shields"],"picked":"Gash","floor":1},{"not_picked":["Hologram","Streamline"],"picked":"Chill","floor":2},{"not_picked":["Compile Driver","White Noise"],"picked":"Gash","floor":3},{"not_picked":["BootSequence","Cold Snap"],"picked":"Gash","floor":4},{"not_picked":["Ball Lightning","Stack"],"picked":"Gash","floor":5},{"not_picked":["Hello World","Steam"],"picked":"Storm","floor":6},{"not_picked":["Cold Snap","Stack"],"picked":"Heatsinks","floor":7},{"not_picked":["Reinforced Body","Compile Driver"],"picked":"Fusion","floor":12},{"not_picked":["Rebound","Fusion"],"picked":"Self Repair","floor":14},{"not_picked":["Biased Cognition","All For One"],"picked":"Creative AI","floor":16},{"not_picked":["Steam","Melter","Heatsinks+1"],"picked":"Singing Bowl","floor":18},{"not_picked":["Stack","Beam Cell","Rebound"],"picked":"Singing Bowl","floor":20},{"not_picked":["Sweeping Beam+1","Melter"],"picked":"Defragment+1","floor":21},{"not_picked":["Turbo","Reprogram"],"picked":"Gash","floor":24},{"not_picked":["Heatsinks+1","Sweeping Beam","Compile Driver+1"],"picked":"Singing Bowl","floor":31},{"not_picked":["Seek","Echo Form"],"picked":"Fission","floor":33},{"not_picked":["Skim","Ball Lightning+1","Go for the Eyes+1"],"picked":"Singing Bowl","floor":35},{"not_picked":["Sunder","Barrage+1"],"picked":"Force Field","floor":36},{"not_picked":["Reprogram+1","FTL+1","Self Repair+1"],"picked":"Singing Bowl","floor":38},{"not_picked":["Redo","Hologram","Chaos+1"],"picked":"Singing Bowl","floor":40},{"not_picked":["Beam Cell","Steam","Stack"],"picked":"Singing Bowl","floor":42},{"not_picked":["Beam Cell","Rebound","Double Energy+1"],"picked":"Singing Bowl","floor":44},{"not_picked":["Consume+1","Ball Lightning+1"],"picked":"Capacitor","floor":47},{"not_picked":["Sweeping Beam","Chill","Reinforced Body+1"],"picked":"Singing Bowl","floor":48}],"player_experience":424495,"relics_obtained":[{"floor":6,"key":"Mango"},{"floor":7,"key":"Singing Bowl"},{"floor":9,"key":"Bottled Flame"},{"floor":14,"key":"Cables"},{"floor":26,"key":"Pen Nib"},{"floor":31,"key":"StoneCalendar"},{"floor":31,"key":"Mummified Hand"},{"floor":36,"key":"Bird Faced Urn"},{"floor":40,"key":"DataDisk"},{"floor":43,"key":"Gremlin Horn"},{"floor":44,"key":"Potion Belt"}],"event_choices":[{"damage_healed":0,"gold_gain":0,"player_choice":"Searched \u00272\u0027 times","damage_taken":0,"max_hp_gain":0,"max_hp_loss":0,"event_name":"Dead Adventurer","floor":7,"gold_loss":0},{"cards_removed":["Strike_B"],"damage_healed":0,"gold_gain":0,"player_choice":"Forget","damage_taken":0,"max_hp_gain":0,"max_hp_loss":0,"event_name":"Living Wall","floor":10,"gold_loss":0},{"cards_removed":["Lockon"],"damage_healed":0,"gold_gain":0,"player_choice":"Gave Gold","damage_taken":0,"max_hp_gain":0,"max_hp_loss":0,"event_name":"Beggar","floor":19,"gold_loss":75},{"damage_healed":0,"gold_gain":0,"player_choice":"Ignored","damage_taken":0,"max_hp_gain":0,"max_hp_loss":0,"event_name":"Cursed Tome","floor":23,"gold_loss":0},{"damage_healed":0,"gold_gain":0,"player_choice":"Ignored","damage_taken":0,"max_hp_gain":0,"max_hp_loss":0,"event_name":"Ghosts","floor":28,"gold_loss":0},{"damage_healed":0,"gold_gain":0,"player_choice":"Fight","damage_taken":0,"max_hp_gain":0,"max_hp_loss":0,"event_name":"Colosseum","floor":31,"gold_loss":0},{"damage_healed":0,"gold_gain":0,"player_choice":"Fought Nobs","damage_taken":0,"max_hp_gain":0,"max_hp_loss":0,"event_name":"Colosseum","floor":31,"gold_loss":0},{"damage_healed":0,"gold_gain":0,"player_choice":"Fight","damage_taken":0,"max_hp_gain":0,"max_hp_loss":0,"event_name":"MindBloom","floor":36,"gold_loss":0},{"cards_removed":["Defend_B"],"damage_healed":0,"gold_gain":0,"player_choice":"Purged","damage_taken":0,"max_hp_gain":0,"max_hp_loss":0,"event_name":"Purifier","floor":37,"gold_loss":0},{"damage_healed":0,"gold_gain":0,"player_choice":"Max HP","damage_taken":0,"max_hp_gain":0,"max_hp_loss":5,"event_name":"Winding Halls","floor":45,"gold_loss":0},{"damage_healed":0,"gold_gain":0,"player_choice":"Paid","damage_taken":0,"relics_obtained":["Red Mask"],"max_hp_gain":0,"max_hp_loss":0,"event_name":"Tomb of Lord Red Mask","floor":46,"gold_loss":199}],"is_beta":false,"boss_relics":[{"not_picked":["Busted Crown","Runic Pyramid"],"picked":"Astrolabe"},{"not_picked":["Empty Cage","Pandora\u0027s Box"],"picked":"Nuclear Battery"}],"items_purged_floors":[13],"is_endless":false,"potions_floor_spawned":[3,5,12,16,31,31,35,38,48],"ascension_level":0}