{"gold_per_floor":[114,44,64,64,14,14,43,55,114,126,153,219,231,263,275,389,401,423,450,475,487,510,522,449,461,527,557,599,625,64,79,79,174,174,186,204,304,357,357,369,369,1,1,14,14,27,27,42,42,42],"floor_reached":50,"playtime":5190,"items_purged":["Strike_B","Strike_B"],"score":539,"play_id":"b304fe0c-dea6-41d5-9887-f5bd0fc89739","local_time":"20190105013143","is_ascension_mode":false,"campfire_choices":[{"data":"Dualcast","floor":6,"key":"SMITH"},{"floor":8,"key":"REST"},{"data":"Barrage","floor":10,"key":"SMITH"},{"data":"Defragment","floor":15,"key":"SMITH"},{"floor":23,"key":"REST"},{"floor":25,"key":"REST"},{"data":"Machine Learning","floor":32,"key":"SMITH"},{"data":"Machine Learning","floor":41,"key":"SMITH"},{"data":"Creative AI","floor":49,"key":"SMITH"}],"neow_cost":"NONE","seed_source_timestamp":541328104569340,"circlet_count":0,"master_deck":["Defend_B","Defend_B","Zap","Dualcast+1","Conserve Battery","Redo+1","Redo+1","Barrage+1","Ball Lightning","Steam Power+1","Defragment+1","Rainbow+1","Conserve Battery+1","Genetic Algorithm+1","Conserve Battery+1","Storm+1","Tempest+1","Conserve Battery+1","Leap+1","Machine Learning+1","Barrage","Creative AI+1","Machine Learning+1","Fission+1","Genetic Algorithm+1","Compile Driver+1","Barrage+1","Steam Power+1","Sweeping Beam","Amplify+1","Conserve Battery+1","Thunder Strike","Heatsinks+1","Conserve Battery+1","Capacitor+1"],"relics":["Cracked Core","Toxic Egg 2","MawBank","Ancient Tea Set","Bronze Scales","Eternal Feather","Mummified Hand","Boot","Pen Nib","Bird Faced Urn","Astrolabe","Ginger","FossilizedHelix","OrangePellets","Mercury Hourglass"],"potions_floor_usage":[],"damage_taken":[{"damage":5,"enemies":"Small Slimes","floor":1,"turns":3},{"damage":0,"enemies":"Cultist","floor":3,"turns":3},{"damage":32,"enemies":"Gremlin Nob","floor":7,"turns":4},{"damage":0,"enemies":"2 Louse","floor":11,"turns":2},{"damage":3,"enemies":"Exordium Wildlife","floor":14,"turns":2},{"damage":40,"enemies":"Slime Boss","floor":16,"turns":9},{"damage":8,"enemies":"Shell Parasite","floor":18,"turns":4},{"damage":11,"enemies":"3 Byrds","floor":19,"turns":2},{"damage":37,"enemies":"Snake Plant","floor":20,"turns":3},{"damage":11,"enemies":"Chosen and Byrds","floor":22,"turns":4},{"damage":8,"enemies":"Sentry and Sphere","floor":27,"turns":5},{"damage":20,"enemies":"Gremlin Leader","floor":28,"turns":4},{"damage":14,"enemies":"Snake Plant","floor":29,"turns":2},{"damage":0,"enemies":"Snecko","floor":31,"turns":4},{"damage":11,"enemies":"Champ","floor":33,"turns":9},{"damage":1,"enemies":"3 Shapes","floor":35,"turns":3},{"damage":16,"enemies":"Orb Walker","floor":36,"turns":3},{"damage":0,"enemies":"Mind Bloom Boss Battle","floor":37,"turns":4},{"damage":10,"enemies":"2 Orb Walkers","floor":38,"turns":4},{"damage":16,"enemies":"Spire Growth","floor":40,"turns":4},{"damage":0,"enemies":"3 Darklings","floor":44,"turns":3},{"damage":0,"enemies":"Sphere and 2 Shapes","floor":46,"turns":3},{"damage":0,"enemies":"Maw","floor":48,"turns":5},{"damage":122,"enemies":"Awakened One","floor":50,"turns":7}],"seed_played":"-8474360255414985862","potions_obtained":[{"floor":7,"key":"Regen Potion"},{"floor":11,"key":"SpeedPotion"},{"floor":28,"key":"SpeedPotion"},{"floor":29,"key":"Swift Potion"},{"floor":31,"key":"AttackPotion"}],"is_trial":false,"path_per_floor":["M","?","M","?","$","R","E","R","T","R","M","T","?","M","R","B",null,"M","M","M","?","M","R","?","R","T","M","E","M","$","M","R","B",null,"M","M","?","?","?","M","R","$","T","M","?","M","$","M","R","B"],"character_chosen":"DEFECT","items_purchased":["Redo+1","Bird Faced Urn","Machine Learning","Barrage","OrangePellets","Thunder Strike"],"campfire_rested":3,"item_purchase_floors":[5,30,30,30,42,42],"current_hp_per_floor":[77,77,77,77,77,77,45,69,69,69,69,69,69,66,66,26,82,74,63,26,26,15,51,51,82,82,74,54,40,40,44,59,66,82,82,68,76,74,74,66,78,78,78,78,78,78,78,78,78,0],"gold":42,"neow_bonus":"TEN_PERCENT_HP_BONUS","is_prod":false,"is_daily":false,"chose_seed":false,"campfire_upgraded":6,"win_rate":0.0,"timestamp":1546673503,"path_taken":["M","?","?","?","$","R","E","R","T","R","M","?","?","M","R","BOSS","M","M","M","?","M","R","?","R","T","M","E","M","$","M","R","BOSS","M","M","?","?","?","M","R","$","T","M","?","?","?","M","R","BOSS"],"build_version":"2019-01-03v4","purchased_purges":2,"victory":false,"max_hp_per_floor":[82,82,82,82,82,82,82,82,82,82,82,82,82,82,82,82,82,82,82,82,82,82,82,82,82,82,82,82,82,82,82,82,82,82,82,82,82,82,78,78,78,78,78,78,78,78,78,78,78,78],"card_choices":[{"not_picked":["Beam Cell","Leap"],"picked":"Conserve Battery","floor":1},{"not_picked":["Beam Cell","Double Energy+1"],"picked":"Redo+1","floor":3},{"not_picked":["Buffer","Reboot+1"],"picked":"Barrage","floor":7},{"not_picked":["Hologram+1","Gash"],"picked":"Ball Lightning","floor":11},{"not_picked":["Reinforced Body+1","Hologram+1"],"picked":"Defragment","floor":14},{"not_picked":["Seek+1","All For One"],"picked":"Rainbow+1","floor":16},{"not_picked":["Leap+1","Gash"],"picked":"Conserve Battery+1","floor":18},{"not_picked":["Chaos+1","Skim+1"],"picked":"Genetic Algorithm+1","floor":19},{"not_picked":["Genetic Algorithm+1","Steam Power+1"],"picked":"Conserve Battery+1","floor":20},{"not_picked":["Aggregate+1","Steam+1"],"picked":"Storm+1","floor":22},{"not_picked":["Creative AI","Reinforced Body+1"],"picked":"Tempest+1","floor":27},{"not_picked":["Go for the Eyes+1","Hologram+1"],"picked":"Conserve Battery+1","floor":28},{"not_picked":["Barrage","Compile Driver"],"picked":"Leap+1","floor":29},{"not_picked":["Steam+1","Gash+1"],"picked":"Creative AI","floor":31},{"not_picked":["Seek+1","Buffer"],"picked":"Machine Learning","floor":33},{"not_picked":["Reinforced Body+1","Fusion+1"],"picked":"Barrage+1","floor":35},{"not_picked":["Coolheaded+1","Gash+1"],"picked":"Steam Power+1","floor":36},{"not_picked":["Beam Cell","Chill+1"],"picked":"Sweeping Beam","floor":37},{"not_picked":["Go for the Eyes+1","Leap+1"],"picked":"Amplify+1","floor":38},{"not_picked":["Leap+1","Cold Snap+1"],"picked":"Conserve Battery+1","floor":40},{"not_picked":["Auto Shields+1","Sweeping Beam"],"picked":"Heatsinks+1","floor":44},{"not_picked":["Skim+1","Hologram+1"],"picked":"Conserve Battery+1","floor":46},{"not_picked":["Stack+1","All For One"],"picked":"Capacitor+1","floor":48}],"player_experience":5322,"relics_obtained":[{"floor":7,"key":"MawBank"},{"floor":9,"key":"Ancient Tea Set"},{"floor":12,"key":"Bronze Scales"},{"floor":26,"key":"Boot"},{"floor":28,"key":"Pen Nib"},{"floor":37,"key":"Ginger"},{"floor":38,"key":"FossilizedHelix"},{"floor":43,"key":"Mercury Hourglass"}],"event_choices":[{"damage_healed":0,"gold_gain":0,"player_choice":"Paid Gold","damage_taken":0,"relics_obtained":["Toxic Egg 2"],"max_hp_gain":0,"max_hp_loss":0,"event_name":"WeMeetAgain","floor":2,"gold_loss":70},{"damage_healed":0,"gold_gain":0,"player_choice":"Ignored","damage_taken":0,"max_hp_gain":0,"max_hp_loss":0,"event_name":"Liars Game","floor":4,"gold_loss":0},{"damage_healed":0,"gold_gain":0,"cards_transformed":["Strike_B"],"player_choice":"Transformed","damage_taken":0,"max_hp_gain":0,"max_hp_loss":0,"event_name":"Transmorgrifier","floor":13,"gold_loss":0,"cards_obtained":["Steam Power"]},{"damage_healed":0,"gold_gain":0,"player_choice":"Ignored","damage_taken":0,"max_hp_gain":0,"max_hp_loss":0,"event_name":"Ghosts","floor":21,"gold_loss":0},{"damage_healed":0,"gold_gain":0,"player_choice":"Obtained Relic","damage_taken":0,"relics_obtained":["Mummified Hand"],"max_hp_gain":0,"max_hp_loss":0,"event_name":"Addict","floor":24,"gold_loss":85},{"damage_healed":0,"gold_gain":0,"player_choice":"Fight","damage_taken":0,"max_hp_gain":0,"max_hp_loss":0,"event_name":"MindBloom","floor":37,"gold_loss":0},{"damage_healed":0,"gold_gain":0,"player_choice":"Fight","damage_taken":0,"max_hp_gain":0,"max_hp_loss":0,"event_name":"Mysterious Sphere","floor":38,"gold_loss":0},{"damage_healed":0,"gold_gain":0,"player_choice":"Max HP","damage_taken":0,"max_hp_gain":0,"max_hp_loss":4,"event_name":"Winding Halls","floor":39,"gold_loss":0},{"damage_healed":0,"gold_gain":0,"player_choice":"Ignored","damage_taken":0,"max_hp_gain":0,"max_hp_loss":0,"event_name":"NoteForYourself","floor":45,"gold_loss":0}],"is_beta":false,"boss_relics":[{"not_picked":["Orrery","Philosopher\u0027s Stone"],"picked":"Eternal Feather"},{"not_picked":["Lizard Tail","Black Star"],"picked":"Astrolabe"}],"items_purged_floors":[30,42],"is_endless":false,"potions_floor_spawned":[7,11,28,29,31,33,36,38,48],"killed_by":"Awakened One","ascension_level":0}