{"gold_per_floor":[118,134,134,134,134,134,144,144,144,144,163,182,212,137,137,235,235,250,262,281,281,301,326,342,342,342,342,377,211,311,327,327,432,432,442,457,457,468,522,522,535,549,576,576,590,111,139,152,152,152,152,152,5,34,34],"floor_reached":56,"playtime":4934,"items_purged":["Strike_R","Strike_R","Defend_R"],"score":1321,"play_id":"475d8f03-a672-4c89-ae51-e4440d94acbf","local_time":"20190531183101","is_ascension_mode":false,"campfire_choices":[{"data":"Barricade","floor":6.0,"key":"SMITH"},{"data":"Inflame","floor":8.0,"key":"SMITH"},{"data":"1","floor":10.0,"key":"LIFT"},{"data":"2","floor":15.0,"key":"LIFT"},{"data":"Limit Break","floor":27,"key":"SMITH"},{"data":"Entrench","floor":32,"key":"SMITH"},{"data":"Body Slam","floor":40,"key":"SMITH"},{"floor":49,"key":"RECALL"},{"data":"Corruption","floor":52,"key":"SMITH"}],"neow_cost":"CURSE","seed_source_timestamp":0,"circlet_count":0,"master_deck":["Defend_R","Defend_R","Defend_R","Bash+1","Barricade+1","Inflame+1","Iron Wave+1","Thunderclap","Reaper","Limit Break+1","Warcry+1","Entrench+1","Body Slam+1","Body Slam+1","J.A.X.","Shrug It Off","Evolve","Entrench+1","Bloodletting+1","Trip+1","Secret Weapon+1","Good Instincts+1","Armaments+1","True Grit+1","Iron Wave+1","Warcry+1","Shrug It Off+1","Secret Technique+1","Blind+1","Corruption+1","Spot Weakness+1","Dual Wield+1"],"special_seed":0,"relics":["Burning Blood","Girya","Orichalcum","Mark of Pain","Necronomicon","Mummified Hand","Omamori","Smiling Mask","Toxic Egg 2","Dead Branch","Empty Cage","Nunchaku","Red Skull","Anchor","Kunai","Whetstone","Bottled Tornado"],"potions_floor_usage":[23,33,39,54,55],"damage_taken":[{"damage":6.0,"enemies":"2 Louse","floor":1.0,"turns":4.0},{"damage":6.0,"enemies":"Cultist","floor":2.0,"turns":3.0},{"damage":2.0,"enemies":"Small Slimes","floor":7.0,"turns":5.0},{"damage":12.0,"enemies":"3 Louse","floor":11.0,"turns":4.0},{"damage":7.0,"enemies":"Exordium Wildlife","floor":12.0,"turns":5.0},{"damage":24.0,"enemies":"3 Sentries","floor":13.0,"turns":9.0},{"damage":31.0,"enemies":"Slime Boss","floor":16.0,"turns":11.0},{"damage":45.0,"enemies":"3 Byrds","floor":18.0,"turns":6.0},{"damage":27.0,"enemies":"2 Thieves","floor":19.0,"turns":4.0},{"damage":14.0,"enemies":"Snecko","floor":20.0,"turns":6.0},{"damage":20.0,"enemies":"3 Cultists","floor":22.0,"turns":4.0},{"damage":45,"enemies":"Book of Stabbing","floor":23,"turns":6},{"damage":36,"enemies":"Shelled Parasite and Fungi","floor":24,"turns":5},{"damage":13,"enemies":"Gremlin Leader","floor":28,"turns":6},{"damage":37,"enemies":"Colosseum Slavers","floor":30,"turns":6},{"damage":23,"enemies":"Colosseum Nobs","floor":30,"turns":6},{"damage":10,"enemies":"Centurion and Healer","floor":31,"turns":4},{"damage":29,"enemies":"Collector","floor":33,"turns":3},{"damage":40,"enemies":"3 Darklings","floor":35,"turns":4},{"damage":12,"enemies":"Orb Walker","floor":36,"turns":3},{"damage":3,"enemies":"4 Shapes","floor":38,"turns":4},{"damage":64,"enemies":"2 Orb Walkers","floor":39,"turns":6},{"damage":26,"enemies":"3 Darklings","floor":41,"turns":3},{"damage":29,"enemies":"Sphere and 2 Shapes","floor":42,"turns":4},{"damage":29,"enemies":"4 Shapes","floor":45,"turns":4},{"damage":6,"enemies":"Giant Head","floor":47,"turns":5},{"damage":12,"enemies":"Transient","floor":48,"turns":5},{"damage":11,"enemies":"Time Eater","floor":50,"turns":3},{"damage":15,"enemies":"Shield and Spear","floor":54,"turns":5},{"damage":26,"enemies":"The Heart","floor":55,"turns":3}],"seed_played":"2157278467874907400","potions_obtained":[{"floor":2.0,"key":"Energy Potion"},{"floor":11.0,"key":"AttackPotion"},{"floor":13.0,"key":"Poison Potion"},{"floor":19.0,"key":"LiquidBronze"},{"floor":22,"key":"Dexterity Potion"},{"floor":24,"key":"Weak Potion"},{"floor":28,"key":"Energy Potion"},{"floor":33,"key":"SteroidPotion"},{"floor":36,"key":"Block Potion"},{"floor":41,"key":"Energy Potion"},{"floor":54,"key":"PowerPotion"}],"is_trial":false,"path_per_floor":["M","M","?","?","?","R","M","R","T","R","M","M","E","$","R","B",null,"M","M","M","?","M","E","M","?","T","R","E","$","?","M","R","B",null,"M","M","?","M","?","R","M","M","T","?","M","$","E","M","R","B",null,"R","$","E","B",null],"character_chosen":"IRONCLAD","items_purchased":["Shrug It Off","Evolve","Anchor","Secret Technique+1","Blind+1","Corruption","Whetstone"],"campfire_rested":0,"item_purchase_floors":[29,29,46,46,46,46,53],"current_hp_per_floor":[80,80,73,73,73,73,77,77,77,77,71,70,52,52,52,45,80,49,46,51,35,66,49,65,65,65,65,80,80,80,80,80,80,80,69,63,53,80,58,58,63,57,57,57,60,60,60,80,80,75,80,80,80,80,64],"gold":34,"neow_bonus":"THREE_RARE_CARDS","is_prod":false,"is_daily":false,"chose_seed":false,"campfire_upgraded":6,"win_rate":0,"timestamp":1559345461,"path_taken":["M","M","?","?","?","R","M","R","T","R","M","?","E","$","R","BOSS","M","M","M","?","M","E","M","?","T","R","E","$","?","M","R","BOSS","M","M","?","M","?","R","M","M","T","?","?","$","E","M","R","BOSS","R","$","E","BOSS"],"build_version":"2019-01-23","purchased_purges":3,"victory":true,"max_hp_per_floor":[80,80,80,80,80,80,80,80,80,80,80,80,80,80,80,80,80,80,80,80,80,80,80,80,80,80,80,80,80,80,80,80,80,80,80,80,80,80,80,80,80,80,80,80,80,80,80,80,80,80,80,80,80,80,80],"card_choices":[{"not_picked":["Berserk","Juggernaut"],"picked":"Barricade","floor":0.0},{"not_picked":["Carnage","Sword Boomerang","Second Wind"],"picked":"SKIP","floor":1.0},{"not_picked":["Iron Wave","Clothesline"],"picked":"Inflame","floor":2.0},{"not_picked":["Twin Strike","Clothesline","Perfected Strike"],"picked":"SKIP","floor":7.0},{"not_picked":["Pommel Strike","Metallicize","Twin Strike"],"picked":"SKIP","floor":11.0},{"not_picked":["Reckless Charge","Blood for Blood"],"picked":"Thunderclap","floor":12.0},{"not_picked":["Rupture","Wild Strike"],"picked":"Reaper","floor":13.0},{"not_picked":["Immolate","Impervious"],"picked":"Limit Break","floor":16.0},{"not_picked":["Pommel Strike","Dropkick"],"picked":"Warcry+1","floor":18.0},{"not_picked":["Havoc+1","Perfected Strike"],"picked":"Entrench","floor":19.0},{"not_picked":["Thunderclap","Metallicize"],"picked":"Entrench","floor":20.0},{"not_picked":["Clothesline+1","Rage"],"picked":"Body Slam+1","floor":22},{"not_picked":["Shockwave","Warcry","Rampage"],"picked":"SKIP","floor":23},{"not_picked":["Spot Weakness","Havoc+1"],"picked":"Body Slam","floor":24},{"not_picked":["Combust","Twin Strike","Perfected Strike"],"picked":"SKIP","floor":28},{"not_picked":["Juggernaut","Body Slam"],"picked":"Entrench+1","floor":31},{"not_picked":["Pommel Strike","Anger+1","Sword Boomerang"],"picked":"SKIP","floor":35},{"not_picked":["Body Slam","Headbutt+1"],"picked":"Bloodletting+1","floor":36},{"not_picked":["Dramatic Entrance","Blind+1"],"picked":"Trip+1","floor":37},{"not_picked":["Mayhem","Metamorphosis+1"],"picked":"Secret Weapon+1","floor":37},{"not_picked":["Jack Of All Trades+1","Madness+1"],"picked":"Good Instincts+1","floor":37},{"not_picked":["Flex+1","Inflame+1"],"picked":"Armaments+1","floor":38},{"not_picked":["Headbutt","Twin Strike+1"],"picked":"True Grit+1","floor":39},{"not_picked":["Wild Strike","Twin Strike"],"picked":"Iron Wave+1","floor":41},{"not_picked":["Berserk","Blood for Blood+1"],"picked":"Warcry+1","floor":42},{"not_picked":["True Grit+1","Havoc+1"],"picked":"Shrug It Off+1","floor":45},{"not_picked":["Infernal Blade+1","Fire Breathing+1"],"picked":"Spot Weakness+1","floor":47},{"not_picked":["Twin Strike","Flex+1"],"picked":"Dual Wield+1","floor":48},{"not_picked":["Juggernaut","Armaments+1","Seeing Red+1"],"picked":"SKIP","floor":54}],"player_experience":297506,"relics_obtained":[{"floor":9.0,"key":"Girya"},{"floor":13.0,"key":"Orichalcum"},{"floor":23,"key":"Omamori"},{"floor":28,"key":"Smiling Mask"},{"floor":30,"key":"Toxic Egg 2"},{"floor":30,"key":"Dead Branch"},{"floor":39,"key":"Nunchaku"},{"floor":43,"key":"Red Skull"},{"floor":47,"key":"Kunai"},{"floor":54,"key":"Bottled Tornado"}],"event_choices":[{"cards_removed":["Strike_R"],"damage_healed":0.0,"max_hp_gain":0.0,"max_hp_loss":0.0,"gold_gain":0.0,"event_name":"Golden Wing","player_choice":"Card Removal","floor":3.0,"gold_loss":0.0,"damage_taken":7.0},{"cards_removed":["Clumsy"],"damage_healed":0.0,"max_hp_gain":0.0,"max_hp_loss":0.0,"gold_gain":0.0,"event_name":"Living Wall","player_choice":"Forget","floor":4.0,"gold_loss":0.0,"damage_taken":0.0},{"cards_removed":["Strike_R"],"damage_healed":0.0,"max_hp_gain":0.0,"max_hp_loss":0.0,"gold_gain":0.0,"event_name":"NoteForYourself","player_choice":"Took Card","floor":5.0,"gold_loss":0.0,"damage_taken":0.0,"cards_obtained":["Iron Wave"]},{"damage_healed":0.0,"max_hp_gain":0.0,"max_hp_loss":0.0,"gold_gain":0.0,"event_name":"Cursed Tome","player_choice":"Obtained Book","floor":21.0,"gold_loss":0.0,"damage_taken":16.0},{"damage_healed":0,"gold_gain":0,"player_choice":"Obtain J.A.X.","damage_taken":0,"max_hp_gain":0,"max_hp_loss":0,"event_name":"Drug Dealer","floor":25,"gold_loss":0,"cards_obtained":["J.A.X."]},{"damage_healed":0,"gold_gain":0,"player_choice":"Fight","damage_taken":0,"max_hp_gain":0,"max_hp_loss":0,"event_name":"Colosseum","floor":30,"gold_loss":0},{"damage_healed":0,"gold_gain":0,"player_choice":"Fought Nobs","damage_taken":0,"max_hp_gain":0,"max_hp_loss":0,"event_name":"Colosseum","floor":30,"gold_loss":0},{"damage_healed":0,"gold_gain":0,"player_choice":"Memory 3","damage_taken":10,"max_hp_gain":0,"max_hp_loss":0,"event_name":"SensoryStone","floor":37,"gold_loss":0},{"damage_healed":0,"gold_gain":0,"player_choice":"Fight","damage_taken":0,"max_hp_gain":0,"max_hp_loss":0,"event_name":"Mysterious Sphere","floor":39,"gold_loss":0},{"damage_healed":0,"gold_gain":0,"player_choice":"Cursed","damage_taken":0,"max_hp_gain":0,"max_hp_loss":0,"event_name":"Wheel of Change","floor":44,"gold_loss":0,"cards_obtained":["Decay"]}],"is_beta":false,"boss_relics":[{"not_picked":["Busted Crown","Velvet Choker"],"picked":"Mark of Pain"},{"not_picked":["White Beast Statue","Black Star"],"picked":"Empty Cage"}],"items_purged_floors":[14,29,46],"is_endless":false,"potions_floor_spawned":[2,11,13,19,22,24,28,33,35,36,38,41,48,54],"ascension_level":0}