{"gold_per_floor":[112,112,126,76,89,89,103,121,145,145,145,157,157,175,175,273,273,291,306,306,87,87,87,116,69,69,86,86,86,86,101,101,101],"floor_reached":33,"playtime":1974,"items_purged":["Shame"],"score":282,"play_id":"e533568b-2409-41a3-98bd-ed6d91542050","local_time":"20190525120254","is_ascension_mode":false,"campfire_choices":[{"data":"Sweeping Beam","floor":6,"key":"SMITH"},{"data":"Consume","floor":10,"key":"SMITH"},{"data":"Cold Snap","floor":13,"key":"SMITH"},{"data":"Coolheaded","floor":15,"key":"SMITH"},{"data":"Rainbow","floor":23,"key":"SMITH"},{"floor":30,"key":"REST"},{"floor":32,"key":"REST"}],"neow_cost":"NONE","seed_source_timestamp":408138721912190,"circlet_count":0,"master_deck":["Strike_B","Strike_B+1","Strike_B+1","Defend_B","Defend_B","Defend_B","Defend_B","Zap","Dualcast","Sweeping Beam+1","Cold Snap","Stack","Consume+1","Cold Snap+1","Coolheaded+1","Core Surge","Static Discharge+1","Ball Lightning","Cold Snap","Rainbow+1","Turbo","Blizzard","Cold Snap","BootSequence","RitualDagger+1","Glacier"],"relics":["Cracked Core","NeowsBlessing","Ancient Tea Set","Shuriken","Nuclear Battery","Smiling Mask","Whetstone","Molten Egg 2"],"potions_floor_usage":[8,16,18,18,24,27],"damage_taken":[{"damage":0,"enemies":"Jaw Worm","floor":1,"turns":1},{"damage":0,"enemies":"Cultist","floor":3,"turns":1},{"damage":0,"enemies":"2 Louse","floor":5,"turns":1},{"damage":7,"enemies":"Blue Slaver","floor":7,"turns":5},{"damage":0,"enemies":"Lots of Slimes","floor":8,"turns":1},{"damage":0,"enemies":"3 Louse","floor":12,"turns":2},{"damage":0,"enemies":"Blue Slaver","floor":14,"turns":3},{"damage":30,"enemies":"Hexaghost","floor":16,"turns":14},{"damage":15,"enemies":"2 Thieves","floor":18,"turns":3},{"damage":7,"enemies":"Spheric Guardian","floor":19,"turns":4},{"damage":25,"enemies":"Slavers","floor":24,"turns":4},{"damage":2,"enemies":"3 Cultists","floor":27,"turns":4},{"damage":8,"enemies":"Colosseum Slavers","floor":28,"turns":4},{"damage":8,"enemies":"Snecko","floor":31,"turns":5},{"damage":63,"enemies":"Automaton","floor":33,"turns":6}],"seed_played":"-5282400341404643823","potions_obtained":[{"floor":2,"key":"PowerPotion"},{"floor":2,"key":"Weak Potion"},{"floor":2,"key":"Explosive Potion"},{"floor":5,"key":"PowerPotion"},{"floor":8,"key":"SteroidPotion"},{"floor":12,"key":"Fire Potion"},{"floor":16,"key":"LiquidBronze"},{"floor":24,"key":"Explosive Potion"},{"floor":27,"key":"FearPotion"}],"is_trial":false,"path_per_floor":["?","M","?","T","M","?","?","$","?","?"],"character_chosen":"DEFECT","items_purchased":["Cold Snap","Rainbow","Turbo","Cold Snap"],"campfire_rested":2,"item_purchase_floors":[21,21,21,25],"current_hp_per_floor":[75,75,75,75,75,75,68,68,68,68,68,68,68,68,68,38,75,60,53,53,53,53,53,28,28,28,26,18,12,34,26,48,0],"gold":101,"neow_bonus":"THREE_ENEMY_KILL","is_prod":false,"is_daily":false,"chose_seed":false,"campfire_upgraded":5,"win_rate":0,"timestamp":1558800174,"path_taken":["M","?","?","?","M","R","M","M","T","R","?","M","R","?","R","BOSS","M","M","?","$","?","R","E","?","T","M","?","?","R","M","R","BOSS"],"build_version":"2019-01-23","purchased_purges":1,"victory":false,"max_hp_per_floor":[75,75,75,75,75,75,75,75,75,75,75,75,75,75,75,75,75,75,75,75,75,75,75,75,75,75,75,75,75,75,75,75,75],"card_choices":[{"not_picked":["Compile Driver","Go for the Eyes"],"picked":"Sweeping Beam","floor":1},{"not_picked":["Reinforced Body","Go for the Eyes"],"picked":"Cold Snap","floor":3},{"not_picked":["Barrage","Go for the Eyes"],"picked":"Stack","floor":5},{"not_picked":["Steam","Sweeping Beam","Hyperbeam"],"picked":"SKIP","floor":7},{"not_picked":["Compile Driver","Redo"],"picked":"Consume","floor":8},{"not_picked":["Hologram","Sweeping Beam"],"picked":"Cold Snap","floor":12},{"not_picked":["Reboot","Compile Driver"],"picked":"Coolheaded","floor":14},{"not_picked":["Thunder Strike","Multi-Cast"],"picked":"Core Surge","floor":16},{"not_picked":["Go for the Eyes","Turbo"],"picked":"Static Discharge+1","floor":18},{"not_picked":["Steam","Coolheaded+1"],"picked":"Ball Lightning","floor":19},{"not_picked":["Melter+1","Leap+1"],"picked":"Blizzard","floor":24},{"not_picked":["Streamline+1","Leap"],"picked":"BootSequence","floor":27},{"not_picked":["Chaos","Auto Shields+1"],"picked":"Glacier","floor":31}],"player_experience":565157,"relics_obtained":[{"floor":9,"key":"Ancient Tea Set"},{"floor":11,"key":"Shuriken"},{"floor":24,"key":"Whetstone"},{"floor":26,"key":"Molten Egg 2"}],"event_choices":[{"damage_healed":0,"gold_gain":0,"player_choice":"Got Potions","damage_taken":0,"max_hp_gain":0,"max_hp_loss":0,"event_name":"Lab","floor":2,"gold_loss":0},{"cards_removed":["Strike_B"],"damage_healed":0,"gold_gain":0,"player_choice":"Card Removal","damage_taken":0,"max_hp_gain":0,"max_hp_loss":0,"event_name":"The Cleric","floor":4,"gold_loss":50},{"damage_healed":0,"gold_gain":0,"player_choice":"Stole Relic","damage_taken":0,"relics_obtained":["Smiling Mask"],"max_hp_gain":0,"max_hp_loss":0,"event_name":"Addict","floor":20,"gold_loss":0,"cards_obtained":["Shame"]},{"damage_healed":0,"gold_gain":0,"player_choice":"Ignored","damage_taken":0,"max_hp_gain":0,"max_hp_loss":0,"event_name":"Ghosts","floor":22,"gold_loss":0},{"damage_healed":0,"gold_gain":0,"player_choice":"Fight","damage_taken":0,"max_hp_gain":0,"max_hp_loss":0,"event_name":"Colosseum","floor":28,"gold_loss":0},{"damage_healed":0,"gold_gain":0,"player_choice":"Fled From Nobs","damage_taken":0,"max_hp_gain":0,"max_hp_loss":0,"event_name":"Colosseum","floor":28,"gold_loss":0},{"damage_healed":0,"gold_gain":0,"player_choice":"Joined the Cult","damage_taken":6,"max_hp_gain":0,"max_hp_loss":0,"event_name":"Nest","floor":29,"gold_loss":0,"cards_obtained":["RitualDagger"]}],"is_beta":false,"boss_relics":[{"not_picked":["Philosopher\u0027s Stone","Calling Bell"],"picked":"Nuclear Battery"}],"items_purged_floors":[21],"is_endless":false,"potions_floor_spawned":[5,8,12,16,24,27],"killed_by":"Automaton","ascension_level":0}