{"path_per_floor":["M","M","?","M","M","R","$","R","T","$","M","?","R","M","R","B",null,"M","$","?","M","M","R","M","$","T","M","$","M","M","M","R","B",null,"M","?","M","M","M","R","?","R","T","M","M","M","M","?","R","B"],"character_chosen":"IRONCLAD","items_purchased":["Self Forming Clay","Shrug It Off","Metallicize","Orichalcum","Battle Trance","Whetstone","Flex"],"gold_per_floor":[114,429,429,444,459,459,209,209,259,24,39,69,69,84,84,184,184,229,1,1,16,31,31,46,46,71,86,41,56,71,86,86,186,186,201,201,216,231,246,246,246,246,271,286,301,316,331,331,331,331],"floor_reached":51,"campfire_rested":0,"playtime":4659,"current_hp_per_floor":[78,78,78,80,78,78,78,78,78,78,80,80,80,87,87,50,87,81,81,81,79,70,70,68,68,68,74,74,68,65,63,63,27,87,86,86,84,87,87,87,76,76,76,78,87,87,79,79,79,76],"items_purged":[],"gold":331,"score":774,"play_id":"f89c26d0-fed8-404a-9732-2a20b91d518d","local_time":"20180430201357","daily_mods":["Allstar","Vintage","Hoarder"],"is_prod":false,"is_daily":true,"chose_seed":false,"is_ascension_mode":false,"campfire_upgraded":9,"timestamp":1525133637,"path_taken":["M","M","?","M","M","R","$","R","T","?","M","?","R","?","R","BOSS","M","$","?","M","M","R","M","?","T","?","$","M","M","M","R","BOSS","M","?","M","M","M","R","?","R","T","M","?","M","M","?","R","BOSS"],"build_version":"2018-04-28v2","seed_source_timestamp":1632514137039790,"purchased_purges":0,"victory":true,"master_deck":["Strike_R","Strike_R","Strike_R+1","Strike_R+1","Strike_R","Defend_R","Bash","Secret Weapon","Secret Weapon","Secret Weapon+1","Master of Strategy+1","Master of Strategy","Master of Strategy","Blind+1","Blind","Blind","Blind","Blind","Transmutation+1","Transmutation","Transmutation","Shrug It Off","Shrug It Off","Shrug It Off","Metallicize+1","Metallicize+1","Metallicize","Limit Break+1","Limit Break","Limit Break","Offering+1","Offering+1","Offering+1","Disarm+1","Disarm+1","Disarm+1","Bludgeon+1","Bludgeon+1","Bludgeon+1","Battle Trance","Battle Trance","Battle Trance","Heavy Blade+1","Heavy Blade+1","Heavy Blade","Flex+1","Flex+1","Flex","Madness","Madness","Madness","Madness","Madness","Madness","Madness","Madness","Madness"],"max_hp_per_floor":[80,80,80,80,80,80,80,80,80,80,80,80,80,87,87,87,87,87,87,87,87,87,87,87,87,87,87,87,87,87,87,87,87,87,87,87,87,87,87,87,87,87,87,87,87,87,87,87,87,87],"relics":["Black Blood","Art of War","Old Coin","Dodecahedron","Darkstone Periapt","Self Forming Clay","Vajra","Orichalcum","Prayer Wheel","Strawberry","Ornamental Fan","Astrolabe","Tiny Chest","Whetstone","Mercury Hourglass","Charon\u0027s Ashes","Bag of Marbles","Pen Nib","Oddly Smooth Stone","The Courier","Dream Catcher","Torii","Letter Opener","Paper Frog","War Paint","Happy Flower","Ancient Tea Set","Bag of Preparation","Bronze Scales","Juzu Bracelet","Sundial","Matryoshka"],"card_choices":[{"not_picked":["Berserk","Feed"],"picked":"Limit Break","floor":16},{"not_picked":["Warcry","Body Slam"],"picked":"Heavy Blade","floor":26},{"not_picked":["Thinking Ahead","Sadistic Nature"],"picked":"Madness","floor":36}],"player_experience":43031,"potions_floor_usage":[],"damage_taken":[{"damage":8,"enemies":"Jaw Worm","floor":1,"turns":4},{"damage":6,"enemies":"Small Slimes","floor":2,"turns":5},{"damage":0,"enemies":"2 Louse","floor":4,"turns":5},{"damage":8,"enemies":"2 Fungi Beasts","floor":5,"turns":6},{"damage":2,"enemies":"Gremlin Gang","floor":11,"turns":6},{"damage":0,"enemies":"Blue Slaver","floor":14,"turns":6},{"damage":43,"enemies":"Hexaghost","floor":16,"turns":23},{"damage":12,"enemies":"Shell Parasite","floor":18,"turns":4},{"damage":8,"enemies":"3 Byrds","floor":21,"turns":6},{"damage":15,"enemies":"Snake Plant","floor":22,"turns":2},{"damage":8,"enemies":"Cultist and Chosen","floor":24,"turns":3},{"damage":0,"enemies":"Snecko","floor":27,"turns":2},{"damage":12,"enemies":"Slaver and Parasite","floor":29,"turns":4},{"damage":9,"enemies":"Cultist and Chosen","floor":30,"turns":5},{"damage":8,"enemies":"Chosen and Byrds","floor":31,"turns":2},{"damage":42,"enemies":"Collector","floor":33,"turns":5},{"damage":11,"enemies":"3 Darklings","floor":35,"turns":2},{"damage":12,"enemies":"3 Shapes","floor":37,"turns":3},{"damage":7,"enemies":"Sphere and 2 Shapes","floor":38,"turns":3},{"damage":0,"enemies":"4 Shapes","floor":39,"turns":3},{"damage":8,"enemies":"Maw","floor":44,"turns":1},{"damage":0,"enemies":"Sphere and 2 Shapes","floor":45,"turns":2},{"damage":8,"enemies":"3 Darklings","floor":46,"turns":1},{"damage":18,"enemies":"Maw","floor":47,"turns":4},{"damage":13,"enemies":"Donu and Deca","floor":50,"turns":3}],"event_choices":[{"event_name":"Living Wall","player_choice":"Forget","floor":3,"damage_taken":0},{"event_name":"Dead Adventurer","player_choice":"Searched \u00271\u0027 times","floor":12,"damage_taken":0},{"event_name":"Vampires","player_choice":"Ignored","floor":20,"damage_taken":0},{"event_name":"SensoryStone","player_choice":"Memory 1","floor":36,"damage_taken":0},{"event_name":"Winding Halls","player_choice":"Embrace Madness","floor":41,"damage_taken":0},{"event_name":"Mysterious Sphere","player_choice":"Ignore","floor":48,"damage_taken":0}],"boss_relics":[{"not_picked":["Philosopher\u0027s Stone","Snecko Eye"],"picked":"Astrolabe"},{"not_picked":["Tiny House","Black Star"],"picked":"Black Blood"}],"potions_floor_spawned":[2,4,11,18,22,29,30,33,37,39,44],"seed_played":"459085969939576442","ascension_level":0,"is_trial":false}