{"gold_per_floor":[118,129,140,151,167,167,180,193,193,158,158,168,168,21,21,124,124,143,143],"floor_reached":19,"playtime":1613,"items_purged":["Strike_G"],"score":163,"play_id":"e8bd18e1-8c9c-45c8-b65b-e677ec050c6b","local_time":"20190526085637","is_ascension_mode":false,"campfire_choices":[{"data":"Accuracy","floor":6.0,"key":"SMITH"},{"data":"Infinite Blades","floor":13.0,"key":"SMITH"},{"data":"Accuracy","floor":15.0,"key":"SMITH"}],"neow_cost":"NONE","seed_source_timestamp":0,"circlet_count":0,"master_deck":["Defend_G","Defend_G","Defend_G","Defend_G","Defend_G","Strike_G","Strike_G","Strike_G","Survivor","Neutralize","Blade Dance","Tactician","Cloak And Dagger","Dagger Throw","Accuracy+1","Choke","Backflip","Acrobatics","Infinite Blades+1","Accuracy+1","Tools of the Trade","Flying Knee"],"special_seed":0,"relics":["Ring of the Snake","Meat on the Bone","Philosopher\u0027s Stone"],"potions_floor_usage":[],"damage_taken":[{"damage":2.0,"enemies":"Small Slimes","floor":1.0,"turns":6.0},{"damage":0.0,"enemies":"2 Louse","floor":2.0,"turns":4.0},{"damage":0.0,"enemies":"Cultist","floor":3.0,"turns":4.0},{"damage":0.0,"enemies":"Exordium Wildlife","floor":4.0,"turns":6.0},{"damage":10.0,"enemies":"Red Slaver","floor":5.0,"turns":5.0},{"damage":3.0,"enemies":"2 Fungi Beasts","floor":7.0,"turns":3.0},{"damage":2.0,"enemies":"Blue Slaver","floor":8.0,"turns":4.0},{"damage":5.0,"enemies":"Lots of Slimes","floor":12.0,"turns":5.0},{"damage":51.0,"enemies":"The Guardian","floor":16.0,"turns":9.0},{"damage":11.0,"enemies":"2 Thieves","floor":18.0,"turns":3.0},{"damage":0,"enemies":"3 Byrds","floor":19,"turns":1}],"seed_played":"-788972780789649814","potions_obtained":[{"floor":2.0,"key":"PowerPotion"},{"floor":5.0,"key":"Regen Potion"},{"floor":7.0,"key":"Energy Potion"},{"floor":8.0,"key":"GamblersBrew"},{"floor":16.0,"key":"Energy Potion"},{"floor":18.0,"key":"Block Potion"}],"is_trial":false,"path_per_floor":["?","?"],"character_chosen":"THE_SILENT","items_purchased":["Accuracy"],"campfire_rested":0,"item_purchase_floors":[14],"current_hp_per_floor":[68,68,68,68,58,58,55,53,53,70,70,65,65,65,65,41,70,59,59],"gold":143,"neow_bonus":"THREE_CARDS","is_prod":false,"is_daily":false,"chose_seed":false,"campfire_upgraded":3,"win_rate":0,"timestamp":1558875397,"path_taken":["M","M","M","M","M","R","M","M","T","?","?","M","R","$","R","BOSS","M","M"],"build_version":"2019-01-23","purchased_purges":1,"victory":false,"max_hp_per_floor":[70,70,70,70,70,70,70,70,70,70,70,70,70,70,70,70,70,70,70],"card_choices":[{"not_picked":["Concentrate","Reflex"],"picked":"Blade Dance","floor":0.0},{"not_picked":["PiercingWail","Sucker Punch"],"picked":"Tactician","floor":1.0},{"not_picked":["Poisoned Stab","PiercingWail"],"picked":"Cloak And Dagger","floor":2.0},{"not_picked":["Quick Slash","Slice"],"picked":"Dagger Throw","floor":3.0},{"not_picked":["Crippling Poison","Backstab"],"picked":"Accuracy","floor":4.0},{"not_picked":["Outmaneuver","Skewer"],"picked":"Choke","floor":5.0},{"not_picked":["Dodge and Roll","Masterful Stab"],"picked":"Backflip","floor":7.0},{"not_picked":["Venomology","Backstab"],"picked":"Acrobatics","floor":8.0},{"not_picked":["Prepared","Accuracy"],"picked":"Infinite Blades","floor":12.0},{"not_picked":["Die Die Die","Bullet Time"],"picked":"Tools of the Trade","floor":16.0},{"not_picked":["PiercingWail","Backstab"],"picked":"Flying Knee","floor":18.0}],"player_experience":567131,"relics_obtained":[{"floor":9.0,"key":"Meat on the Bone"}],"event_choices":[{"damage_healed":17.0,"max_hp_gain":0.0,"max_hp_loss":0.0,"gold_gain":0.0,"event_name":"The Cleric","player_choice":"Healed","floor":10.0,"gold_loss":35.0,"damage_taken":0.0},{"cards_removed":["Strike_G"],"damage_healed":0.0,"max_hp_gain":0.0,"max_hp_loss":0.0,"gold_gain":0.0,"event_name":"Living Wall","player_choice":"Forget","floor":11.0,"gold_loss":0.0,"damage_taken":0.0}],"is_beta":false,"boss_relics":[{"not_picked":["Lizard Tail","Velvet Choker"],"picked":"Philosopher\u0027s Stone"}],"items_purged_floors":[14],"is_endless":false,"potions_floor_spawned":[2,5,7,8,16,18],"killed_by":"3 Byrds","ascension_level":0}