{"gold_per_floor":[112,112,123,141,158,186,186,71,71,71,71,88,98,110,110,208,208,228,228,228,217,62,62,82,82,82,157,173,173,190,202,202,302,302,317,334,351,198,209,209,209,209,263,263,278,289,302,312,312,312],"floor_reached":51,"playtime":6221,"items_purged":["Strike_G","Defend_G"],"score":607,"play_id":"54368929-ab36-4333-8ca0-d22a53e40903","local_time":"20180924022352","is_ascension_mode":false,"campfire_choices":[{"data":"Neutralize","floor":7,"key":"SMITH"},{"floor":10,"key":"REST"},{"data":"Infinite Blades","floor":15,"key":"SMITH"},{"data":"Accuracy","floor":23,"key":"SMITH"},{"data":"Envenom","floor":25,"key":"SMITH"},{"floor":29,"key":"REST"},{"floor":32,"key":"REST"},{"data":"Accuracy","floor":40,"key":"SMITH"},{"data":"Dodge and Roll","floor":42,"key":"SMITH"},{"floor":44,"key":"REST"},{"floor":49,"key":"REST"}],"neow_cost":"NONE","seed_source_timestamp":909475434073813,"circlet_count":0,"master_deck":["Defend_G","Defend_G","Survivor","Neutralize+1","Escape Plan","Sucker Punch","Prepared","Dodge and Roll+1","Deflect","Blade Dance+1","Infinite Blades+1","Cloak And Dagger+1","Storm of Steel+1","Calculated Gamble+1","Escape Plan+1","Envenom+1","Well Laid Plans+1","Poisoned Stab+1","Footwork+1","Accuracy+1","Accuracy+1","Prepared+1","Blade Dance+1","Burst+1","Reflex+1","Cloak And Dagger+1","Cloak And Dagger+1","Backflip+1","Finisher+1","Malaise+1"],"relics":["Ring of the Snake","Toxic Egg 2","Mango","Astrolabe","Matryoshka","HoveringKite","Pen Nib","Tiny Chest"],"potions_floor_usage":[6,16,16,33,33,39,45,50,50,50],"damage_taken":[{"damage":0,"enemies":"2 Louse","floor":1,"turns":5},{"damage":2,"enemies":"Cultist","floor":3,"turns":5},{"damage":0,"enemies":"Jaw Worm","floor":4,"turns":5},{"damage":6,"enemies":"3 Louse","floor":5,"turns":5},{"damage":37,"enemies":"Gremlin Nob","floor":6,"turns":8},{"damage":0,"enemies":"Gremlin Gang","floor":12,"turns":5},{"damage":11,"enemies":"Lots of Slimes","floor":13,"turns":5},{"damage":5,"enemies":"Red Slaver","floor":14,"turns":5},{"damage":29,"enemies":"The Guardian","floor":16,"turns":21},{"damage":0,"enemies":"Chosen","floor":18,"turns":4},{"damage":18,"enemies":"2 Thieves","floor":21,"turns":4},{"damage":17,"enemies":"Shelled Parasite and Fungi","floor":24,"turns":6},{"damage":16,"enemies":"Cultist and Chosen","floor":28,"turns":5},{"damage":14,"enemies":"Centurion and Healer","floor":30,"turns":4},{"damage":5,"enemies":"Shelled Parasite and Fungi","floor":31,"turns":5},{"damage":14,"enemies":"Champ","floor":33,"turns":9},{"damage":13,"enemies":"Orb Walker","floor":35,"turns":5},{"damage":9,"enemies":"3 Darklings","floor":36,"turns":7},{"damage":9,"enemies":"Spire Growth","floor":37,"turns":5},{"damage":12,"enemies":"4 Shapes","floor":39,"turns":7},{"damage":23,"enemies":"Transient","floor":45,"turns":5},{"damage":0,"enemies":"3 Darklings","floor":46,"turns":5},{"damage":7,"enemies":"Maw","floor":47,"turns":6},{"damage":20,"enemies":"4 Shapes","floor":48,"turns":6},{"damage":40,"enemies":"Donu and Deca","floor":50,"turns":10}],"seed_played":"-3866475043543020963","potions_obtained":[{"floor":3,"key":"Block Potion"},{"floor":6,"key":"Block Potion"},{"floor":12,"key":"Swift Potion"},{"floor":16,"key":"Explosive Potion"},{"floor":24,"key":"FearPotion"},{"floor":30,"key":"Ancient Potion"},{"floor":33,"key":"Explosive Potion"},{"floor":36,"key":"EssenceOfSteel"},{"floor":39,"key":"SpeedPotion"},{"floor":46,"key":"GhostInAJar"}],"is_trial":false,"path_per_floor":["M","?","M","M","M","E","R","$","T","R","?","M","M","M","R","B",null,"M","?","?","M","$","R","M","R","T","?","M","R","M","M","R","B",null,"M","M","M","$","M","R","?","R","T","R","M","M","M","M","R","B"],"character_chosen":"THE_SILENT","items_purchased":["Infinite Blades","Cloak And Dagger+1","Accuracy","Cloak And Dagger+1"],"campfire_rested":5,"item_purchase_floors":[8,8,22,38],"current_hp_per_floor":[70,70,68,68,62,25,25,25,39,64,64,64,53,48,48,19,84,84,84,84,66,66,66,49,49,49,41,25,50,36,31,56,42,84,71,62,53,53,41,41,41,41,41,66,43,43,36,16,41,1],"gold":312,"neow_bonus":"TRANSFORM_CARD","is_prod":false,"is_daily":false,"chose_seed":false,"campfire_upgraded":6,"win_rate":0.0,"timestamp":1537770232,"path_taken":["M","?","M","M","M","E","R","$","T","R","?","?","M","M","R","BOSS","M","?","?","M","?","R","M","R","T","?","?","R","?","M","R","BOSS","M","?","M","$","M","R","?","R","T","R","M","M","M","M","R","BOSS"],"build_version":"2018-09-20","purchased_purges":2,"victory":true,"max_hp_per_floor":[70,70,70,70,70,70,70,70,84,84,84,84,84,84,84,84,84,84,84,84,84,84,84,84,84,84,84,84,84,84,84,84,84,84,84,84,84,84,84,84,84,84,84,84,84,84,84,84,84,84],"card_choices":[{"not_picked":["Leg Sweep","Dagger Spray"],"picked":"Sucker Punch","floor":1},{"not_picked":["Outmaneuver","Tactician"],"picked":"Prepared","floor":3},{"not_picked":["Noxious Fumes","All Out Attack"],"picked":"Dodge and Roll","floor":4},{"not_picked":["Tactician","Bane"],"picked":"Deflect","floor":5},{"not_picked":["Prepared","Crippling Poison"],"picked":"Blade Dance","floor":6},{"not_picked":["Eviscerate","Flying Knee"],"picked":"Storm of Steel+1","floor":12},{"not_picked":["Sucker Punch","Prepared+1"],"picked":"Calculated Gamble+1","floor":13},{"not_picked":["All Out Attack","Underhanded Strike"],"picked":"Escape Plan+1","floor":14},{"not_picked":["Bullet Time+1","Corpse Explosion+1"],"picked":"Envenom","floor":16},{"not_picked":["Sucker Punch","Predator","Dagger Throw"],"picked":"SKIP","floor":18},{"not_picked":["Slice+1","Dagger Throw+1"],"picked":"PiercingWail+1","floor":21},{"not_picked":["Choke","Poisoned Stab","Die Die Die"],"picked":"SKIP","floor":24},{"not_picked":["Crippling Poison+1","Catalyst+1","Deadly Poison+1"],"picked":"SKIP","floor":28},{"not_picked":["Expertise+1","Dagger Spray"],"picked":"Prepared+1","floor":30},{"not_picked":["Outmaneuver+1","Prepared+1"],"picked":"Blade Dance+1","floor":31},{"not_picked":["Corpse Explosion+1","Phantasmal Killer+1"],"picked":"Burst+1","floor":33},{"not_picked":["Deadly Poison+1","Backflip+1"],"picked":"Reflex+1","floor":35},{"not_picked":["Backstab","Deadly Poison+1"],"picked":"Cloak And Dagger+1","floor":36},{"not_picked":["Quick Slash+1","Heel Hook","Blade Dance+1"],"picked":"SKIP","floor":37},{"not_picked":["Prepared+1","Endless Agony+1","Doppelganger+1"],"picked":"SKIP","floor":39},{"not_picked":["Prepared+1","Crippling Poison+1"],"picked":"Backflip+1","floor":45},{"not_picked":["Skewer+1","Prepared+1","Sucker Punch"],"picked":"SKIP","floor":46},{"not_picked":["Backflip+1","Flying Knee"],"picked":"Finisher+1","floor":47},{"not_picked":["Underhanded Strike","Bane"],"picked":"Malaise+1","floor":48}],"player_experience":139660,"relics_obtained":[{"floor":6,"key":"Toxic Egg 2"},{"floor":9,"key":"Mango"},{"floor":26,"key":"Matryoshka"},{"floor":43,"key":"Pen Nib"},{"floor":43,"key":"Tiny Chest"}],"event_choices":[{"event_name":"Bonfire Elementals","player_choice":"BASIC","floor":2,"damage_taken":0},{"event_name":"Match and Keep!","player_choice":"0 cards matched","floor":11,"damage_taken":0},{"event_name":"Back to Basics","player_choice":"Elegance","floor":19,"damage_taken":0},{"event_name":"The Library","player_choice":"Read","floor":20,"damage_taken":0},{"event_name":"FaceTrader","player_choice":"Touch","floor":27,"damage_taken":0},{"event_name":"Falling","player_choice":"Removed Skill","floor":41,"damage_taken":0}],"is_beta":false,"boss_relics":[{"not_picked":["Lizard Tail","Ectoplasm"],"picked":"Astrolabe"},{"not_picked":["Black Star","Fusion Hammer"],"picked":"HoveringKite"}],"items_purged_floors":[22,38],"is_endless":false,"potions_floor_spawned":[3,6,12,16,24,30,33,36,39,46,48],"ascension_level":0}