{"gold_per_floor":[361,15,33,47,47,75,75,103,175,202,202,202,237,247,247,350,350,367,367,292,391,410,443,443,475,528,545,468,488,515,534,534,534],"floor_reached":33,"playtime":3195,"items_purged":["Strike_B"],"score":517,"play_id":"346de6c3-5d17-4f73-a7b1-4ec369b3db80","local_time":"20190525122033","is_ascension_mode":true,"campfire_choices":[{"data":"Zap","floor":7.0,"key":"SMITH"},{"floor":11.0,"key":"REST"},{"data":"Electrodynamics","floor":15.0,"key":"SMITH"},{"data":"Hologram","floor":24.0,"key":"SMITH"},{"data":"Static Discharge","floor":32,"key":"SMITH"}],"neow_cost":"PERCENT_DAMAGE","seed_source_timestamp":545960617650628,"circlet_count":0,"master_deck":["Defend_B","Defend_B+1","Defend_B","Defend_B+1","Zap+1","Dualcast","Undo","Loop","Doom and Gloom","Auto Shields","Electrodynamics+1","Static Discharge+1","Compile Driver","Thunder Strike","Machine Learning","Hologram+1","Loop","Skim","Conserve Battery+1","BootSequence","Hologram+1"],"special_seed":0,"relics":["Cracked Core","Ice Cream","Orichalcum","Mummified Hand","Smiling Mask","Blood Vial","Meat on the Bone","Coffee Dripper","Peace Pipe","Pen Nib","PreservedInsect","Juzu Bracelet"],"potions_floor_usage":[30,31],"damage_taken":[{"damage":0.0,"enemies":"Cultist","floor":1.0,"turns":4.0},{"damage":0.0,"enemies":"Small Slimes","floor":3.0,"turns":2.0},{"damage":0.0,"enemies":"2 Louse","floor":4.0,"turns":3.0},{"damage":19.0,"enemies":"Lagavulin","floor":6.0,"turns":8.0},{"damage":23.0,"enemies":"Gremlin Nob","floor":8.0,"turns":4.0},{"damage":2.0,"enemies":"3 Sentries","floor":10.0,"turns":4.0},{"damage":5.0,"enemies":"Lagavulin","floor":13.0,"turns":4.0},{"damage":0.0,"enemies":"Blue Slaver","floor":14.0,"turns":3.0},{"damage":0.0,"enemies":"The Guardian","floor":16.0,"turns":10.0},{"damage":0.0,"enemies":"Chosen","floor":18.0,"turns":3.0},{"damage":5.0,"enemies":"2 Thieves","floor":22.0,"turns":3.0},{"damage":14.0,"enemies":"Book of Stabbing","floor":23.0,"turns":6.0},{"damage":21.0,"enemies":"Slavers","floor":25.0,"turns":3.0},{"damage":1,"enemies":"Sentry and Sphere","floor":27,"turns":4},{"damage":0,"enemies":"Cultist and Chosen","floor":29,"turns":3},{"damage":6,"enemies":"Book of Stabbing","floor":30,"turns":3},{"damage":14,"enemies":"Snake Plant","floor":31,"turns":4},{"damage":54,"enemies":"Champ","floor":33,"turns":8}],"seed_played":"5512888073338675641","potions_obtained":[{"floor":1.0,"key":"FairyPotion"},{"floor":3.0,"key":"Strength Potion"},{"floor":6.0,"key":"Strength Potion"},{"floor":10.0,"key":"Swift Potion"},{"floor":14.0,"key":"Weak Potion"},{"floor":22.0,"key":"EssenceOfSteel"},{"floor":25.0,"key":"Explosive Potion"},{"floor":27,"key":"SteroidPotion"},{"floor":30,"key":"Swift Potion"}],"is_trial":false,"path_per_floor":["M","$","M","M","?","E","R","E","T","E","R","?","E","M","R","B",null,"M","?","?","?","M","E","R","E","T","M","$","M","E","M","R","B"],"character_chosen":"DEFECT","items_purchased":["Loop","Doom and Gloom","Fruit Juice","Weak Potion","Regen Potion"],"campfire_rested":1,"item_purchase_floors":[2,2,2,2,28],"current_hp_per_floor":[50,50,55,55,39,20,20,8,8,6,30,27,24,38,38,52,73,75,75,75,75,72,60,60,41,41,42,42,44,49,49,49,0],"gold":534,"neow_bonus":"TWO_FIFTY_GOLD","is_prod":false,"is_daily":false,"chose_seed":false,"campfire_upgraded":4,"win_rate":0,"timestamp":1558767033,"path_taken":["M","$","M","M","?","E","R","E","T","E","R","?","E","M","R","BOSS","M","?","?","?","M","E","R","E","T","M","$","M","E","M","R","BOSS"],"build_version":"2019-01-23","purchased_purges":1,"victory":false,"max_hp_per_floor":[75,75,80,80,80,80,80,80,80,80,80,80,80,80,80,80,80,80,80,80,80,80,80,80,80,80,80,80,80,80,80,80,80],"card_choices":[{"not_picked":["Redo","Streamline"],"picked":"Undo","floor":1.0},{"not_picked":["Stack","Skim","Melter"],"picked":"SKIP","floor":3.0},{"not_picked":["Undo","Conserve Battery"],"picked":"Auto Shields","floor":4.0},{"not_picked":["Tempest","Beam Cell"],"picked":"Electrodynamics","floor":6.0},{"not_picked":["Conserve Battery","Stack"],"picked":"Static Discharge","floor":8.0},{"not_picked":["Aggregate","Redo"],"picked":"Compile Driver","floor":10.0},{"not_picked":["Tempest","Turbo","Recycle"],"picked":"SKIP","floor":13.0},{"not_picked":["Heatsinks","Stack"],"picked":"Thunder Strike","floor":14.0},{"not_picked":["Electrodynamics","Rainbow"],"picked":"Machine Learning","floor":16.0},{"not_picked":["Cold Snap","Conserve Battery+1"],"picked":"Hologram","floor":18.0},{"not_picked":["Redo","Undo","Beam Cell+1"],"picked":"SKIP","floor":22.0},{"not_picked":["Sunder","Multi-Cast"],"picked":"Conserve Battery+1","floor":23.0},{"not_picked":["Rainbow","Barrage+1","Compile Driver+1"],"picked":"SKIP","floor":25.0},{"not_picked":["Undo","Turbo","Rebound+1"],"picked":"SKIP","floor":27},{"not_picked":["Beam Cell","Steam","Redo"],"picked":"SKIP","floor":29},{"not_picked":["Blizzard+1","Leap"],"picked":"BootSequence","floor":30},{"not_picked":["Steam","Go for the Eyes"],"picked":"Hologram+1","floor":31}],"player_experience":761772,"relics_obtained":[{"floor":6.0,"key":"Ice Cream"},{"floor":8.0,"key":"Orichalcum"},{"floor":9.0,"key":"Mummified Hand"},{"floor":10.0,"key":"Smiling Mask"},{"floor":13.0,"key":"Meat on the Bone"},{"floor":23.0,"key":"Peace Pipe"},{"floor":25.0,"key":"Pen Nib"},{"floor":26.0,"key":"PreservedInsect"},{"floor":30,"key":"Juzu Bracelet"}],"event_choices":[{"damage_healed":0.0,"max_hp_gain":0.0,"max_hp_loss":0.0,"gold_gain":0.0,"event_name":"Shining Light","player_choice":"Entered Light","floor":5.0,"gold_loss":0.0,"damage_taken":16.0,"cards_upgraded":["Defend_B","Defend_B"]},{"damage_healed":0.0,"max_hp_gain":0.0,"max_hp_loss":0.0,"gold_gain":0.0,"event_name":"Scrap Ooze","player_choice":"Success","floor":12.0,"gold_loss":0.0,"damage_taken":3.0,"relics_obtained":["Blood Vial"]},{"damage_healed":0.0,"max_hp_gain":0.0,"max_hp_loss":0.0,"gold_gain":0.0,"cards_transformed":["Strike_B","Strike_B"],"event_name":"Drug Dealer","player_choice":"Became Test Subject","floor":19.0,"gold_loss":0.0,"damage_taken":0.0,"cards_obtained":["Loop","Skim"]},{"cards_removed":["Strike_B"],"damage_healed":0.0,"max_hp_gain":0.0,"max_hp_loss":0.0,"gold_gain":0.0,"event_name":"Beggar","player_choice":"Gave Gold","floor":20.0,"gold_loss":75.0,"damage_taken":0.0},{"damage_healed":0.0,"max_hp_gain":0.0,"max_hp_loss":0.0,"gold_gain":99.0,"event_name":"Nest","player_choice":"Stole From Cult","floor":21.0,"gold_loss":0.0,"damage_taken":0.0}],"is_beta":false,"boss_relics":[{"not_picked":["Black Star","Orrery"],"picked":"Coffee Dripper"}],"items_purged_floors":[2],"is_endless":false,"potions_floor_spawned":[1,3,6,10,14,22,25,27,30],"killed_by":"Champ","ascension_level":7}