{"gold_per_floor":[119,119,139,155,155,171,171,187,187,204,229,229,254,271,271,271],"floor_reached":16,"playtime":2305,"items_purged":[],"score":125,"play_id":"a98c59ac-a154-42ab-9b31-93517f89d0ed","local_time":"20181213030425","is_ascension_mode":true,"campfire_choices":[{"data":"Neutralize","floor":7,"key":"SMITH"},{"floor":12,"key":"REST"},{"floor":15,"key":"REST"}],"neow_cost":"NONE","seed_source_timestamp":2998472636941147,"circlet_count":0,"master_deck":["Defend_G","Defend_G","Defend_G","Defend_G","Defend_G","Strike_G","Strike_G","Strike_G","Strike_G","Strike_G","Survivor","Neutralize+1","Poisoned Stab","Leg Sweep","Backflip","Dodge and Roll","Sucker Punch","Slice","Burst+1","Backflip+1","Escape Plan+1"],"relics":["Ring of the Snake","NeowsBlessing","Frozen Egg 2","Toxic Egg 2","Potion Belt"],"potions_floor_usage":[2,13,14,16],"damage_taken":[{"damage":0,"enemies":"Small Slimes","floor":1,"turns":1},{"damage":0,"enemies":"Cultist","floor":3,"turns":1},{"damage":0,"enemies":"2 Louse","floor":4,"turns":1},{"damage":0,"enemies":"Large Slime","floor":6,"turns":10},{"damage":2,"enemies":"Red Slaver","floor":8,"turns":7},{"damage":3,"enemies":"Exordium Wildlife","floor":10,"turns":4},{"damage":12,"enemies":"3 Sentries","floor":11,"turns":15},{"damage":23,"enemies":"Lagavulin","floor":13,"turns":11},{"damage":13,"enemies":"Gremlin Gang","floor":14,"turns":11},{"damage":62,"enemies":"Slime Boss","floor":16,"turns":16}],"seed_played":"-5601902170886180229","potions_obtained":[{"floor":1,"key":"Weak Potion"},{"floor":2,"key":"Fruit Juice"},{"floor":2,"key":"SteroidPotion"},{"floor":2,"key":"Poison Potion"},{"floor":11,"key":"PowerPotion"}],"is_trial":false,"path_per_floor":["M","?","M","M","?","M","R","M","T","M","E","R","E","M","R","B"],"character_chosen":"THE_SILENT","items_purchased":[],"campfire_rested":2,"item_purchase_floors":[],"current_hp_per_floor":[70,75,75,75,68,68,68,66,66,63,51,73,50,37,59,0],"gold":271,"neow_bonus":"THREE_ENEMY_KILL","is_prod":false,"is_daily":false,"chose_seed":false,"campfire_upgraded":1,"win_rate":0,"timestamp":1544688265,"path_taken":["M","?","?","M","?","M","R","M","T","M","E","R","E","M","R","BOSS"],"build_version":"2018-12-06","purchased_purges":0,"victory":false,"max_hp_per_floor":[70,75,75,75,75,75,75,75,75,75,75,75,75,75,75,75],"card_choices":[{"not_picked":["Flying Knee","Bane"],"picked":"Poisoned Stab","floor":1},{"not_picked":["Predator","Quick Slash"],"picked":"Leg Sweep","floor":3},{"not_picked":["Deadly Poison","Prepared"],"picked":"Backflip","floor":4},{"not_picked":["Backflip","Catalyst"],"picked":"Dodge and Roll","floor":6},{"not_picked":["Underhanded Strike","Accuracy+1"],"picked":"Sucker Punch","floor":8},{"not_picked":["Prepared","Dagger Spray"],"picked":"Slice","floor":10},{"not_picked":["Acrobatics","Reflex"],"picked":"Burst","floor":11},{"not_picked":["Sucker Punch","Infinite Blades+1"],"picked":"Backflip+1","floor":13},{"not_picked":["Outmaneuver+1","Bane"],"picked":"Escape Plan+1","floor":14}],"player_experience":231378,"relics_obtained":[{"floor":11,"key":"Toxic Egg 2"},{"floor":13,"key":"Potion Belt"}],"event_choices":[{"damage_healed":0,"gold_gain":0,"player_choice":"Got Potions","damage_taken":0,"max_hp_gain":0,"max_hp_loss":0,"event_name":"Lab","floor":2,"gold_loss":0},{"damage_healed":0,"gold_gain":0,"player_choice":"Success","damage_taken":7,"relics_obtained":["Frozen Egg 2"],"max_hp_gain":0,"max_hp_loss":0,"event_name":"Scrap Ooze","floor":5,"gold_loss":0}],"is_beta":false,"boss_relics":[],"items_purged_floors":[],"is_endless":false,"potions_floor_spawned":[1,8,11],"killed_by":"Slime Boss","ascension_level":2}