{"gold_per_floor":[113,131,206,91,41,41,71,71,71,87,87,101,135,150,150,245,245,261,277,277,293,307,307,307,307,331,331,136,169,199,40,40,40],"floor_reached":33,"playtime":947,"items_purged":["Strike_R","Strike_R","Defend_R"],"score":480,"play_id":"baade64b-06cb-455c-8777-9c30e25f4703","local_time":"20190404031836","is_ascension_mode":true,"campfire_choices":[{"data":"Shockwave","floor":6.0,"key":"SMITH"},{"data":"Sword Boomerang","floor":11.0,"key":"SMITH"},{"data":"Metallicize","floor":15.0,"key":"SMITH"},{"data":"RitualDagger","floor":23.0,"key":"SMITH"},{"floor":25.0,"key":"REST"},{"data":"Bash","floor":27.0,"key":"SMITH"},{"floor":32,"key":"REST"}],"neow_cost":"NONE","seed_source_timestamp":0,"circlet_count":0,"master_deck":["AscendersBane","Strike_R","Strike_R","Defend_R+1","Defend_R+1","Defend_R","Bash+1","Anger+1","Shockwave+1","Impervious+1","Sword Boomerang+1","Metallicize+1","Entrench+1","Armaments+1","Offering+1","Shrug It Off+1","RitualDagger+1","Shrug It Off+1","Dual Wield+1","Flash of Steel","Burning Pact+1","True Grit+1"],"special_seed":0,"relics":["Burning Blood","NeowsBlessing","Lantern","War Paint","Toxic Egg 2","Sozu","Strawberry","PreservedInsect","MawBank"],"potions_floor_usage":[],"damage_taken":[{"damage":0.0,"enemies":"Jaw Worm","floor":1.0,"turns":1.0},{"damage":0.0,"enemies":"2 Louse","floor":2.0,"turns":1.0},{"damage":0.0,"enemies":"Gremlin Nob","floor":7.0,"turns":1.0},{"damage":0.0,"enemies":"Small Slimes","floor":10.0,"turns":3.0},{"damage":23.0,"enemies":"Exordium Thugs","floor":12.0,"turns":6.0},{"damage":21.0,"enemies":"Lagavulin","floor":13.0,"turns":8.0},{"damage":0.0,"enemies":"Large Slime","floor":14.0,"turns":5.0},{"damage":34.0,"enemies":"The Guardian","floor":16.0,"turns":14.0},{"damage":14.0,"enemies":"2 Thieves","floor":18.0,"turns":5.0},{"damage":8.0,"enemies":"Shell Parasite","floor":19.0,"turns":5.0},{"damage":11.0,"enemies":"Snake Plant","floor":21.0,"turns":7.0},{"damage":30.0,"enemies":"Sentry and Sphere","floor":22.0,"turns":10.0},{"damage":36,"enemies":"Gremlin Leader","floor":29,"turns":10},{"damage":6,"enemies":"Cultist and Chosen","floor":30,"turns":7},{"damage":59,"enemies":"Automaton","floor":33,"turns":6}],"seed_played":"4522252903083906185","potions_obtained":[{"floor":2.0,"key":"Energy Potion"},{"floor":12.0,"key":"Fire Potion"}],"is_trial":false,"path_per_floor":["M","M","?","$","?","R","E","?","T","M","R","M","E","M","R","B",null,"M","M","?","M","M","R","T","R","T","R","$","E","M","$","R","B"],"character_chosen":"IRONCLAD","items_purchased":["Shockwave","Flash of Steel","True Grit+1"],"campfire_rested":2,"item_purchase_floors":[4,28,31],"current_hp_per_floor":[78,80,69,69,69,69,75,59,59,65,65,48,33,39,39,11,63,55,53,47,42,18,18,25,51,51,51,51,21,21,21,47,0],"gold":40,"neow_bonus":"THREE_ENEMY_KILL","is_prod":false,"is_daily":false,"chose_seed":false,"campfire_upgraded":5,"win_rate":0,"timestamp":1554315516,"path_taken":["M","M","?","$","?","R","E","?","T","M","R","M","E","M","R","BOSS","M","M","?","M","M","R","?","R","T","R","$","E","M","$","R","BOSS"],"build_version":"2019-01-23","purchased_purges":3,"victory":false,"max_hp_per_floor":[80,80,80,80,80,80,80,80,80,80,80,80,80,80,80,80,80,80,80,80,80,80,80,87,87,87,87,87,87,87,87,87,87],"card_choices":[{"not_picked":["Clash","Flame Barrier"],"picked":"Anger","floor":1.0},{"not_picked":["Twin Strike","Perfected Strike","Dropkick"],"picked":"SKIP","floor":2.0},{"not_picked":["Cleave","Heavy Blade"],"picked":"Impervious","floor":7.0},{"not_picked":["Pommel Strike","Sever Soul"],"picked":"Sword Boomerang","floor":10.0},{"not_picked":["Sentinel","Perfected Strike"],"picked":"Metallicize","floor":12.0},{"not_picked":["Wild Strike","Shrug It Off"],"picked":"Entrench","floor":13.0},{"not_picked":["Wild Strike","Entrench+1"],"picked":"Armaments+1","floor":14.0},{"not_picked":["Bludgeon","Impervious+1"],"picked":"Offering+1","floor":16.0},{"not_picked":["Fire Breathing","Perfected Strike","Dual Wield+1"],"picked":"SKIP","floor":18.0},{"not_picked":["Headbutt","Fire Breathing"],"picked":"Shrug It Off+1","floor":19.0},{"not_picked":["Anger","Sentinel+1"],"picked":"Shrug It Off+1","floor":21.0},{"not_picked":["Sword Boomerang+1","Shockwave+1"],"picked":"Dual Wield+1","floor":22.0},{"not_picked":["Fire Breathing","Pommel Strike","Hemokinesis"],"picked":"SKIP","floor":29},{"not_picked":["Sword Boomerang","Flame Barrier+1"],"picked":"Burning Pact+1","floor":30}],"player_experience":415350,"relics_obtained":[{"floor":7.0,"key":"Lantern"},{"floor":9.0,"key":"War Paint"},{"floor":13.0,"key":"Toxic Egg 2"},{"floor":24.0,"key":"Strawberry"},{"floor":26.0,"key":"PreservedInsect"},{"floor":29,"key":"MawBank"}],"event_choices":[{"damage_healed":0.0,"max_hp_gain":0.0,"max_hp_loss":0.0,"gold_gain":75.0,"event_name":"World of Goop","player_choice":"Gather Gold","floor":3.0,"gold_loss":0.0,"damage_taken":11.0},{"cards_removed":["Strike_R"],"damage_healed":0.0,"max_hp_gain":0.0,"max_hp_loss":0.0,"gold_gain":0.0,"event_name":"The Cleric","player_choice":"Card Removal","floor":5.0,"gold_loss":50.0,"damage_taken":0.0},{"damage_healed":0.0,"max_hp_gain":0.0,"max_hp_loss":0.0,"gold_gain":0.0,"event_name":"Shining Light","player_choice":"Entered Light","floor":8.0,"gold_loss":0.0,"damage_taken":16.0,"cards_upgraded":["Defend_R","Anger"]},{"damage_healed":0.0,"max_hp_gain":0.0,"max_hp_loss":0.0,"gold_gain":0.0,"event_name":"Nest","player_choice":"Joined the Cult","floor":20.0,"gold_loss":0.0,"damage_taken":6.0,"cards_obtained":["RitualDagger"]}],"is_beta":false,"boss_relics":[{"not_picked":["Cursed Key","Empty Cage"],"picked":"Sozu"}],"items_purged_floors":[4,28,31],"is_endless":false,"potions_floor_spawned":[2,12,13,14,21,22],"killed_by":"Automaton","ascension_level":12}