{"gold_per_floor":[111,129,146,3,20,20,48,65,89,99,99,99,113,130,130,233,233,247,40,55,6,16,48,65,65,117,147,164,199,199,219,219,320,320,335,349,360,378,396,409,444,444,444,461,461,123,123],"floor_reached":47,"playtime":4024,"items_purged":[],"score":582,"play_id":"f7c015ae-a61b-4c4c-bc7e-badebbc99e26","local_time":"20190223131949","is_ascension_mode":false,"campfire_choices":[{"data":"Armaments","floor":6.0,"key":"SMITH"},{"floor":12.0,"key":"REST"},{"floor":15.0,"key":"REST"},{"floor":25.0,"key":"REST"},{"floor":30.0,"key":"REST"},{"floor":32.0,"key":"REST"},{"floor":42.0,"key":"REST"},{"floor":45.0,"key":"REST"}],"neow_cost":"NONE","seed_source_timestamp":0,"circlet_count":0,"master_deck":["Strike_R","Strike_R","Strike_R","Strike_R","Defend_R","Defend_R","Defend_R","Defend_R","Bash","Warcry","Searing Blow","Spot Weakness","Armaments+1","Anger","Sever Soul","Cleave","Feel No Pain","Power Through","Flex","Ghostly Armor","Infernal Blade","Feed","Metallicize","Shrug It Off","Turbo","Cold Snap","Rainbow","Writhe","Limit Break","Combust","Cloak And Dagger","Panache","Feed","Self Repair","Parasite","Dark Shackles","Tempest","Storm","Rebound","Pain","Rebound+1","Metamorphosis","Carnage","Metallicize"],"special_seed":0,"relics":["Burning Blood","Sundial","Bag of Preparation","Cursed Key","PrismaticShard","PreservedInsect","Bag of Marbles","Anchor","Red Mask","Busted Crown","Pocketwatch","Pear"],"potions_floor_usage":[],"damage_taken":[{"damage":2.0,"enemies":"2 Louse","floor":1.0,"turns":4.0},{"damage":1.0,"enemies":"Cultist","floor":2.0,"turns":3.0},{"damage":10.0,"enemies":"Small Slimes","floor":3.0,"turns":3.0},{"damage":12.0,"enemies":"3 Louse","floor":5.0,"turns":4.0},{"damage":25.0,"enemies":"Lagavulin","floor":7.0,"turns":6.0},{"damage":22.0,"enemies":"Large Slime","floor":8.0,"turns":4.0},{"damage":15.0,"enemies":"Exordium Wildlife","floor":10.0,"turns":3.0},{"damage":25.0,"enemies":"Exordium Thugs","floor":13.0,"turns":6.0},{"damage":16.0,"enemies":"3 Louse","floor":14.0,"turns":3.0},{"damage":16.0,"enemies":"Hexaghost","floor":16.0,"turns":9.0},{"damage":26.0,"enemies":"2 Thieves","floor":18.0,"turns":4.0},{"damage":5.0,"enemies":"Spheric Guardian","floor":20.0,"turns":4.0},{"damage":8.0,"enemies":"Cultist and Chosen","floor":22.0,"turns":8.0},{"damage":42.0,"enemies":"Book of Stabbing","floor":23.0,"turns":7.0},{"damage":12.0,"enemies":"3 Cultists","floor":24.0,"turns":5.0},{"damage":24.0,"enemies":"Slavers","floor":27.0,"turns":5.0},{"damage":8.0,"enemies":"Centurion and Healer","floor":28.0,"turns":4.0},{"damage":2.0,"enemies":"Masked Bandits","floor":29.0,"turns":3.0},{"damage":12.0,"enemies":"Snecko","floor":31.0,"turns":5.0},{"damage":58.0,"enemies":"Champ","floor":33.0,"turns":10.0},{"damage":0.0,"enemies":"3 Shapes","floor":35.0,"turns":4.0},{"damage":0.0,"enemies":"Orb Walker","floor":36.0,"turns":3.0},{"damage":13.0,"enemies":"Writhing Mass","floor":37.0,"turns":7.0},{"damage":11.0,"enemies":"Spire Growth","floor":38.0,"turns":5.0},{"damage":27.0,"enemies":"3 Darklings","floor":39.0,"turns":5.0},{"damage":54.0,"enemies":"Jaw Worm Horde","floor":40.0,"turns":6.0},{"damage":22.0,"enemies":"Reptomancer","floor":41.0,"turns":5.0},{"damage":44.0,"enemies":"Sphere and 2 Shapes","floor":44.0,"turns":4.0},{"damage":6,"enemies":"3 Darklings","floor":47,"turns":2}],"seed_played":"-5192523230159973888","potions_obtained":[{"floor":2.0,"key":"BloodPotion"},{"floor":5.0,"key":"FearPotion"},{"floor":13.0,"key":"Weak Potion"},{"floor":16.0,"key":"Energy Potion"},{"floor":20.0,"key":"Fire Potion"},{"floor":24.0,"key":"GamblersBrew"},{"floor":27.0,"key":"Explosive Potion"},{"floor":29.0,"key":"PowerPotion"},{"floor":40.0,"key":"SpeedPotion"},{"floor":44.0,"key":"EssenceOfSteel"}],"is_trial":false,"path_per_floor":["?","$","M","?"],"character_chosen":"IRONCLAD","items_purchased":["Armaments","Anger","Sever Soul","PrismaticShard","Shrug It Off","Metamorphosis","Carnage","Metallicize"],"campfire_rested":7,"item_purchase_floors":[4,4,4,19,21,46,46,46],"current_hp_per_floor":[88,88,84,84,78,78,59,51,51,42,42,68,49,39,65,55,88,68,68,69,69,70,34,31,59,59,41,39,43,71,65,93,41,94,94,94,94,94,80,42,30,59,69,44,77,77,71],"gold":123,"neow_bonus":"TEN_PERCENT_HP_BONUS","is_prod":false,"is_daily":false,"chose_seed":false,"campfire_upgraded":1,"win_rate":0.0,"timestamp":1550945989,"path_taken":["M","M","M","$","M","R","E","M","T","M","?","R","M","M","R","BOSS","M","$","M","?","M","E","M","R","T","E","?","?","R","M","R","BOSS","M","M","M","M","M","M","E","R","T","M","R","$","M"],"build_version":"2019-01-23","purchased_purges":0,"victory":false,"max_hp_per_floor":[88,88,88,88,88,88,88,88,88,88,88,88,88,88,88,88,88,88,88,88,88,91,91,94,94,94,94,94,94,94,94,94,94,94,94,94,94,94,94,94,98,98,108,111,111,111,111],"card_choices":[{"not_picked":["Clothesline","Sword Boomerang"],"picked":"Warcry","floor":1.0},{"not_picked":["Perfected Strike","Seeing Red"],"picked":"Searing Blow","floor":2.0},{"not_picked":["Reaper","Reckless Charge"],"picked":"Spot Weakness","floor":3.0},{"not_picked":["Twin Strike","Clash"],"picked":"Cleave","floor":5.0},{"not_picked":["Sword Boomerang","Havoc"],"picked":"Feel No Pain","floor":7.0},{"not_picked":["Headbutt","Juggernaut"],"picked":"Power Through","floor":8.0},{"not_picked":["Pommel Strike","Warcry"],"picked":"Flex","floor":10.0},{"not_picked":["Twin Strike","Headbutt"],"picked":"Ghostly Armor","floor":13.0},{"not_picked":["Pommel Strike","Havoc"],"picked":"Infernal Blade","floor":14.0},{"not_picked":["Double Tap","Berserk"],"picked":"Feed","floor":16.0},{"not_picked":["Sword Boomerang","Shockwave"],"picked":"Metallicize","floor":18.0},{"not_picked":["Sucker Punch","Underhanded Strike","Bouncing Flask"],"picked":"SKIP","floor":20.0},{"not_picked":["Outmaneuver","Leap"],"picked":"Turbo","floor":22.0},{"not_picked":["Gash","Uppercut"],"picked":"Cold Snap","floor":23.0},{"not_picked":["Intimidate","Dagger Spray"],"picked":"Rainbow","floor":24.0},{"not_picked":["Dodge and Roll","Capacitor"],"picked":"Limit Break","floor":27.0},{"not_picked":["Body Slam","Acrobatics"],"picked":"Combust","floor":28.0},{"not_picked":["Compile Driver+1","Wild Strike+1"],"picked":"Cloak And Dagger","floor":29.0},{"not_picked":["Blind+1","Hologram"],"picked":"Panache","floor":31.0},{"not_picked":["Secret Technique","Phantasmal Killer"],"picked":"Feed","floor":33.0},{"not_picked":[],"picked":"Self Repair","floor":35.0},{"not_picked":["Havoc+1"],"picked":"SKIP","floor":36.0},{"not_picked":[],"picked":"Dark Shackles","floor":37.0},{"not_picked":[],"picked":"Tempest","floor":38.0},{"not_picked":["Tactician"],"picked":"SKIP","floor":39.0},{"not_picked":[],"picked":"Storm","floor":40.0},{"not_picked":[],"picked":"Rebound","floor":41.0},{"not_picked":[],"picked":"Rebound+1","floor":44.0}],"player_experience":172410,"relics_obtained":[{"floor":7.0,"key":"Sundial"},{"floor":9.0,"key":"Bag of Preparation"},{"floor":23.0,"key":"PreservedInsect"},{"floor":26.0,"key":"Bag of Marbles"},{"floor":27.0,"key":"Anchor"},{"floor":29.0,"key":"Red Mask"},{"floor":41.0,"key":"Pocketwatch"},{"floor":43.0,"key":"Pear"}],"event_choices":[{"cards_removed":["Strike_R"],"damage_healed":0.0,"max_hp_gain":0.0,"max_hp_loss":0.0,"gold_gain":0.0,"event_name":"Bonfire Elementals","player_choice":"Offered Basic","floor":11.0,"gold_loss":0.0,"damage_taken":0.0},{"damage_healed":0.0,"max_hp_gain":0.0,"max_hp_loss":0.0,"gold_gain":0.0,"event_name":"Masked Bandits","player_choice":"Fought Bandits","floor":29.0,"gold_loss":0.0,"damage_taken":0.0}],"is_beta":false,"boss_relics":[{"not_picked":["Coffee Dripper","Runic Cube"],"picked":"Cursed Key"},{"not_picked":["Tiny House","Velvet Choker"],"picked":"Busted Crown"}],"items_purged_floors":[],"is_endless":false,"potions_floor_spawned":[2,5,13,16,20,24,27,29,31,40,44],"killed_by":"3 Darklings","ascension_level":0}