{"gold_per_floor":[117,136,148,148,164,164,199,212,287,287],"floor_reached":10,"playtime":704,"items_purged":[],"score":70,"play_id":"74e12127-d233-467e-a3f7-2f2f85dbd46e","local_time":"20190223082658","is_ascension_mode":false,"campfire_choices":[{"data":"Searing Blow","floor":6,"key":"SMITH"}],"neow_cost":"NONE","seed_source_timestamp":905070369477879,"circlet_count":0,"master_deck":["Strike_R","Strike_R","Strike_R","Strike_R","Defend_R","Defend_R","Defend_R","Defend_R","Bash","Barricade","Inflame","Searing Blow+1","Spot Weakness+1","Inflame","Shrug It Off"],"relics":["Burning Blood","Pear","Molten Egg 2"],"potions_floor_usage":[],"damage_taken":[{"damage":8,"enemies":"Jaw Worm","floor":1,"turns":6},{"damage":6,"enemies":"Cultist","floor":2,"turns":3},{"damage":2,"enemies":"2 Louse","floor":3,"turns":3},{"damage":21,"enemies":"Large Slime","floor":5,"turns":7},{"damage":35,"enemies":"Lagavulin","floor":7,"turns":8},{"damage":17,"enemies":"Looter","floor":8,"turns":4},{"damage":32,"enemies":"Exordium Thugs","floor":10,"turns":4}],"seed_played":"6872481414849119686","potions_obtained":[{"floor":1,"key":"Explosive Potion"},{"floor":8,"key":"SneckoOil"}],"is_trial":false,"path_per_floor":["?","M"],"character_chosen":"IRONCLAD","items_purchased":[],"campfire_rested":0,"item_purchase_floors":[],"current_hp_per_floor":[78,78,80,80,65,65,46,35,35,3],"gold":287,"neow_bonus":"TRANSFORM_CARD","is_prod":false,"is_daily":false,"chose_seed":false,"campfire_upgraded":1,"win_rate":0.0,"timestamp":1550928418,"path_taken":["M","M","M","?","?","R","E","M","T","M"],"build_version":"2019-01-23","purchased_purges":0,"victory":false,"max_hp_per_floor":[80,80,80,80,80,80,90,90,90,90],"card_choices":[{"not_picked":["Rupture","Heavy Blade"],"picked":"Inflame","floor":1},{"not_picked":["Cleave","True Grit"],"picked":"Searing Blow","floor":2},{"not_picked":["Infernal Blade","Clothesline"],"picked":"Spot Weakness","floor":3},{"not_picked":["Perfected Strike","True Grit","Havoc"],"picked":"SKIP","floor":5},{"not_picked":["Headbutt","Dropkick"],"picked":"Inflame","floor":7},{"not_picked":["Combust","Warcry"],"picked":"Shrug It Off","floor":8}],"player_experience":171311,"relics_obtained":[{"floor":7,"key":"Pear"},{"floor":9,"key":"Molten Egg 2"}],"event_choices":[{"damage_healed":0,"gold_gain":0,"player_choice":"Upgraded","damage_taken":0,"max_hp_gain":0,"max_hp_loss":0,"event_name":"Upgrade Shrine","floor":4,"gold_loss":0,"cards_upgraded":["Spot Weakness"]}],"is_beta":false,"boss_relics":[],"items_purged_floors":[],"is_endless":false,"potions_floor_spawned":[1,8],"killed_by":"Exordium Thugs","ascension_level":0}