{"gold_per_floor":[110,123,136,156,231,159,187,201,224,224,224,5,32,43,43,141,141,156,156,169,188,17,17],"floor_reached":23,"playtime":1611,"items_purged":[],"score":203,"play_id":"90149b12-0e72-4562-a36a-a2209deaba7d","local_time":"20190222172101","is_ascension_mode":false,"campfire_choices":[{"floor":10.0,"key":"REST"},{"floor":15.0,"key":"REST"}],"neow_cost":"NONE","seed_source_timestamp":0,"circlet_count":0,"master_deck":["Bash","Demon Form","Power Through","Thunderclap","Battle Trance","Fire Breathing","Limit Break","Demon Form","Thunderclap","Bandage Up","Flex","Inflame","Flame Barrier","Immolate","Headbutt","Blood for Blood","Warcry","Dark Embrace","Sword Boomerang","Offering","Clothesline","Infernal Blade","Feel No Pain","Cleave","Cleave","Metallicize","Power Through","Flex"],"special_seed":0,"relics":["Burning Blood","Juzu Bracelet","Oddly Smooth Stone","Dodecahedron","Ancient Tea Set","Pandora\u0027s Box"],"potions_floor_usage":[21,23,23],"damage_taken":[{"damage":10.0,"enemies":"Small Slimes","floor":1.0,"turns":5.0},{"damage":9.0,"enemies":"Jaw Worm","floor":2.0,"turns":5.0},{"damage":9.0,"enemies":"Cultist","floor":3.0,"turns":4.0},{"damage":7.0,"enemies":"Exordium Wildlife","floor":4.0,"turns":3.0},{"damage":25.0,"enemies":"Gremlin Nob","floor":7.0,"turns":5.0},{"damage":20.0,"enemies":"Looter","floor":8.0,"turns":3.0},{"damage":4.0,"enemies":"Lagavulin","floor":13.0,"turns":6.0},{"damage":26.0,"enemies":"Exordium Thugs","floor":14.0,"turns":5.0},{"damage":48.0,"enemies":"Hexaghost","floor":16.0,"turns":9.0},{"damage":27,"enemies":"2 Thieves","floor":18,"turns":3},{"damage":28,"enemies":"3 Byrds","floor":20,"turns":3},{"damage":33,"enemies":"Centurion and Healer","floor":21,"turns":5},{"damage":27,"enemies":"Gremlin Leader","floor":23,"turns":2}],"seed_played":"1554168899335141094","potions_obtained":[{"floor":1.0,"key":"Explosive Potion"},{"floor":2.0,"key":"PowerPotion"},{"floor":3.0,"key":"Swift Potion"},{"floor":8.0,"key":"SpeedPotion"},{"floor":21,"key":"Poison Potion"}],"is_trial":false,"path_per_floor":["?","T","$","?"],"character_chosen":"IRONCLAD","items_purchased":["Limit Break","Bandage Up","Flex","EssenceOfSteel","Metallicize","Power Through","Flex"],"campfire_rested":2,"item_purchase_floors":[6,12,12,12,22,22,22],"current_hp_per_floor":[76,73,70,69,58,58,39,25,25,49,49,49,55,39,63,25,80,63,63,45,22,22,0],"gold":17,"neow_bonus":"ONE_RANDOM_RARE_CARD","is_prod":false,"is_daily":false,"chose_seed":false,"campfire_upgraded":0,"win_rate":0.0,"timestamp":1550874061,"path_taken":["M","M","M","M","?","$","E","M","T","R","?","?","E","M","R","BOSS","M","?","M","M","$","E"],"build_version":"2019-01-23","purchased_purges":0,"victory":false,"max_hp_per_floor":[80,80,80,80,80,80,80,80,80,80,80,80,80,80,80,80,80,80,80,80,80,80,80],"card_choices":[{"not_picked":["Rupture","Rampage"],"picked":"Power Through","floor":1.0},{"not_picked":["Wild Strike","Iron Wave"],"picked":"Thunderclap","floor":2.0},{"not_picked":["Bloodletting","Pommel Strike"],"picked":"Battle Trance","floor":3.0},{"not_picked":["Havoc","Iron Wave"],"picked":"Fire Breathing","floor":4.0},{"not_picked":["Flex","Perfected Strike"],"picked":"Demon Form","floor":7.0},{"not_picked":["Twin Strike","Clash"],"picked":"Thunderclap","floor":8.0},{"not_picked":["Thunderclap","True Grit"],"picked":"Inflame","floor":13.0},{"not_picked":["Clash","Fire Breathing"],"picked":"Flame Barrier","floor":14.0},{"not_picked":["Berserk","Bludgeon"],"picked":"Immolate","floor":16.0},{"not_picked":["Twin Strike","Perfected Strike"],"picked":"Feel No Pain","floor":18},{"not_picked":["Pommel Strike","Body Slam"],"picked":"Cleave","floor":20},{"not_picked":["Combust+1","Dual Wield"],"picked":"Cleave","floor":21}],"player_experience":154394,"relics_obtained":[{"floor":7.0,"key":"Juzu Bracelet"},{"floor":9.0,"key":"Oddly Smooth Stone"},{"floor":11.0,"key":"Dodecahedron"},{"floor":13.0,"key":"Ancient Tea Set"}],"event_choices":[{"damage_healed":0.0,"max_hp_gain":0.0,"max_hp_loss":0.0,"gold_gain":75.0,"event_name":"World of Goop","player_choice":"Gather Gold","floor":5.0,"gold_loss":0.0,"damage_taken":11.0},{"cards_removed":["Headbutt"],"damage_healed":0,"gold_gain":0,"player_choice":"Elegance","damage_taken":0,"max_hp_gain":0,"max_hp_loss":0,"event_name":"Back to Basics","floor":19,"gold_loss":0}],"is_beta":false,"boss_relics":[{"not_picked":["Ectoplasm","Black Star"],"picked":"Pandora\u0027s Box"}],"items_purged_floors":[],"is_endless":false,"potions_floor_spawned":[1,2,3,8,16,18,21],"killed_by":"Gremlin Leader","ascension_level":0}