{"gold_per_floor":[113,124,124,8,22,50,66,81,129,140,167,167,243,243,243,342,342,362,362,379,397,496,496,119,119,119,137,168,180,180,192,192,192],"floor_reached":33,"playtime":2828,"items_purged":[],"score":304,"play_id":"d568a64b-c08a-4afa-bf82-0fc6520ab426","local_time":"20190218174155","is_ascension_mode":false,"campfire_choices":[{"data":"Juggernaut","floor":12,"key":"SMITH"},{"floor":15,"key":"REST"},{"floor":23,"key":"REST"},{"floor":30,"key":"REST"},{"floor":32,"key":"REST"}],"neow_cost":"NONE","seed_source_timestamp":504326694426762,"circlet_count":0,"master_deck":["Defend_R","Defend_R","Defend_R","Defend_R","Bash","Sword Boomerang","Shrug It Off","Anger","Inflame","Power Through","Searing Blow","Dual Wield","Flame Barrier","Bloodletting","Blood for Blood","Juggernaut+1","Barricade","Carnage+1","Bite","Bite","Bite","Bite","Bite","Anger","Infernal Blade","Bandage Up","Rupture","Secret Technique","Armaments","Writhe","Entrench","Shockwave+1","Clash","Inflame"],"relics":["Burning Blood","Red Skull","Oddly Smooth Stone","Kunai","Fusion Hammer","Art of War","Bronze Scales","The Courier"],"potions_floor_usage":[6,10,11,16],"damage_taken":[{"damage":5,"enemies":"Jaw Worm","floor":1,"turns":4},{"damage":6,"enemies":"2 Louse","floor":2,"turns":3},{"damage":1,"enemies":"Cultist","floor":5,"turns":3},{"damage":14,"enemies":"Gremlin Nob","floor":6,"turns":3},{"damage":10,"enemies":"Exordium Wildlife","floor":7,"turns":6},{"damage":4,"enemies":"2 Fungi Beasts","floor":8,"turns":4},{"damage":9,"enemies":"Red Slaver","floor":10,"turns":4},{"damage":24,"enemies":"Lagavulin","floor":11,"turns":10},{"damage":45,"enemies":"Hexaghost","floor":16,"turns":8},{"damage":27,"enemies":"2 Thieves","floor":18,"turns":5},{"damage":20,"enemies":"Spheric Guardian","floor":20,"turns":4},{"damage":15,"enemies":"Snake Plant","floor":21,"turns":4},{"damage":29,"enemies":"Centurion and Healer","floor":27,"turns":8},{"damage":40,"enemies":"Book of Stabbing","floor":28,"turns":5},{"damage":11,"enemies":"3 Cultists","floor":29,"turns":5},{"damage":8,"enemies":"Snecko","floor":31,"turns":6},{"damage":70,"enemies":"Collector","floor":33,"turns":6}],"seed_played":"-3412520451012424941","potions_obtained":[{"floor":2,"key":"Fire Potion"},{"floor":6,"key":"BloodPotion"},{"floor":8,"key":"Regen Potion"},{"floor":11,"key":"PowerPotion"},{"floor":16,"key":"Explosive Potion"},{"floor":21,"key":"Dexterity Potion"},{"floor":27,"key":"Strength Potion"},{"floor":29,"key":"Fire Potion"}],"is_trial":false,"path_per_floor":["?","?","?","?","?","?"],"character_chosen":"IRONCLAD","items_purchased":["Inflame","Power Through","Bandage Up","Rupture","Secret Technique","Armaments"],"campfire_rested":4,"item_purchase_floors":[4,4,24,24,24,24],"current_hp_per_floor":[80,80,64,64,69,61,57,59,59,65,55,55,55,55,79,40,80,59,56,42,43,43,56,56,56,56,53,30,36,52,56,56,0],"gold":192,"neow_bonus":"THREE_CARDS","is_prod":false,"is_daily":false,"chose_seed":false,"campfire_upgraded":1,"win_rate":0.0,"timestamp":1550529715,"path_taken":["M","M","?","$","M","E","M","M","T","M","E","R","?","?","R","BOSS","M","?","M","M","?","R","$","?","T","M","E","M","R","M","R","BOSS"],"build_version":"2019-01-23","purchased_purges":0,"victory":false,"max_hp_per_floor":[80,80,80,80,80,80,80,80,80,80,80,80,80,80,80,80,80,80,56,56,56,56,56,56,56,56,56,56,56,56,56,56,56],"card_choices":[{"not_picked":["Pommel Strike","Pummel"],"picked":"Sword Boomerang","floor":0},{"not_picked":["Warcry","Cleave"],"picked":"Shrug It Off","floor":1},{"not_picked":["Sword Boomerang","Pommel Strike"],"picked":"Anger","floor":2},{"not_picked":["Burning Pact","Iron Wave"],"picked":"Searing Blow","floor":5},{"not_picked":["Cleave","Clash"],"picked":"Dual Wield","floor":6},{"not_picked":["Disarm","Power Through"],"picked":"Flame Barrier","floor":7},{"not_picked":["Pummel","Flex"],"picked":"Bloodletting","floor":8},{"not_picked":["Rampage","Body Slam"],"picked":"Blood for Blood","floor":10},{"not_picked":["Feed","Armaments"],"picked":"Juggernaut","floor":11},{"not_picked":["Reaper","Fiend Fire"],"picked":"Barricade","floor":16},{"not_picked":["Thunderclap","Body Slam+1"],"picked":"Carnage+1","floor":18},{"not_picked":["Bloodletting+1","Iron Wave"],"picked":"Anger","floor":20},{"not_picked":["Twin Strike","Corruption+1"],"picked":"Infernal Blade","floor":21},{"not_picked":["Perfected Strike","Cleave"],"picked":"Entrench","floor":27},{"not_picked":["Pommel Strike","Fire Breathing+1"],"picked":"Shockwave+1","floor":28},{"not_picked":["Barricade","Perfected Strike"],"picked":"Clash","floor":29},{"not_picked":["Thunderclap","Iron Wave"],"picked":"Inflame","floor":31}],"player_experience":101381,"relics_obtained":[{"floor":6,"key":"Red Skull"},{"floor":9,"key":"Oddly Smooth Stone"},{"floor":11,"key":"Kunai"},{"floor":26,"key":"Bronze Scales"},{"floor":28,"key":"The Courier"}],"event_choices":[{"damage_healed":0,"gold_gain":0,"player_choice":"Entered Light","damage_taken":16,"max_hp_gain":0,"max_hp_loss":0,"event_name":"Shining Light","floor":3,"gold_loss":0,"cards_upgraded":["Strike_R","Strike_R"]},{"damage_healed":0,"gold_gain":76,"player_choice":"Gained Gold","damage_taken":0,"max_hp_gain":0,"max_hp_loss":0,"event_name":"Golden Wing","floor":13,"gold_loss":0},{"damage_healed":0,"gold_gain":0,"player_choice":"Ignored","damage_taken":0,"max_hp_gain":0,"max_hp_loss":0,"event_name":"Golden Idol","floor":14,"gold_loss":0},{"damage_healed":0,"gold_gain":0,"player_choice":"Became a vampire","damage_taken":0,"max_hp_gain":0,"max_hp_loss":24,"event_name":"Vampires","floor":19,"gold_loss":0,"cards_obtained":["Bite","Bite","Bite","Bite","Bite"]},{"damage_healed":0,"gold_gain":99,"player_choice":"Stole From Cult","damage_taken":0,"max_hp_gain":0,"max_hp_loss":0,"event_name":"Nest","floor":22,"gold_loss":0},{"damage_healed":0,"gold_gain":0,"player_choice":"Opened","damage_taken":0,"relics_obtained":["Art of War"],"max_hp_gain":0,"max_hp_loss":0,"event_name":"The Mausoleum","floor":25,"gold_loss":0,"cards_obtained":["Writhe"]}],"is_beta":false,"boss_relics":[{"not_picked":["Eternal Feather","Velvet Choker"],"picked":"Fusion Hammer"}],"items_purged_floors":[],"is_endless":false,"potions_floor_spawned":[2,6,8,11,16,21,27,29,31],"killed_by":"Collector","ascension_level":0}