{"gold_per_floor":[117,130,130,130,47,90,90,20,20,44,67,67,105,135,135,261,324,343,343,312,326,7,7],"floor_reached":23,"playtime":2367,"items_purged":["Strike_G"],"score":224,"play_id":"ea992d60-1888-4aeb-a798-f120cb7491fa","local_time":"20190213173140","is_ascension_mode":false,"campfire_choices":[{"floor":7,"key":"REST"},{"floor":12,"key":"REST"},{"data":"Infinite Blades","floor":15,"key":"SMITH"}],"neow_cost":"NONE","seed_source_timestamp":72244846676158,"circlet_count":0,"master_deck":["Defend_G","Defend_G","Defend_G","Defend_G","Defend_G+1","Strike_G","Strike_G","Strike_G","Strike_G","Survivor","Neutralize","Blade Dance","Crippling Poison","Injury","Noxious Fumes","Outmaneuver","Outmaneuver","Malaise","Choke","Blade Dance","Infinite Blades+1","Die Die Die","Blade Dance","Leg Sweep","Expertise","Dagger Throw","Flying Knee","Night Terror","The Bomb"],"relics":["Ring of the Snake","Golden Idol","Regal Pillow","StoneCalendar","Happy Flower","Pear","Tiny House"],"potions_floor_usage":[],"damage_taken":[{"damage":0,"enemies":"2 Louse","floor":1,"turns":3},{"damage":1,"enemies":"Jaw Worm","floor":2,"turns":5},{"damage":51,"enemies":"Gremlin Nob","floor":6,"turns":6},{"damage":1,"enemies":"Cultist","floor":10,"turns":4},{"damage":19,"enemies":"Large Slime","floor":11,"turns":7},{"damage":21,"enemies":"Lagavulin","floor":13,"turns":6},{"damage":15,"enemies":"Hexaghost","floor":16,"turns":10},{"damage":20,"enemies":"Chosen","floor":18,"turns":6},{"damage":28,"enemies":"2 Thieves","floor":20,"turns":5},{"damage":36,"enemies":"Snecko","floor":21,"turns":7},{"damage":23,"enemies":"Slavers","floor":23,"turns":1}],"seed_played":"-2053628543382706751","potions_obtained":[{"floor":2,"key":"FearPotion"},{"floor":4,"key":"FairyPotion"},{"floor":4,"key":"Poison Potion"},{"floor":17,"key":"EssenceOfSteel"}],"is_trial":false,"path_per_floor":["?","?","M","?","?"],"character_chosen":"THE_SILENT","items_purchased":["Noxious Fumes","Outmaneuver","Malaise","Night Terror","The Bomb"],"campfire_rested":2,"item_purchase_floors":[5,5,8,22,22],"current_hp_per_floor":[77,76,76,76,76,25,63,63,63,62,43,77,56,66,66,51,92,72,72,44,8,8,0],"gold":7,"neow_bonus":"TEN_PERCENT_HP_BONUS","is_prod":false,"is_daily":false,"chose_seed":false,"campfire_upgraded":1,"win_rate":0.0,"timestamp":1550097100,"path_taken":["M","M","?","?","$","E","R","$","T","M","?","R","E","?","R","BOSS","M","?","M","M","$","E"],"build_version":"2019-01-23","purchased_purges":1,"victory":false,"max_hp_per_floor":[77,77,77,77,77,77,77,77,77,77,77,77,77,87,87,87,92,92,92,92,92,92,92],"card_choices":[{"not_picked":["Deadly Poison","Dagger Spray"],"picked":"Blade Dance","floor":1},{"not_picked":["Deflect","Acrobatics"],"picked":"Crippling Poison","floor":2},{"not_picked":["Deflect","Backstab"],"picked":"Outmaneuver","floor":6},{"not_picked":["Sucker Punch","Deadly Poison"],"picked":"Choke","floor":10},{"not_picked":["Terror","Escape Plan"],"picked":"Blade Dance","floor":11},{"not_picked":["After Image","Blade Dance"],"picked":"Infinite Blades","floor":13},{"not_picked":["Burst","Glass Knife"],"picked":"Die Die Die","floor":16},{"not_picked":["Terror","Bouncing Flask"],"picked":"Blade Dance","floor":17},{"not_picked":["Outmaneuver","Sucker Punch"],"picked":"Leg Sweep","floor":18},{"not_picked":["Underhanded Strike","Riddle With Holes"],"picked":"Dagger Throw","floor":20},{"not_picked":["Blade Dance","Backstab"],"picked":"Flying Knee","floor":21}],"player_experience":7690,"relics_obtained":[{"floor":6,"key":"Regal Pillow"},{"floor":9,"key":"StoneCalendar"},{"floor":13,"key":"Happy Flower"}],"event_choices":[{"damage_healed":0,"gold_gain":0,"player_choice":"Take Wound","damage_taken":0,"relics_obtained":["Golden Idol"],"max_hp_gain":0,"max_hp_loss":0,"event_name":"Golden Idol","floor":3,"gold_loss":0,"cards_obtained":["Injury"]},{"damage_healed":0,"gold_gain":0,"player_choice":"Got Potions","damage_taken":0,"max_hp_gain":0,"max_hp_loss":0,"event_name":"Lab","floor":4,"gold_loss":0},{"damage_healed":0,"gold_gain":30,"player_choice":"Searched \u00273\u0027 times","damage_taken":0,"relics_obtained":["Pear"],"max_hp_gain":0,"max_hp_loss":0,"event_name":"Dead Adventurer","floor":14,"gold_loss":0},{"damage_healed":0,"gold_gain":0,"player_choice":"Read","damage_taken":0,"max_hp_gain":0,"max_hp_loss":0,"event_name":"The Library","floor":19,"gold_loss":0,"cards_obtained":["Expertise"]}],"is_beta":false,"boss_relics":[{"not_picked":["Coffee Dripper","Busted Crown"],"picked":"Tiny House"}],"items_purged_floors":[22],"is_endless":false,"potions_floor_spawned":[2,6,13,20],"killed_by":"Slavers","ascension_level":0}