{"gold_per_floor":[110,129,147,147,147,147,163,163,163,163,64,64,79,92,92,188,188,188,188,188,188,88,88,88,88,88,88,88,65,65,40,40,40],"floor_reached":33,"playtime":2719,"items_purged":["Strike_R","Strike_R"],"score":259,"play_id":"ce0cdfde-9fb4-48ab-a0ef-fe7a445a9aa4","local_time":"20190114221918","is_ascension_mode":false,"campfire_choices":[{"data":"Armaments","floor":6,"key":"SMITH"},{"data":"Burning Pact","floor":8,"key":"SMITH"},{"data":"Flex","floor":15,"key":"SMITH"},{"data":"Demon Form","floor":23,"key":"SMITH"},{"data":"Pommel Strike","floor":25,"key":"SMITH"},{"floor":32,"key":"REST"}],"neow_cost":"NONE","seed_source_timestamp":432888086357443,"circlet_count":0,"master_deck":["Strike_R","Strike_R+1","Defend_R","Defend_R","Defend_R+1","Bash+1","Armaments+1","Warcry","Burning Pact+1","Pommel Strike+1","Shrug It Off","Flex+1","Demon Form+1","Pommel Strike+1","Inflame","Cleave","Heavy Blade+1","Heavy Blade+1","Rage","Warcry","Whirlwind+1","Flex"],"relics":["Burning Blood","Ornamental Fan","Ectoplasm","PreservedInsect","Regal Pillow"],"potions_floor_usage":[7,18,18],"damage_taken":[{"damage":1,"enemies":"Cultist","floor":1,"turns":3},{"damage":1,"enemies":"Jaw Worm","floor":2,"turns":5},{"damage":3,"enemies":"2 Louse","floor":3,"turns":5},{"damage":0,"enemies":"Looter","floor":7,"turns":3},{"damage":10,"enemies":"Exordium Wildlife","floor":13,"turns":4},{"damage":3,"enemies":"Large Slime","floor":14,"turns":4},{"damage":44,"enemies":"The Guardian","floor":16,"turns":11},{"damage":0,"enemies":"Spheric Guardian","floor":18,"turns":3},{"damage":16,"enemies":"3 Byrds","floor":19,"turns":5},{"damage":14,"enemies":"3 Cultists","floor":20,"turns":5},{"damage":20,"enemies":"Centurion and Healer","floor":21,"turns":7},{"damage":6,"enemies":"Chosen and Byrds","floor":24,"turns":6},{"damage":4,"enemies":"Gremlin Leader","floor":28,"turns":3},{"damage":12,"enemies":"3 Cultists","floor":30,"turns":4},{"damage":84,"enemies":"Automaton","floor":33,"turns":8}],"seed_played":"-2484386263421390674","potions_obtained":[{"floor":3,"key":"Fire Potion"},{"floor":7,"key":"Explosive Potion"},{"floor":16,"key":"Fire Potion"},{"floor":18,"key":"BloodPotion"},{"floor":24,"key":"Ancient Potion"},{"floor":28,"key":"Ancient Potion"}],"is_trial":false,"path_per_floor":["M","M","M","?","?","R","M","R","T","?","$","?","M","M","R","B",null,"M","M","M","M","$","R","M","R","T","?","E","$","M","$","R","B"],"character_chosen":"IRONCLAD","items_purchased":["Pommel Strike","Warcry","Flex"],"campfire_rested":1,"item_purchase_floors":[11,29,31],"current_hp_per_floor":[80,80,80,80,64,64,70,70,70,63,63,63,59,62,62,24,80,80,70,62,48,48,48,48,48,48,48,50,50,44,44,80,0],"gold":40,"neow_bonus":"UPGRADE_CARD","is_prod":false,"is_daily":false,"chose_seed":false,"campfire_upgraded":5,"win_rate":0,"timestamp":1547525958,"path_taken":["M","?","M","?","?","R","M","R","T","?","$","?","M","?","R","BOSS","M","M","M","M","$","R","M","R","T","?","E","?","M","?","R","BOSS"],"build_version":"2019-01-10","purchased_purges":2,"victory":false,"max_hp_per_floor":[80,80,80,80,80,80,80,80,80,80,80,80,80,80,80,80,80,80,80,80,80,80,80,80,80,80,80,80,80,80,80,80,80],"card_choices":[{"not_picked":["Sword Boomerang","Rampage"],"picked":"Armaments","floor":1},{"not_picked":["Infernal Blade","Uppercut"],"picked":"Warcry","floor":2},{"not_picked":["Entrench","Clothesline"],"picked":"Burning Pact","floor":3},{"not_picked":["Twin Strike","Anger","Corruption"],"picked":"SKIP","floor":7},{"not_picked":["Flex","Pommel Strike"],"picked":"Shrug It Off","floor":13},{"not_picked":["Twin Strike","Corruption"],"picked":"Flex","floor":14},{"not_picked":["Barricade","Impervious"],"picked":"Demon Form","floor":16},{"not_picked":["Thunderclap","Infernal Blade"],"picked":"Pommel Strike+1","floor":18},{"not_picked":["Clothesline+1","Headbutt+1"],"picked":"Inflame","floor":19},{"not_picked":["Clothesline","Seeing Red"],"picked":"Cleave","floor":20},{"not_picked":["Armaments","Shrug It Off"],"picked":"Heavy Blade","floor":21},{"not_picked":["Twin Strike","Pummel"],"picked":"Heavy Blade+1","floor":24},{"not_picked":["Power Through+1","Clothesline"],"picked":"Rage","floor":28},{"not_picked":["Clash","Wild Strike"],"picked":"Whirlwind+1","floor":30}],"player_experience":88778,"relics_obtained":[{"floor":9,"key":"Ornamental Fan"},{"floor":26,"key":"PreservedInsect"},{"floor":28,"key":"Regal Pillow"}],"event_choices":[{"damage_healed":0,"gold_gain":0,"player_choice":"Ignored","damage_taken":0,"max_hp_gain":0,"max_hp_loss":0,"event_name":"Liars Game","floor":4,"gold_loss":0},{"damage_healed":0,"gold_gain":0,"player_choice":"Entered Light","damage_taken":16,"max_hp_gain":0,"max_hp_loss":0,"event_name":"Shining Light","floor":5,"gold_loss":0,"cards_upgraded":["Strike_R","Defend_R"]},{"cards_removed":["Strike_R"],"damage_healed":0,"gold_gain":0,"player_choice":"Card Removal","damage_taken":7,"max_hp_gain":0,"max_hp_loss":0,"event_name":"Golden Wing","floor":10,"gold_loss":0},{"cards_removed":["Defend_R"],"damage_healed":0,"gold_gain":0,"player_choice":"Forget","damage_taken":0,"max_hp_gain":0,"max_hp_loss":0,"event_name":"Living Wall","floor":12,"gold_loss":0},{"damage_healed":0,"gold_gain":0,"player_choice":"Forge","damage_taken":0,"max_hp_gain":0,"max_hp_loss":0,"event_name":"Accursed Blacksmith","floor":27,"gold_loss":0,"cards_upgraded":["Heavy Blade"]}],"is_beta":false,"boss_relics":[{"not_picked":["Tiny House","Astrolabe"],"picked":"Ectoplasm"}],"items_purged_floors":[11,22],"is_endless":false,"potions_floor_spawned":[3,7,16,18,24,28],"killed_by":"Automaton","ascension_level":0}