{"gold_per_floor":[117,117,127,147,159,159,159,159,159,185,185,185,215,230,230,230],"floor_reached":16,"playtime":369,"items_purged":[],"score":215,"play_id":"a5eb23aa-aa8b-477e-a29a-1f65c8022bc1","local_time":"20190506014137","is_ascension_mode":true,"campfire_choices":[{"data":"Body Slam","floor":6,"key":"SMITH"},{"data":"Armaments","floor":11,"key":"SMITH"},{"floor":12,"key":"REST"},{"data":"Uppercut","floor":15,"key":"SMITH"}],"neow_cost":"NONE","seed_source_timestamp":1937212357848321,"circlet_count":0,"master_deck":["AscendersBane","Strike_R","Strike_R","Strike_R","Strike_R","Defend_R","Defend_R","Defend_R","Defend_R","Bash+1","Body Slam+1","Inflame","Inflame","Shrug It Off","Armaments+1","Uppercut+1","Shrug It Off"],"relics":["Burning Blood","Ginger","WingedGreaves","Vajra"],"potions_floor_usage":[13],"damage_taken":[{"damage":9,"enemies":"Jaw Worm","floor":1,"turns":4},{"damage":17,"enemies":"Small Slimes","floor":3,"turns":4},{"damage":6,"enemies":"Cultist","floor":4,"turns":3},{"damage":15,"enemies":"2 Fungi Beasts","floor":5,"turns":4},{"damage":32,"enemies":"Gremlin Nob","floor":10,"turns":4},{"damage":26,"enemies":"3 Sentries","floor":13,"turns":11},{"damage":1,"enemies":"Exordium Wildlife","floor":14,"turns":4},{"damage":21,"enemies":"Hexaghost","floor":16,"turns":7}],"seed_played":"7100970466154871740","potions_obtained":[{"floor":4,"key":"SkillPotion"},{"floor":5,"key":"Block Potion"},{"floor":13,"key":"EssenceOfSteel"}],"is_trial":false,"path_per_floor":["M","?","M","M","M","R","?","?","T","E","R","R","E","M","R","B"],"character_chosen":"IRONCLAD","items_purchased":[],"campfire_rested":1,"item_purchase_floors":[],"current_hp_per_floor":[65,65,54,54,45,45,38,38,38,12,12,34,14,19,19,0],"gold":230,"neow_bonus":"UPGRADE_CARD","is_prod":false,"is_daily":false,"chose_seed":false,"campfire_upgraded":3,"win_rate":0,"timestamp":1557074497,"path_taken":["M","?","M","M","M","R","?","?","T","E","R","R","E","M","R","BOSS"],"build_version":"2019-01-23","purchased_purges":0,"victory":false,"max_hp_per_floor":[75,75,75,75,75,75,75,75,75,75,75,75,75,75,75,75],"card_choices":[{"not_picked":["Havoc","Heavy Blade"],"picked":"Body Slam","floor":1},{"not_picked":["Shrug It Off","Infernal Blade"],"picked":"Inflame","floor":3},{"not_picked":["Shrug It Off","Infernal Blade"],"picked":"Inflame","floor":4},{"not_picked":["Reckless Charge","Power Through"],"picked":"Shrug It Off","floor":5},{"not_picked":["Wild Strike","Inflame"],"picked":"Armaments","floor":10},{"not_picked":["Second Wind","Blood for Blood"],"picked":"Uppercut","floor":13},{"not_picked":["Entrench","Wild Strike"],"picked":"Shrug It Off","floor":14}],"player_experience":467474,"relics_obtained":[{"floor":9,"key":"Ginger"},{"floor":10,"key":"WingedGreaves"},{"floor":13,"key":"Vajra"}],"event_choices":[{"damage_healed":0,"gold_gain":0,"player_choice":"Ignored","damage_taken":0,"max_hp_gain":0,"max_hp_loss":0,"event_name":"Liars Game","floor":2,"gold_loss":0},{"cards_removed":["Strike_R"],"damage_healed":0,"gold_gain":0,"player_choice":"Card Removal","damage_taken":7,"max_hp_gain":0,"max_hp_loss":0,"event_name":"Golden Wing","floor":7,"gold_loss":0},{"damage_healed":0,"gold_gain":0,"player_choice":"Got Potions","damage_taken":0,"max_hp_gain":0,"max_hp_loss":0,"event_name":"Lab","floor":8,"gold_loss":0}],"is_beta":false,"boss_relics":[],"items_purged_floors":[],"is_endless":false,"potions_floor_spawned":[4,5,13],"killed_by":"Hexaghost","ascension_level":19}