{"gold_per_floor":[109,129,147,147,97,136,136,155,179,223,243,257,257],"floor_reached":13,"playtime":2059,"items_purged":[],"score":97,"play_id":"a51c6519-d353-416f-90fe-91768746069c","local_time":"20190512085630","is_ascension_mode":false,"campfire_choices":[],"neow_cost":"NONE","seed_source_timestamp":241201473491208,"circlet_count":0,"master_deck":["Strike_B","Strike_B","Strike_B","Defend_B","Defend_B","Defend_B","Defend_B","Zap","Dualcast","White Noise","Core Surge","Melter","Consume","BootSequence","Tempest"],"special_seed":0,"relics":["Cracked Core","Golden Idol","Shuriken","Blood Vial","Juzu Bracelet","Sundial"],"potions_floor_usage":[6,6,11],"damage_taken":[{"damage":0.0,"enemies":"Cultist","floor":1.0,"turns":3.0},{"damage":11.0,"enemies":"Jaw Worm","floor":2.0,"turns":3.0},{"damage":0.0,"enemies":"Small Slimes","floor":3.0,"turns":3.0},{"damage":7,"enemies":"Gremlin Nob","floor":6,"turns":3},{"damage":16,"enemies":"Exordium Wildlife","floor":8,"turns":5},{"damage":21,"enemies":"Lagavulin","floor":10,"turns":7},{"damage":0,"enemies":"3 Louse","floor":11,"turns":1},{"damage":13,"enemies":"Exordium Thugs","floor":12,"turns":5}],"seed_played":"300180594760929146","potions_obtained":[{"floor":2.0,"key":"SkillPotion"},{"floor":3.0,"key":"SteroidPotion"},{"floor":8,"key":"Explosive Potion"},{"floor":12,"key":"Weak Potion"}],"is_trial":false,"path_per_floor":["M","M","M","?","?","E","T","M","T","E","M","M","?"],"character_chosen":"DEFECT","items_purchased":[],"campfire_rested":0,"item_purchase_floors":[],"current_hp_per_floor":[82,71,71,51,51,44,44,30,30,11,13,2,0],"gold":257,"neow_bonus":"TEN_PERCENT_HP_BONUS","is_prod":false,"is_daily":false,"chose_seed":false,"campfire_upgraded":0,"win_rate":0,"timestamp":1557631590,"path_taken":["M","?","M","?","?","E","?","M","T","E","M","M","?"],"build_version":"2019-01-23","purchased_purges":0,"victory":false,"max_hp_per_floor":[82,82,82,82,82,82,82,82,82,82,82,82,82],"card_choices":[{"not_picked":["Go for the Eyes","Melter","Double Energy"],"picked":"SKIP","floor":1.0},{"not_picked":["Gash","Barrage"],"picked":"White Noise","floor":2.0},{"not_picked":["Stack","Compile Driver","Ball Lightning"],"picked":"SKIP","floor":3.0},{"not_picked":["Stack","Reprogram"],"picked":"Core Surge","floor":6},{"not_picked":["Barrage","Reprogram"],"picked":"Melter","floor":8},{"not_picked":["Beam Cell","Rip and Tear"],"picked":"Consume","floor":10},{"not_picked":["Reinforced Body","Double Energy"],"picked":"BootSequence","floor":11},{"not_picked":["Gash","Stack"],"picked":"Tempest","floor":12}],"player_experience":169744,"relics_obtained":[{"floor":6,"key":"Shuriken"},{"floor":7,"key":"Blood Vial"},{"floor":9,"key":"Juzu Bracelet"},{"floor":10,"key":"Sundial"}],"event_choices":[{"damage_healed":0.0,"max_hp_gain":0.0,"max_hp_loss":0.0,"gold_gain":0.0,"event_name":"Golden Idol","player_choice":"Take Damage","floor":4.0,"gold_loss":0.0,"damage_taken":20.0,"relics_obtained":["Golden Idol"]},{"cards_removed":["Strike_B"],"damage_healed":0.0,"max_hp_gain":0.0,"max_hp_loss":0.0,"gold_gain":0.0,"event_name":"The Cleric","player_choice":"Card Removal","floor":5.0,"gold_loss":50.0,"damage_taken":0.0}],"is_beta":false,"boss_relics":[],"items_purged_floors":[],"is_endless":false,"potions_floor_spawned":[2,3,8,12],"ascension_level":0}