{"gold_per_floor":[109,123,48,48,114,149,149,168,168,168,199,215,249,260,260,355,355,367,367,367,367,382,408,408,408],"floor_reached":25,"playtime":3203,"items_purged":["Strike_G"],"score":390,"play_id":"4bcf79ac-d7ec-4208-9d8e-137af4bb6c11","local_time":"20190524210902","is_ascension_mode":true,"campfire_choices":[{"data":"Footwork","floor":7.0,"key":"SMITH"},{"data":"Neutralize","floor":10.0,"key":"SMITH"},{"data":"Terror","floor":15.0,"key":"SMITH"},{"data":"Well Laid Plans","floor":24,"key":"SMITH"}],"neow_cost":"NONE","seed_source_timestamp":491715838868550,"circlet_count":0,"master_deck":["Defend_G+1","Defend_G+1","Defend_G+1","Defend_G+1","Defend_G+1","Strike_G+1","Strike_G+1","Survivor","Neutralize+1","Predator","Footwork+1","Deadly Poison","Backstab+1","Terror+1","Dagger Spray+1","Glass Knife+1","Cloak And Dagger+1","Flechettes+1","Acrobatics","Footwork+1","PiercingWail+1","Well Laid Plans+1"],"special_seed":0,"relics":["Ring of the Snake","NeowsBlessing","Molten Egg 2","Darkstone Periapt","Bottled Tornado","Lantern","Runic Dome","Regal Pillow"],"potions_floor_usage":[25],"damage_taken":[{"damage":0.0,"enemies":"Small Slimes","floor":1.0,"turns":1.0},{"damage":0.0,"enemies":"2 Louse","floor":2.0,"turns":1.0},{"damage":0.0,"enemies":"Gremlin Nob","floor":6.0,"turns":1.0},{"damage":0.0,"enemies":"Cultist","floor":8.0,"turns":4.0},{"damage":1.0,"enemies":"Lagavulin","floor":11.0,"turns":10.0},{"damage":0.0,"enemies":"3 Louse","floor":12.0,"turns":5.0},{"damage":9.0,"enemies":"Gremlin Nob","floor":13.0,"turns":5.0},{"damage":0.0,"enemies":"Blue Slaver","floor":14.0,"turns":4.0},{"damage":20.0,"enemies":"Slime Boss","floor":16.0,"turns":9.0},{"damage":0.0,"enemies":"Shell Parasite","floor":18.0,"turns":2.0},{"damage":0.0,"enemies":"3 Byrds","floor":22.0,"turns":5.0},{"damage":0,"enemies":"Slavers","floor":23,"turns":7},{"damage":66,"enemies":"Gremlin Leader","floor":25,"turns":5}],"seed_played":"-6475086148677596058","potions_obtained":[{"floor":2.0,"key":"Explosive Potion"},{"floor":6.0,"key":"AttackPotion"},{"floor":8.0,"key":"FearPotion"},{"floor":12.0,"key":"EssenceOfSteel"},{"floor":14.0,"key":"Strength Potion"},{"floor":18.0,"key":"Fruit Juice"}],"is_trial":false,"path_per_floor":["M","M","$","?","?","E","R","M","T","R","E","M","E","M","R","B",null,"M","?","?","?","M","E","R","E"],"character_chosen":"THE_SILENT","items_purchased":[],"campfire_rested":0,"item_purchase_floors":[],"current_hp_per_floor":[63,63,63,68,68,68,68,68,68,68,67,67,58,58,58,38,66,66,66,66,66,66,66,66,0],"gold":408,"neow_bonus":"THREE_ENEMY_KILL","is_prod":false,"is_daily":false,"chose_seed":false,"campfire_upgraded":4,"win_rate":0,"timestamp":1558712342,"path_taken":["M","M","$","?","?","E","R","M","T","R","E","M","E","M","R","BOSS","M","?","?","?","?","E","R","E"],"build_version":"2019-01-23","purchased_purges":1,"victory":false,"max_hp_per_floor":[70,70,70,75,75,75,75,75,75,75,75,75,75,75,75,75,75,75,75,75,75,75,75,75,75],"card_choices":[{"not_picked":["Acrobatics","Reflex","Dagger Throw"],"picked":"SKIP","floor":1.0},{"not_picked":["Escape Plan","Calculated Gamble"],"picked":"Predator","floor":2.0},{"not_picked":["A Thousand Cuts","Concentrate"],"picked":"Footwork","floor":6.0},{"not_picked":["PiercingWail","Prepared","Sucker Punch+1"],"picked":"SKIP","floor":8.0},{"not_picked":["Crippling Poison","Acrobatics"],"picked":"Deadly Poison","floor":11.0},{"not_picked":["Predator+1","Backflip"],"picked":"Backstab+1","floor":12.0},{"not_picked":["Doppelganger","PiercingWail"],"picked":"Terror","floor":13.0},{"not_picked":["Bouncing Flask","Sucker Punch+1"],"picked":"Dagger Spray+1","floor":14.0},{"not_picked":["Venomology","Unload+1"],"picked":"Glass Knife+1","floor":16.0},{"not_picked":["Caltrops","Acrobatics+1"],"picked":"Cloak And Dagger+1","floor":18.0},{"not_picked":["Slice+1","Backflip"],"picked":"PiercingWail+1","floor":22.0},{"not_picked":["Expertise+1","Eviscerate+1"],"picked":"Well Laid Plans","floor":23}],"player_experience":732456,"relics_obtained":[{"floor":6.0,"key":"Molten Egg 2"},{"floor":9.0,"key":"Darkstone Periapt"},{"floor":11.0,"key":"Bottled Tornado"},{"floor":13.0,"key":"Lantern"},{"floor":23,"key":"Regal Pillow"}],"event_choices":[{"damage_healed":0.0,"max_hp_gain":5.0,"max_hp_loss":0.0,"gold_gain":0.0,"event_name":"Big Fish","player_choice":"Donut","floor":4.0,"gold_loss":0.0,"damage_taken":0.0},{"damage_healed":0.0,"max_hp_gain":0.0,"max_hp_loss":0.0,"gold_gain":66.0,"event_name":"Golden Wing","player_choice":"Gained Gold","floor":5.0,"gold_loss":0.0,"damage_taken":0.0},{"damage_healed":0.0,"max_hp_gain":0.0,"max_hp_loss":0.0,"gold_gain":0.0,"cards_transformed":["Strike_G","Strike_G"],"event_name":"Drug Dealer","player_choice":"Became Test Subject","floor":19.0,"gold_loss":0.0,"damage_taken":0.0,"cards_obtained":["Flechettes","Acrobatics"]},{"damage_healed":0.0,"max_hp_gain":0.0,"max_hp_loss":0.0,"gold_gain":0.0,"event_name":"Back to Basics","player_choice":"Simplicity","floor":20.0,"gold_loss":0.0,"damage_taken":0.0,"cards_upgraded":["Defend_G","Defend_G","Defend_G","Defend_G","Defend_G","Strike_G","Strike_G"]},{"damage_healed":0.0,"max_hp_gain":0.0,"max_hp_loss":0.0,"gold_gain":0.0,"event_name":"Duplicator","player_choice":"Copied","floor":21.0,"gold_loss":0.0,"damage_taken":0.0,"cards_obtained":["Footwork"]}],"is_beta":false,"boss_relics":[{"not_picked":["Ectoplasm","Eternal Feather"],"picked":"Runic Dome"}],"items_purged_floors":[3],"is_endless":false,"potions_floor_spawned":[2,6,8,12,14,18],"killed_by":"Gremlin Leader","ascension_level":7}