{"gold_per_floor":[111,131,142,154,454,484,484,512,549,561,592,630,567,598,610,622],"floor_reached":16,"playtime":5778,"items_purged":[],"score":147,"play_id":"07c00401-6ca8-4ad2-be7b-3b52c9819e2a","local_time":"20190510073203","is_ascension_mode":false,"campfire_choices":[{"data":"All Out Attack","floor":7.0,"key":"SMITH"},{"data":"Predator","floor":10.0,"key":"SMITH"},{"data":"Survivor","floor":15.0,"key":"SMITH"}],"neow_cost":"CURSE","seed_source_timestamp":0,"circlet_count":0,"master_deck":["Defend_G","Defend_G","Defend_G","Defend_G","Defend_G","Strike_G","Strike_G","Strike_G","Strike_G","Strike_G","Survivor+1","Neutralize","Doubt","Dagger Throw","Predator+1","Dagger Throw","All Out Attack+1","Night Terror","Tactician","Masterful Stab","Bouncing Flask","All Out Attack+1"],"special_seed":0,"relics":["Ring of the Snake","Calipers","Old Coin","Pen Nib","MawBank","Oddly Smooth Stone","Ice Cream","Molten Egg 2"],"potions_floor_usage":[16,16],"damage_taken":[{"damage":0.0,"enemies":"2 Louse","floor":1.0,"turns":4.0},{"damage":0.0,"enemies":"Jaw Worm","floor":2.0,"turns":6.0},{"damage":0.0,"enemies":"Cultist","floor":3.0,"turns":4.0},{"damage":0.0,"enemies":"Blue Slaver","floor":4.0,"turns":6.0},{"damage":11.0,"enemies":"3 Sentries","floor":6.0,"turns":6.0},{"damage":18.0,"enemies":"Lagavulin","floor":8.0,"turns":9.0},{"damage":0.0,"enemies":"Exordium Thugs","floor":11.0,"turns":4.0},{"damage":0.0,"enemies":"Gremlin Nob","floor":12.0,"turns":2.0},{"damage":0.0,"enemies":"Lots of Slimes","floor":14.0,"turns":2.0},{"damage":40,"enemies":"Hexaghost","floor":16,"turns":10}],"seed_played":"6066305729508569989","potions_obtained":[{"floor":3.0,"key":"AttackPotion"},{"floor":6.0,"key":"Fire Potion"},{"floor":8.0,"key":"SkillPotion"},{"floor":12.0,"key":"SteroidPotion"}],"is_trial":false,"path_per_floor":["M","M","M","M","?","E","R","E","T","R","M","E","?","M","R","B"],"character_chosen":"THE_SILENT","items_purchased":[],"campfire_rested":0,"item_purchase_floors":[],"current_hp_per_floor":[70,70,70,70,67,56,56,38,38,38,38,38,38,38,38,0],"gold":622,"neow_bonus":"ONE_RARE_RELIC","is_prod":false,"is_daily":false,"chose_seed":false,"campfire_upgraded":3,"win_rate":0.0,"timestamp":1557453723,"path_taken":["M","M","M","M","?","E","R","E","T","R","M","E","?","?","R","BOSS"],"build_version":"2019-01-23","purchased_purges":0,"victory":false,"max_hp_per_floor":[70,70,70,70,70,70,70,70,70,70,70,70,70,70,70,70],"card_choices":[{"not_picked":["Quick Slash","Backflip"],"picked":"Dagger Throw","floor":1.0},{"not_picked":["Backflip","Blade Dance"],"picked":"Predator","floor":2.0},{"not_picked":["Dagger Spray","Blur"],"picked":"Dagger Throw","floor":3.0},{"not_picked":["Crippling Poison","Quick Slash"],"picked":"All Out Attack","floor":4.0},{"not_picked":["Calculated Gamble","Outmaneuver"],"picked":"Night Terror","floor":6.0},{"not_picked":["Choke","Dagger Spray"],"picked":"Tactician","floor":8.0},{"not_picked":["Acrobatics","Blur"],"picked":"Masterful Stab","floor":11.0},{"not_picked":["Escape Plan","Acrobatics"],"picked":"Bouncing Flask","floor":12.0},{"not_picked":["Dagger Spray+1","Backstab+1"],"picked":"All Out Attack+1","floor":14.0}],"player_experience":81423,"relics_obtained":[{"floor":6.0,"key":"Pen Nib"},{"floor":8.0,"key":"MawBank"},{"floor":9.0,"key":"Oddly Smooth Stone"},{"floor":12.0,"key":"Ice Cream"}],"event_choices":[{"damage_healed":0.0,"max_hp_gain":0.0,"max_hp_loss":0.0,"gold_gain":0.0,"event_name":"Scrap Ooze","player_choice":"Success","floor":5.0,"gold_loss":0.0,"damage_taken":3.0,"relics_obtained":["Old Coin"]},{"damage_healed":0.0,"max_hp_gain":0.0,"max_hp_loss":0.0,"gold_gain":0.0,"event_name":"WeMeetAgain","player_choice":"Paid Gold","floor":13.0,"gold_loss":75.0,"damage_taken":0.0,"relics_obtained":["Molten Egg 2"]}],"is_beta":false,"boss_relics":[],"items_purged_floors":[],"is_endless":false,"potions_floor_spawned":[3,6,8,12],"killed_by":"Hexaghost","ascension_level":0}