{"gold_per_floor":[117,135,135,155,166,166,166,198,198,214,229,229,229,229,229,324,324,343,175,186,197,211,211,238,238,238,36,36,47,62,62,62,62],"floor_reached":33,"playtime":4417,"items_purged":["Strike_R","Strike_R"],"score":336,"play_id":"55e7e11b-2442-4ca7-8f0c-90d9ae6cce77","local_time":"20181214040822","is_ascension_mode":true,"campfire_choices":[{"data":"Bash","floor":6,"key":"SMITH"},{"floor":12,"key":"REST"},{"floor":15,"key":"RECALL"},{"floor":23,"key":"REST"},{"floor":25,"key":"REST"},{"floor":32,"key":"REST"}],"neow_cost":"NONE","seed_source_timestamp":3086597396303907,"circlet_count":0,"master_deck":["Strike_R+1","Strike_R","Strike_R","Defend_R","Defend_R","Defend_R","Bash+1","Clothesline","Iron Wave+1","Sentinel","Pommel Strike","Spot Weakness+1","Headbutt","Heavy Blade","Feed","Pommel Strike+1","Feel No Pain","Shrug It Off+1","Whirlwind","Power Through+1","Power Through+1","Shrug It Off+1","Shockwave+1","Demon Form"],"relics":["Burning Blood","Lantern","WarpedTongs","Toxic Egg 2","Gremlin Horn","Mark of Pain","Boot"],"potions_floor_usage":[20,21,22,33,33],"damage_taken":[{"damage":10,"enemies":"Jaw Worm","floor":1,"turns":6},{"damage":5,"enemies":"Cultist","floor":2,"turns":4},{"damage":6,"enemies":"Small Slimes","floor":4,"turns":3},{"damage":6,"enemies":"2 Fungi Beasts","floor":5,"turns":5},{"damage":60,"enemies":"Lagavulin","floor":8,"turns":7},{"damage":13,"enemies":"Exordium Wildlife","floor":10,"turns":4},{"damage":6,"enemies":"Looter","floor":11,"turns":3},{"damage":12,"enemies":"Slime Boss","floor":16,"turns":7},{"damage":30,"enemies":"Spheric Guardian","floor":18,"turns":4},{"damage":23,"enemies":"2 Thieves","floor":20,"turns":3},{"damage":30,"enemies":"Centurion and Healer","floor":21,"turns":6},{"damage":7,"enemies":"Snake Plant","floor":22,"turns":2},{"damage":53,"enemies":"Slavers","floor":24,"turns":6},{"damage":14,"enemies":"Cultist and Chosen","floor":29,"turns":6},{"damage":15,"enemies":"Chosen and Byrds","floor":30,"turns":5},{"damage":59,"enemies":"Automaton","floor":33,"turns":6}],"seed_played":"-684347102198571812","potions_obtained":[{"floor":1,"key":"Regen Potion"},{"floor":8,"key":"Poison Potion"},{"floor":11,"key":"Energy Potion"},{"floor":18,"key":"EssenceOfSteel"},{"floor":20,"key":"Regen Potion"},{"floor":30,"key":"Fire Potion"}],"is_trial":false,"path_per_floor":["M","M","?","M","M","R","?","E","T","M","M","R","?","?","R","B",null,"M","$","M","M","M","R","E","R","T","$","?","M","M","?","R","B"],"character_chosen":"IRONCLAD","items_purchased":["Feel No Pain","Shrug It Off+1","Shrug It Off+1","Shockwave+1"],"campfire_rested":4,"item_purchase_floors":[19,19,27,27],"current_hp_per_floor":[76,77,77,77,77,77,77,23,23,16,16,40,66,50,50,44,71,47,47,42,37,36,62,15,41,41,41,41,33,28,28,55,0],"gold":62,"neow_bonus":"RANDOM_COMMON_RELIC","is_prod":false,"is_daily":false,"chose_seed":false,"campfire_upgraded":1,"win_rate":0,"timestamp":1544778502,"path_taken":["M","M","?","M","?","R","?","E","T","M","M","R","?","?","R","BOSS","M","$","M","M","M","R","E","R","T","$","?","M","M","?","R","BOSS"],"build_version":"2018-12-13","purchased_purges":2,"victory":false,"max_hp_per_floor":[80,80,80,80,80,80,80,80,80,80,80,80,80,80,80,80,80,80,80,83,87,87,87,87,87,87,87,87,87,91,91,91,91],"card_choices":[{"not_picked":["Rupture","Uppercut"],"picked":"Clothesline","floor":1},{"not_picked":["Clothesline","Sword Boomerang"],"picked":"Iron Wave","floor":2},{"not_picked":["Dual Wield","Corruption"],"picked":"Sentinel","floor":4},{"not_picked":["Havoc","Thunderclap"],"picked":"Pommel Strike","floor":5},{"not_picked":["Twin Strike","Juggernaut"],"picked":"Spot Weakness","floor":8},{"not_picked":["Uppercut","Carnage"],"picked":"Headbutt","floor":10},{"not_picked":["Flex+1","Perfected Strike"],"picked":"Heavy Blade","floor":11},{"not_picked":["Offering+1","Reaper"],"picked":"Feed","floor":16},{"not_picked":["Headbutt","Body Slam"],"picked":"Pommel Strike+1","floor":18},{"not_picked":["Dual Wield+1","Infernal Blade+1","Anger"],"picked":"SKIP","floor":20},{"not_picked":["Reckless Charge","Pommel Strike"],"picked":"Whirlwind","floor":21},{"not_picked":["Cleave","Wild Strike"],"picked":"Power Through+1","floor":22},{"not_picked":["Dual Wield+1","Heavy Blade"],"picked":"Power Through+1","floor":24},{"not_picked":["Pommel Strike","Twin Strike","Wild Strike"],"picked":"SKIP","floor":29},{"not_picked":["Wild Strike","Twin Strike","Heavy Blade"],"picked":"SKIP","floor":30}],"player_experience":244388,"relics_obtained":[{"floor":8,"key":"Toxic Egg 2"},{"floor":9,"key":"Gremlin Horn"},{"floor":24,"key":"Boot"}],"event_choices":[{"damage_healed":0,"gold_gain":0,"player_choice":"Rummage","damage_taken":0,"relics_obtained":["WarpedTongs"],"max_hp_gain":0,"max_hp_loss":0,"event_name":"Accursed Blacksmith","floor":3,"gold_loss":0,"cards_obtained":["Pain"]},{"cards_removed":["Defend_R"],"damage_healed":0,"gold_gain":0,"player_choice":"Forget","damage_taken":0,"max_hp_gain":0,"max_hp_loss":0,"event_name":"Living Wall","floor":7,"gold_loss":0},{"damage_healed":26,"gold_gain":0,"player_choice":"Banana","damage_taken":0,"max_hp_gain":0,"max_hp_loss":0,"event_name":"Big Fish","floor":13,"gold_loss":0},{"damage_healed":0,"gold_gain":0,"player_choice":"Entered Light","damage_taken":16,"max_hp_gain":0,"max_hp_loss":0,"event_name":"Shining Light","floor":14,"gold_loss":0,"cards_upgraded":["Strike_R","Iron Wave"]},{"damage_healed":0,"gold_gain":0,"player_choice":"Read","damage_taken":0,"max_hp_gain":0,"max_hp_loss":0,"event_name":"The Library","floor":28,"gold_loss":0,"cards_obtained":["Demon Form"]},{"cards_removed":["Pain"],"damage_healed":0,"gold_gain":0,"player_choice":"Elegance","damage_taken":0,"max_hp_gain":0,"max_hp_loss":0,"event_name":"Back to Basics","floor":31,"gold_loss":0}],"is_beta":false,"boss_relics":[{"not_picked":["Pandora\u0027s Box","Philosopher\u0027s Stone"],"picked":"Mark of Pain"}],"items_purged_floors":[19,27],"is_endless":false,"potions_floor_spawned":[1,8,11,18,20,30],"killed_by":"Automaton","ascension_level":5}