{"gold_per_floor":[112,112,124,48,48,48,58,115,184,184,197,197,211,241,241,342,342,362,388,405,187,201,233,233,264,264,264,276,302,63,81,81,185,185,196,196,84,96,115,146,160,160,183,209,209,238,257,39,39,39],"floor_reached":51,"playtime":10366,"items_purged":["Strike_G","Decay"],"score":1202,"play_id":"58f77abf-5aef-410d-9213-0f07dc0142eb","local_time":"20190527175353","is_ascension_mode":true,"campfire_choices":[{"data":"Footwork","floor":6.0,"key":"SMITH"},{"data":"Skewer","floor":10.0,"key":"SMITH"},{"data":"Adrenaline","floor":12.0,"key":"SMITH"},{"data":"Dagger Spray","floor":15.0,"key":"SMITH"},{"floor":32.0,"key":"REST"},{"data":"Ghostly","floor":42.0,"key":"SMITH"},{"floor":45,"key":"REST"},{"floor":49,"key":"REST"}],"neow_cost":"NONE","seed_source_timestamp":729648948891930,"circlet_count":0,"master_deck":["Defend_G","Defend_G","Defend_G","Defend_G","Defend_G","Strike_G","Strike_G","Strike_G","Survivor","Neutralize","Bouncing Flask","Well Laid Plans","Footwork+1","Skewer+1","Adrenaline+1","Backstab","Dagger Spray+1","Doppelganger","Terror","Footwork+1","Envenom","Ghostly+1","Ghostly+1","Ghostly","Ghostly","Ghostly","Leg Sweep","Bouncing Flask","Glass Knife","Deadly Poison+1","Malaise","Noxious Fumes+1","Footwork","Dodge and Roll+1","Catalyst+1","Catalyst","Footwork+1","Expertise"],"special_seed":0,"relics":["Ring of the Snake","Boot","Tiny Chest","Bottled Tornado","Torii","Velvet Choker","Red Mask","Pen Nib","Oddly Smooth Stone","Anchor","Ornamental Fan","Omamori","HoveringKite","Du-Vu Doll","Blue Candle","Frozen Egg 2","Snake Skull"],"potions_floor_usage":[46,47],"damage_taken":[{"damage":7.0,"enemies":"2 Louse","floor":1.0,"turns":5.0},{"damage":0.0,"enemies":"Cultist","floor":3.0,"turns":3.0},{"damage":0.0,"enemies":"Jaw Worm","floor":7.0,"turns":4.0},{"damage":14.0,"enemies":"3 Sentries","floor":8.0,"turns":9.0},{"damage":3.0,"enemies":"2 Fungi Beasts","floor":11.0,"turns":4.0},{"damage":0.0,"enemies":"Looter","floor":13.0,"turns":3.0},{"damage":1.0,"enemies":"Lagavulin","floor":14.0,"turns":5.0},{"damage":27.0,"enemies":"Slime Boss","floor":16.0,"turns":9.0},{"damage":1.0,"enemies":"Spheric Guardian","floor":18.0,"turns":4.0},{"damage":28.0,"enemies":"Masked Bandits","floor":19.0,"turns":5.0},{"damage":4.0,"enemies":"Shell Parasite","floor":20.0,"turns":5.0},{"damage":19.0,"enemies":"3 Cultists","floor":22.0,"turns":6.0},{"damage":1.0,"enemies":"Book of Stabbing","floor":23.0,"turns":3.0},{"damage":9.0,"enemies":"Gremlin Leader","floor":25.0,"turns":7.0},{"damage":2.0,"enemies":"Cultist and Chosen","floor":28.0,"turns":9.0},{"damage":0.0,"enemies":"Slavers","floor":29.0,"turns":9.0},{"damage":0.0,"enemies":"Snake Plant","floor":31.0,"turns":4.0},{"damage":5.0,"enemies":"Champ","floor":33.0,"turns":11.0},{"damage":0.0,"enemies":"Orb Walker","floor":35.0,"turns":4.0},{"damage":0.0,"enemies":"3 Shapes","floor":38.0,"turns":9.0},{"damage":0.0,"enemies":"Maw","floor":39.0,"turns":8.0},{"damage":14.0,"enemies":"Reptomancer","floor":40.0,"turns":9.0},{"damage":0.0,"enemies":"Transient","floor":41.0,"turns":5.0},{"damage":1,"enemies":"Giant Head","floor":44,"turns":7},{"damage":2,"enemies":"Reptomancer","floor":46,"turns":8},{"damage":2,"enemies":"4 Shapes","floor":47,"turns":6},{"damage":3,"enemies":"Time Eater","floor":50,"turns":6}],"seed_played":"-4431037301587031231","potions_obtained":[{"floor":3.0,"key":"Fire Potion"},{"floor":11.0,"key":"Swift Potion"},{"floor":16.0,"key":"SpeedPotion"},{"floor":18.0,"key":"EssenceOfSteel"},{"floor":19.0,"key":"FairyPotion"},{"floor":23.0,"key":"AttackPotion"},{"floor":31.0,"key":"SpeedPotion"},{"floor":33.0,"key":"Weak Potion"},{"floor":41.0,"key":"SkillPotion"},{"floor":44,"key":"Block Potion"},{"floor":47,"key":"Ancient Potion"}],"is_trial":false,"path_per_floor":["M","?","M","$","T","R","M","E","T","R","M","R","M","E","R","B",null,"M","?","M","$","M","E","?","E","T","?","M","E","$","M","R","B",null,"M","?","$","M","M","E","M","R","T","E","R","E","M","$","R","B",null],"character_chosen":"THE_SILENT","items_purchased":["Footwork","Pen Nib","Glass Knife","Footwork","EssenceOfSteel","Snake Skull","Expertise"],"campfire_rested":3,"item_purchase_floors":[4,21,30,37,37,48,48],"current_hp_per_floor":[63,63,63,63,63,63,63,49,49,49,46,46,46,45,45,18,62,61,33,29,29,10,9,9,3,3,3,1,1,1,1,12,7,30,30,30,30,30,30,16,16,16,16,15,26,24,22,22,33,30],"gold":39,"neow_bonus":"TEN_PERCENT_HP_BONUS","is_prod":false,"is_daily":false,"chose_seed":false,"campfire_upgraded":5,"win_rate":0,"timestamp":1558959833,"path_taken":["M","?","M","$","?","R","M","E","T","R","?","R","M","E","R","BOSS","M","?","M","$","M","E","?","E","T","?","?","E","$","M","R","BOSS","M","?","$","M","M","E","M","R","T","E","R","E","?","?","R","BOSS"],"build_version":"2019-01-23","purchased_purges":2,"victory":true,"max_hp_per_floor":[77,77,77,77,77,77,77,77,77,77,77,77,77,77,77,77,77,77,77,77,77,77,77,38,38,38,38,38,38,38,38,38,38,38,38,38,38,38,38,38,38,38,38,38,38,38,38,38,38,38],"card_choices":[{"not_picked":["Slice","Noxious Fumes"],"picked":"Bouncing Flask","floor":1.0},{"not_picked":["Backflip","Underhanded Strike"],"picked":"Well Laid Plans","floor":3.0},{"not_picked":["Blade Dance","Sucker Punch","Underhanded Strike"],"picked":"SKIP","floor":7.0},{"not_picked":["Distraction","Dagger Throw"],"picked":"Skewer","floor":8.0},{"not_picked":["Slice","Outmaneuver"],"picked":"Adrenaline","floor":11.0},{"not_picked":["Sucker Punch","Acrobatics"],"picked":"Backstab","floor":13.0},{"not_picked":["Sucker Punch","Bane"],"picked":"Dagger Spray","floor":14.0},{"not_picked":["Storm of Steel","A Thousand Cuts"],"picked":"Doppelganger","floor":16.0},{"not_picked":["Slice","Flechettes","Finisher"],"picked":"SKIP","floor":18.0},{"not_picked":["Underhanded Strike","Accuracy"],"picked":"Terror","floor":19.0},{"not_picked":["Concentrate","Bane","Blade Dance+1"],"picked":"SKIP","floor":20.0},{"not_picked":["Riddle With Holes+1","Deadly Poison"],"picked":"Footwork+1","floor":22.0},{"not_picked":["Doppelganger","Reflex"],"picked":"Envenom","floor":23.0},{"not_picked":["Cloak And Dagger","Acrobatics"],"picked":"Leg Sweep","floor":25.0},{"not_picked":["Underhanded Strike","Deflect","Quick Slash+1"],"picked":"SKIP","floor":28.0},{"not_picked":["All Out Attack","Underhanded Strike"],"picked":"Bouncing Flask","floor":29.0},{"not_picked":["Poisoned Stab+1","Deflect"],"picked":"Deadly Poison+1","floor":31.0},{"not_picked":["Grand Finale","Envenom"],"picked":"Malaise","floor":33.0},{"not_picked":["Bouncing Flask","Choke+1"],"picked":"Noxious Fumes+1","floor":35.0},{"not_picked":["Tactician+1","Calculated Gamble+1"],"picked":"Dodge and Roll+1","floor":38.0},{"not_picked":["Masterful Stab","Deadly Poison","Tactician+1"],"picked":"SKIP","floor":39.0},{"not_picked":["Sucker Punch","Acrobatics"],"picked":"Catalyst+1","floor":40.0},{"not_picked":["Glass Knife","Predator"],"picked":"Catalyst","floor":41.0},{"not_picked":["Quick Slash","Choke","Flying Knee"],"picked":"SKIP","floor":44},{"not_picked":["Quick Slash","Choke","Flying Knee"],"picked":"SKIP","floor":44},{"not_picked":["Quick Slash","Choke","Flying Knee"],"picked":"SKIP","floor":44},{"not_picked":["Dagger Spray","Outmaneuver","Flechettes"],"picked":"SKIP","floor":46},{"not_picked":["Dagger Throw+1","Dodge and Roll+1"],"picked":"Footwork+1","floor":47}],"player_experience":838779,"relics_obtained":[{"floor":5.0,"key":"Boot"},{"floor":8.0,"key":"Tiny Chest"},{"floor":9.0,"key":"Bottled Tornado"},{"floor":14.0,"key":"Torii"},{"floor":19.0,"key":"Red Mask"},{"floor":23.0,"key":"Oddly Smooth Stone"},{"floor":25.0,"key":"Anchor"},{"floor":26.0,"key":"Ornamental Fan"},{"floor":29.0,"key":"Omamori"},{"floor":40.0,"key":"Du-Vu Doll"},{"floor":44,"key":"Blue Candle"},{"floor":46,"key":"Frozen Egg 2"}],"event_choices":[{"cards_removed":["Strike_G"],"damage_healed":0.0,"max_hp_gain":0.0,"max_hp_loss":0.0,"gold_gain":0.0,"event_name":"Bonfire Elementals","player_choice":"Offered Basic","floor":2.0,"gold_loss":0.0,"damage_taken":0.0},{"damage_healed":0.0,"max_hp_gain":0.0,"max_hp_loss":0.0,"gold_gain":0.0,"event_name":"Masked Bandits","player_choice":"Fought Bandits","floor":19.0,"gold_loss":0.0,"damage_taken":0.0},{"damage_healed":0.0,"max_hp_gain":0.0,"max_hp_loss":39.0,"gold_gain":0.0,"event_name":"Ghosts","player_choice":"Became a Ghost","floor":24.0,"gold_loss":0.0,"damage_taken":0.0,"cards_obtained":["Ghostly","Ghostly","Ghostly","Ghostly","Ghostly"]},{"damage_healed":0.0,"max_hp_gain":0.0,"max_hp_loss":0.0,"gold_gain":0.0,"event_name":"Forgotten Altar","player_choice":"Smashed Altar","floor":27.0,"gold_loss":0.0,"damage_taken":0.0,"cards_obtained":["Decay"]},{"damage_healed":0.0,"max_hp_gain":0.0,"max_hp_loss":0.0,"gold_gain":0.0,"event_name":"Upgrade Shrine","player_choice":"Upgraded","floor":36.0,"gold_loss":0.0,"damage_taken":0.0,"cards_upgraded":["Ghostly"]}],"is_beta":false,"boss_relics":[{"not_picked":["Ectoplasm","Runic Pyramid"],"picked":"Velvet Choker"},{"not_picked":["WristBlade","Astrolabe"],"picked":"HoveringKite"}],"items_purged_floors":[21,30],"is_endless":false,"potions_floor_spawned":[3,11,16,18,19,23,31,33,41,44,47],"ascension_level":8}