{"gold_per_floor":[118,193,143,143,155,184,196,196,196,227,242,252,265,294,294,396,396,414,397,414,414],"floor_reached":21,"playtime":2121,"items_purged":[],"score":296,"play_id":"99f5f566-4ee0-43ee-bc89-cf688d7e1c75","local_time":"20190523092619","is_ascension_mode":true,"campfire_choices":[{"data":"Dualcast","floor":8.0,"key":"SMITH"},{"data":"Streamline","floor":15.0,"key":"SMITH"}],"neow_cost":"NONE","seed_source_timestamp":363953970767941,"circlet_count":0,"master_deck":["Strike_B","Strike_B","Strike_B","Defend_B","Defend_B","Defend_B","Defend_B","Zap","Dualcast+1","Coolheaded","Loop","Streamline+1","Self Repair","Capacitor","Glacier","Ball Lightning","Cold Snap","Machine Learning","Genetic Algorithm","Conserve Battery"],"special_seed":0,"relics":["Cracked Core","NeowsBlessing","Gremlin Horn","Boot","Pocketwatch","Bottled Flame","Black Star"],"potions_floor_usage":[18],"damage_taken":[{"damage":0.0,"enemies":"Jaw Worm","floor":1.0,"turns":1.0},{"damage":0.0,"enemies":"2 Louse","floor":5.0,"turns":1.0},{"damage":0.0,"enemies":"Gremlin Nob","floor":6.0,"turns":1.0},{"damage":0.0,"enemies":"Cultist","floor":7.0,"turns":5.0},{"damage":12.0,"enemies":"Lagavulin","floor":10.0,"turns":8.0},{"damage":1.0,"enemies":"Lots of Slimes","floor":11.0,"turns":4.0},{"damage":28.0,"enemies":"Exordium Wildlife","floor":12.0,"turns":7.0},{"damage":1.0,"enemies":"Looter","floor":13.0,"turns":5.0},{"damage":15.0,"enemies":"3 Sentries","floor":14.0,"turns":9.0},{"damage":10.0,"enemies":"The Guardian","floor":16.0,"turns":11.0},{"damage":7,"enemies":"Chosen","floor":18,"turns":4},{"damage":38,"enemies":"2 Thieves","floor":19,"turns":5},{"damage":39,"enemies":"Snake Plant","floor":20,"turns":6},{"damage":17,"enemies":"Centurion and Healer","floor":21,"turns":6}],"seed_played":"4576955879657998588","potions_obtained":[{"floor":4.0,"key":"SmokeBomb"},{"floor":4.0,"key":"FairyPotion"},{"floor":4.0,"key":"FairyPotion"},{"floor":5.0,"key":"GamblersBrew"},{"floor":7.0,"key":"Regen Potion"},{"floor":13.0,"key":"FearPotion"},{"floor":19,"key":"Dexterity Potion"},{"floor":20,"key":"SteroidPotion"}],"is_trial":false,"path_per_floor":["M","?","?","?","M","E","M","R","T","E","M","M","M","E","R","B",null,"M","M","M","M"],"character_chosen":"DEFECT","items_purchased":[],"campfire_rested":0,"item_purchase_floors":[],"current_hp_per_floor":[68,57,57,57,57,57,57,57,57,60,66,45,51,36,36,33,65,65,34,14,0],"gold":414,"neow_bonus":"THREE_ENEMY_KILL","is_prod":false,"is_daily":false,"chose_seed":false,"campfire_upgraded":2,"win_rate":0,"timestamp":1558583779,"path_taken":["M","?","?","?","?","E","M","R","T","E","M","M","M","E","R","BOSS","M","M","M","?"],"build_version":"2019-01-23","purchased_purges":0,"victory":false,"max_hp_per_floor":[75,75,75,75,75,75,75,75,75,75,75,75,75,75,75,75,75,75,75,75,75],"card_choices":[{"not_picked":["Compile Driver","Turbo"],"picked":"Coolheaded","floor":1.0},{"not_picked":["Recycle","Beam Cell","Redo"],"picked":"SKIP","floor":5.0},{"not_picked":["Barrage","Beam Cell"],"picked":"Loop","floor":6.0},{"not_picked":["Tempest","Skim"],"picked":"Streamline","floor":7.0},{"not_picked":["Scrape","Chaos"],"picked":"Self Repair","floor":10.0},{"not_picked":["Go for the Eyes","Barrage"],"picked":"Capacitor","floor":11.0},{"not_picked":["Fusion","Sweeping Beam"],"picked":"Glacier","floor":12.0},{"not_picked":["Conserve Battery","Go for the Eyes"],"picked":"Ball Lightning","floor":13.0},{"not_picked":["Heatsinks","Cold Snap","Conserve Battery"],"picked":"SKIP","floor":14.0},{"not_picked":["Heatsinks","Conserve Battery"],"picked":"Cold Snap","floor":14.0},{"not_picked":["Fission","Core Surge"],"picked":"Machine Learning","floor":16.0},{"not_picked":["Defragment","Steam"],"picked":"Genetic Algorithm","floor":18},{"not_picked":["Sweeping Beam","Rebound"],"picked":"Conserve Battery","floor":19},{"not_picked":["Force Field","Gash+1","Go for the Eyes"],"picked":"SKIP","floor":20}],"player_experience":655151,"relics_obtained":[{"floor":6.0,"key":"Gremlin Horn"},{"floor":9.0,"key":"Boot"},{"floor":10.0,"key":"Pocketwatch"},{"floor":14.0,"key":"Bottled Flame"}],"event_choices":[{"damage_healed":0.0,"max_hp_gain":0.0,"max_hp_loss":0.0,"gold_gain":75.0,"event_name":"World of Goop","player_choice":"Gather Gold","floor":2.0,"gold_loss":0.0,"damage_taken":11.0},{"cards_removed":["Strike_B"],"damage_healed":0.0,"max_hp_gain":0.0,"max_hp_loss":0.0,"gold_gain":0.0,"event_name":"The Cleric","player_choice":"Card Removal","floor":3.0,"gold_loss":50.0,"damage_taken":0.0},{"damage_healed":0.0,"max_hp_gain":0.0,"max_hp_loss":0.0,"gold_gain":0.0,"event_name":"Lab","player_choice":"Got Potions","floor":4.0,"gold_loss":0.0,"damage_taken":0.0}],"is_beta":false,"boss_relics":[{"not_picked":["Empty Cage","Astrolabe"],"picked":"Black Star"}],"items_purged_floors":[],"is_endless":false,"potions_floor_spawned":[5,7,13,19,20],"killed_by":"Centurion and Healer","ascension_level":6}