{"gold_per_floor":[218,168,168,13,27,27,59,59,59,59,74,86,172,4,4,104,104,119,130,205,221,239,239,81,81,81,111,111],"floor_reached":28,"playtime":864,"items_purged":["Strike_R","Defend_R","Sever Soul+1"],"score":354,"play_id":"6df7299d-570b-4d48-8757-19290db29aac","local_time":"20190403035320","is_ascension_mode":true,"campfire_choices":[{"data":"Inflame","floor":6.0,"key":"SMITH"},{"data":"Sword Boomerang","floor":8.0,"key":"SMITH"},{"data":"Offering","floor":10.0,"key":"SMITH"},{"data":"True Grit","floor":15.0,"key":"SMITH"},{"data":"Flex","floor":23.0,"key":"SMITH"},{"floor":25.0,"key":"REST"}],"neow_cost":"NONE","seed_source_timestamp":1312256090885101,"circlet_count":0,"master_deck":["AscendersBane","Defend_R","Defend_R","Defend_R","Bash","Iron Wave","Inflame+1","Sword Boomerang+1","Offering+1","True Grit+1","Shrug It Off","Flex+1","Evolve","Offering","Double Tap+1","Shockwave+1","Shrug It Off","Flame Barrier","Dropkick","Dropkick","Metallicize","Inflame"],"special_seed":0,"relics":["Burning Blood","Ancient Tea Set","Mercury Hourglass","Tiny Chest","Astrolabe","Sundial","Orichalcum"],"potions_floor_usage":[],"damage_taken":[{"damage":13.0,"enemies":"Jaw Worm","floor":1.0,"turns":4.0},{"damage":0.0,"enemies":"Small Slimes","floor":5.0,"turns":3.0},{"damage":30.0,"enemies":"Lagavulin","floor":7.0,"turns":5.0},{"damage":6.0,"enemies":"Cultist","floor":11.0,"turns":2.0},{"damage":1.0,"enemies":"2 Fungi Beasts","floor":12.0,"turns":2.0},{"damage":14.0,"enemies":"3 Sentries","floor":13.0,"turns":6.0},{"damage":28.0,"enemies":"Hexaghost","floor":16.0,"turns":8.0},{"damage":12.0,"enemies":"3 Byrds","floor":18.0,"turns":3.0},{"damage":13.0,"enemies":"Shell Parasite","floor":19.0,"turns":4.0},{"damage":12.0,"enemies":"Centurion and Healer","floor":21.0,"turns":9.0},{"damage":27.0,"enemies":"Snake Plant","floor":22.0,"turns":5.0},{"damage":40,"enemies":"Slavers","floor":27,"turns":5},{"damage":26,"enemies":"Chosen and Byrds","floor":28,"turns":4}],"seed_played":"6274191987402557877","potions_obtained":[{"floor":13.0,"key":"FearPotion"},{"floor":16.0,"key":"Poison Potion"},{"floor":18.0,"key":"FearPotion"},{"floor":27,"key":"Weak Potion"}],"is_trial":false,"path_per_floor":["M","?","?","$","M","R","E","R","T","R","M","M","?","$","R","B",null,"M","M","?","M","M","R","$","R","T","E","M"],"character_chosen":"IRONCLAD","items_purchased":["Inflame","Evolve","Metallicize"],"campfire_rested":1,"item_purchase_floors":[4,14,24],"current_hp_per_floor":[65,65,65,65,71,71,47,47,47,47,47,52,44,44,44,22,66,60,53,45,39,18,18,18,42,42,8,0],"gold":111,"neow_bonus":"HUNDRED_GOLD","is_prod":false,"is_daily":false,"chose_seed":false,"campfire_upgraded":5,"win_rate":0,"timestamp":1554231200,"path_taken":["M","?","?","$","M","R","E","R","T","R","M","M","?","?","R","BOSS","M","M","?","?","M","R","$","R","T","E","M"],"build_version":"2019-01-23","purchased_purges":3,"victory":false,"max_hp_per_floor":[80,80,80,80,80,80,80,80,80,80,80,80,80,80,80,80,80,80,80,80,80,80,80,80,80,80,80,80],"card_choices":[{"not_picked":["Cleave","Havoc"],"picked":"Iron Wave","floor":1.0},{"not_picked":["Armaments","Warcry"],"picked":"Sword Boomerang","floor":5.0},{"not_picked":["Thunderclap","Warcry"],"picked":"Offering","floor":7.0},{"not_picked":["Warcry","Infernal Blade"],"picked":"True Grit","floor":11.0},{"not_picked":["Perfected Strike","Headbutt"],"picked":"Shrug It Off","floor":12.0},{"not_picked":["Sword Boomerang","Thunderclap"],"picked":"Flex","floor":13.0},{"not_picked":["Reaper","Bludgeon"],"picked":"Offering","floor":16.0},{"not_picked":["Twin Strike","Clash"],"picked":"Shrug It Off","floor":18.0},{"not_picked":["Blood for Blood","Pommel Strike"],"picked":"Flame Barrier","floor":19.0},{"not_picked":["Flame Barrier","Pommel Strike+1"],"picked":"Dropkick","floor":21.0},{"not_picked":["Infernal Blade","Havoc"],"picked":"Dropkick","floor":22.0},{"not_picked":["Iron Wave+1","Intimidate+1"],"picked":"Inflame","floor":27}],"player_experience":405498,"relics_obtained":[{"floor":7.0,"key":"Ancient Tea Set"},{"floor":9.0,"key":"Mercury Hourglass"},{"floor":13.0,"key":"Tiny Chest"},{"floor":26.0,"key":"Sundial"},{"floor":27,"key":"Orichalcum"}],"event_choices":[{"cards_removed":["Strike_R"],"damage_healed":0.0,"max_hp_gain":0.0,"max_hp_loss":0.0,"gold_gain":0.0,"event_name":"The Cleric","player_choice":"Card Removal","floor":2.0,"gold_loss":50.0,"damage_taken":0.0},{"damage_healed":0.0,"max_hp_gain":0.0,"max_hp_loss":0.0,"gold_gain":0.0,"cards_transformed":["Strike_R"],"event_name":"Living Wall","player_choice":"Change","floor":3.0,"gold_loss":0.0,"damage_taken":0.0,"cards_obtained":["Iron Wave"]},{"damage_healed":0.0,"max_hp_gain":0.0,"max_hp_loss":0.0,"gold_gain":0.0,"event_name":"Dead Adventurer","player_choice":"Searched \u00271\u0027 times","floor":13.0,"gold_loss":0.0,"damage_taken":0.0},{"damage_healed":0.0,"max_hp_gain":0.0,"max_hp_loss":0.0,"gold_gain":75.0,"event_name":"FaceTrader","player_choice":"Touch","floor":20.0,"gold_loss":0.0,"damage_taken":8.0}],"is_beta":false,"boss_relics":[{"not_picked":["Busted Crown","Philosopher\u0027s Stone"],"picked":"Astrolabe"}],"items_purged_floors":[4,14,24],"is_endless":false,"potions_floor_spawned":[13,16,18,22,27],"killed_by":"Chosen and Byrds","ascension_level":10}