{"gold_per_floor":[212,230,230,248,259,259,53,66,96,106,118,137,154,154,154,282,282,295,2,2,16,16,16,30,30,55,74,74,74],"floor_reached":29,"playtime":3254,"items_purged":[],"score":221,"play_id":"6bc872d1-d385-4bee-88a6-322e7e3b35b1","local_time":"20190216185627","is_ascension_mode":false,"campfire_choices":[{"floor":6.0,"key":"REST"},{"floor":15.0,"key":"REST"},{"floor":23,"key":"REST"},{"floor":25,"key":"REST"},{"floor":28,"key":"REST"}],"neow_cost":"NONE","seed_source_timestamp":0,"circlet_count":0,"master_deck":["Defend_G","Defend_G","Defend_G","Defend_G","Defend_G","Strike_G","Strike_G","Strike_G","Strike_G","Strike_G","Survivor","Neutralize","Flying Knee","Flying Knee","Doppelganger","Mind Blast","Dagger Throw","Catalyst","Cloak And Dagger","Calculated Gamble","Bouncing Flask","Poisoned Stab","Flying Knee","Injury","Burst","Dagger Spray+1","Backflip","Footwork","Panache","Poisoned Stab","Predator","Blur"],"special_seed":0,"relics":["Ring of the Snake","Tiny Chest","Bloody Idol","Runic Pyramid","Nloth\u0027s Gift","Happy Flower"],"potions_floor_usage":[],"damage_taken":[{"damage":6.0,"enemies":"Jaw Worm","floor":1.0,"turns":8.0},{"damage":0.0,"enemies":"Cultist","floor":2.0,"turns":5.0},{"damage":4.0,"enemies":"2 Louse","floor":4.0,"turns":3.0},{"damage":15.0,"enemies":"Large Slime","floor":5.0,"turns":7.0},{"damage":30.0,"enemies":"Gremlin Gang","floor":8.0,"turns":8.0},{"damage":2.0,"enemies":"Blue Slaver","floor":10.0,"turns":4.0},{"damage":1.0,"enemies":"2 Fungi Beasts","floor":11.0,"turns":3.0},{"damage":4.0,"enemies":"Red Slaver","floor":12.0,"turns":4.0},{"damage":0.0,"enemies":"Looter","floor":13.0,"turns":4.0},{"damage":44.0,"enemies":"The Guardian","floor":16.0,"turns":9.0},{"damage":13.0,"enemies":"3 Byrds","floor":18.0,"turns":9.0},{"damage":25.0,"enemies":"Shell Parasite","floor":21.0,"turns":5.0},{"damage":30,"enemies":"Sentry and Sphere","floor":24,"turns":7},{"damage":37,"enemies":"Shelled Parasite and Fungi","floor":27,"turns":6},{"damage":5,"enemies":"Snecko","floor":29,"turns":7}],"seed_played":"-1779439656339337020","potions_obtained":[{"floor":4.0,"key":"Fire Potion"},{"floor":5.0,"key":"EssenceOfSteel"},{"floor":13.0,"key":"SpeedPotion"}],"is_trial":false,"path_per_floor":["?","M","?","?","M","?"],"character_chosen":"THE_SILENT","items_purchased":["Medical Kit","Backflip","Footwork","Panache"],"campfire_rested":5,"item_purchase_floors":[7,19,19,19],"current_hp_per_floor":[64,64,64,60,45,66,66,36,36,34,33,29,29,29,50,6,70,57,57,57,32,32,53,28,49,54,22,43,38],"gold":74,"neow_bonus":"HUNDRED_GOLD","is_prod":false,"is_daily":false,"chose_seed":false,"campfire_upgraded":0,"win_rate":0.0,"timestamp":1550361387,"path_taken":["M","M","?","M","M","R","$","M","T","M","M","?","M","?","R","BOSS","M","$","?","?","?","R","M","R","T","M","R","M"],"build_version":"2019-01-23","purchased_purges":0,"victory":false,"max_hp_per_floor":[70,70,70,70,70,70,70,70,70,70,70,70,70,70,70,70,70,70,70,70,70,70,70,70,70,70,70,70,70],"card_choices":[{"not_picked":["Deflect","Outmaneuver"],"picked":"Flying Knee","floor":1.0},{"not_picked":["Reflex","Riddle With Holes"],"picked":"Flying Knee","floor":2.0},{"not_picked":["Outmaneuver","Underhanded Strike"],"picked":"Dagger Throw","floor":4.0},{"not_picked":["Backflip","Crippling Poison"],"picked":"Catalyst","floor":5.0},{"not_picked":["Quick Slash","Flying Knee"],"picked":"Cloak And Dagger","floor":8.0},{"not_picked":["Terror","Bane"],"picked":"Calculated Gamble","floor":10.0},{"not_picked":["Flying Knee","Slice"],"picked":"Bouncing Flask","floor":11.0},{"not_picked":["PiercingWail","Quick Slash"],"picked":"Poisoned Stab","floor":12.0},{"not_picked":["Acrobatics","Dagger Spray"],"picked":"Flying Knee","floor":13.0},{"not_picked":["Phantasmal Killer","Venomology"],"picked":"Burst","floor":16.0},{"not_picked":["Quick Slash","Blade Dance"],"picked":"Dagger Spray+1","floor":18.0},{"not_picked":["Acrobatics","Dodge and Roll"],"picked":"Poisoned Stab","floor":21.0},{"not_picked":["Venomology","Slice"],"picked":"Predator","floor":24},{"not_picked":["Slice+1","Venomology"],"picked":"Blur","floor":27}],"player_experience":46021,"relics_obtained":[{"floor":9.0,"key":"Tiny Chest"},{"floor":26,"key":"Happy Flower"}],"event_choices":[{"damage_healed":0.0,"max_hp_gain":0.0,"max_hp_loss":0.0,"gold_gain":0.0,"event_name":"Match and Keep!","player_choice":"2 cards matched","floor":3.0,"gold_loss":0.0,"damage_taken":0.0,"cards_obtained":["Doppelganger","Mind Blast"]},{"damage_healed":0.0,"max_hp_gain":0.0,"max_hp_loss":0.0,"gold_gain":0.0,"event_name":"Golden Idol","player_choice":"Take Wound","floor":14.0,"gold_loss":0.0,"damage_taken":0.0,"relics_obtained":["Golden Idol"],"cards_obtained":["Injury"]},{"damage_healed":0.0,"max_hp_gain":0.0,"max_hp_loss":0.0,"gold_gain":0.0,"event_name":"N\u0027loth","player_choice":"Traded Relic","floor":20.0,"relics_lost":["Medical Kit"],"gold_loss":0.0,"damage_taken":0.0,"relics_obtained":["Nloth\u0027s Gift"]},{"damage_healed":0.0,"max_hp_gain":0.0,"max_hp_loss":0.0,"gold_gain":0.0,"event_name":"Forgotten Altar","player_choice":"Gave Idol","floor":22.0,"relics_lost":["Golden Idol"],"gold_loss":0.0,"damage_taken":0.0,"relics_obtained":["Bloody Idol"]}],"is_beta":false,"boss_relics":[{"not_picked":["Astrolabe","White Beast Statue"],"picked":"Runic Pyramid"}],"items_purged_floors":[],"is_endless":false,"potions_floor_spawned":[4,5,13,18],"killed_by":"Snecko","ascension_level":0}