{"gold_per_floor":[115,129,148,164,183,183,209,8,8,27,27,59,59,77,77,151,151,161,172,271,281,206,236,236],"floor_reached":24,"playtime":5868,"items_purged":[],"score":380,"play_id":"a7eeeb08-b2ca-44e6-8edf-46017e219fb8","local_time":"20190603052709","is_ascension_mode":true,"campfire_choices":[{"data":"Whirlwind","floor":6.0,"key":"SMITH"},{"data":"Demon Form","floor":15,"key":"SMITH"}],"neow_cost":"NONE","seed_source_timestamp":30298989127152,"circlet_count":0,"master_deck":["AscendersBane","Strike_R","Strike_R","Strike_R","Defend_R","Defend_R","Defend_R","Defend_R+1","Bash","Demon Form+1","Heavy Blade","Whirlwind+1","Power Through","Double Tap+1","Barricade","Evolve","Entrench","Battle Trance","Immolate"],"special_seed":0,"relics":["Burning Blood","War Paint","Lee\u0027s Waffle","Pantograph","Paper Frog","Letter Opener","Velvet Choker","Vajra"],"potions_floor_usage":[16,21,23],"damage_taken":[{"damage":2.0,"enemies":"2 Louse","floor":1.0,"turns":2.0},{"damage":4.0,"enemies":"Jaw Worm","floor":2.0,"turns":4.0},{"damage":15.0,"enemies":"Small Slimes","floor":3.0,"turns":3.0},{"damage":12.0,"enemies":"2 Fungi Beasts","floor":4.0,"turns":3.0},{"damage":13.0,"enemies":"Exordium Wildlife","floor":5.0,"turns":5.0},{"damage":32.0,"enemies":"Gremlin Nob","floor":7.0,"turns":4.0},{"damage":11,"enemies":"Exordium Thugs","floor":10,"turns":5},{"damage":35,"enemies":"3 Sentries","floor":12,"turns":5},{"damage":0,"enemies":"3 Louse","floor":14,"turns":2},{"damage":51,"enemies":"The Guardian","floor":16,"turns":10},{"damage":12,"enemies":"Chosen","floor":18,"turns":4},{"damage":25,"enemies":"Shell Parasite","floor":19,"turns":7},{"damage":13,"enemies":"Centurion and Healer","floor":21,"turns":4},{"damage":57,"enemies":"Slavers","floor":23,"turns":6},{"damage":36,"enemies":"Shelled Parasite and Fungi","floor":24,"turns":2}],"seed_played":"-5387056087365596284","potions_obtained":[{"floor":2.0,"key":"Weak Potion"},{"floor":4.0,"key":"EssenceOfSteel"},{"floor":5.0,"key":"AttackPotion"},{"floor":10,"key":"Dexterity Potion"},{"floor":14,"key":"FairyPotion"},{"floor":19,"key":"Regen Potion"},{"floor":21,"key":"Dexterity Potion"}],"is_trial":false,"path_per_floor":["M","M","M","M","M","R","E","$","T","M","?","E","?","M","R","B",null,"M","M","?","M","?","E","M"],"character_chosen":"IRONCLAD","items_purchased":["Lee\u0027s Waffle"],"campfire_rested":0,"item_purchase_floors":[8],"current_hp_per_floor":[76,78,69,63,56,56,30,87,87,82,79,50,50,56,56,36,74,68,49,49,51,51,14,0],"gold":236,"neow_bonus":"ONE_RANDOM_RARE_CARD","is_prod":false,"is_daily":false,"chose_seed":false,"campfire_upgraded":2,"win_rate":0,"timestamp":1559519829,"path_taken":["M","M","M","M","M","R","E","$","T","M","?","E","?","M","R","BOSS","M","M","?","M","?","E","M"],"build_version":"2019-01-23","purchased_purges":0,"victory":false,"max_hp_per_floor":[80,80,80,80,80,80,80,87,87,87,87,87,87,87,87,87,87,87,87,87,87,87,87,87],"card_choices":[{"not_picked":["Headbutt","Pommel Strike"],"picked":"Heavy Blade","floor":1.0},{"not_picked":["Twin Strike","Heavy Blade"],"picked":"Whirlwind","floor":2.0},{"not_picked":["Bloodletting","Wild Strike","Fire Breathing"],"picked":"SKIP","floor":3.0},{"not_picked":["Headbutt","Thunderclap"],"picked":"Power Through","floor":4.0},{"not_picked":["Uppercut","Power Through"],"picked":"Double Tap","floor":5.0},{"not_picked":["Dropkick","Clothesline"],"picked":"Barricade","floor":7.0},{"not_picked":["Bloodletting","Rupture","Flex"],"picked":"SKIP","floor":10},{"not_picked":["Second Wind","Armaments"],"picked":"Evolve","floor":12},{"not_picked":["Reckless Charge","Dual Wield"],"picked":"Battle Trance","floor":14},{"not_picked":["Exhume","Bludgeon"],"picked":"Immolate","floor":16},{"not_picked":["Twin Strike","Armaments","Warcry"],"picked":"SKIP","floor":18},{"not_picked":["Wild Strike+1","Dropkick+1","Spot Weakness"],"picked":"SKIP","floor":19},{"not_picked":["Body Slam","Brutality","Heavy Blade"],"picked":"SKIP","floor":21},{"not_picked":["Seeing Red","Armaments","Body Slam"],"picked":"SKIP","floor":23}],"player_experience":1117468,"relics_obtained":[{"floor":7.0,"key":"War Paint"},{"floor":9.0,"key":"Pantograph"},{"floor":12,"key":"Letter Opener"},{"floor":23,"key":"Vajra"}],"event_choices":[{"damage_healed":0,"gold_gain":0,"player_choice":"Success","damage_taken":3,"relics_obtained":["Paper Frog"],"max_hp_gain":0,"max_hp_loss":0,"event_name":"Scrap Ooze","floor":11,"gold_loss":0},{"damage_healed":0,"gold_gain":0,"cards_transformed":["Strike_R"],"player_choice":"Change","damage_taken":0,"max_hp_gain":0,"max_hp_loss":0,"event_name":"Living Wall","floor":13,"gold_loss":0,"cards_obtained":["Entrench"]},{"damage_healed":0,"gold_gain":99,"player_choice":"Stole From Cult","damage_taken":0,"max_hp_gain":0,"max_hp_loss":0,"event_name":"Nest","floor":20,"gold_loss":0},{"cards_removed":["Strike_R"],"damage_healed":0,"gold_gain":0,"player_choice":"Gave Gold","damage_taken":0,"max_hp_gain":0,"max_hp_loss":0,"event_name":"Beggar","floor":22,"gold_loss":75}],"is_beta":false,"boss_relics":[{"not_picked":["Runic Dome","Orrery"],"picked":"Velvet Choker"}],"items_purged_floors":[],"is_endless":false,"potions_floor_spawned":[2,4,5,10,14,19,21],"killed_by":"Shelled Parasite and Fungi","ascension_level":13}