{"gold_per_floor":[116,128,144,144,94,94,94,94,118,156,168,194,217,205,217,330,342,364,376,413,436,88,88,88,88,88,104,104,115,133,48,48,149,149,167,167,177,127,9,9,23,23,23,57,57,57,0,10,10,10],"floor_reached":50,"playtime":3494,"items_purged":["Strike_B","Writhe","Strike_B"],"score":518,"play_id":"1a46e779-a7c2-4a20-9419-09088a37e90c","local_time":"20190127152633","is_ascension_mode":false,"campfire_choices":[{"data":"Storm","floor":6,"key":"SMITH"},{"data":"Zap","floor":8,"key":"SMITH"},{"floor":11,"key":"REST"},{"data":"Loop","floor":15,"key":"SMITH"},{"data":"Apotheosis","floor":23,"key":"SMITH"},{"data":"Storm","floor":25,"key":"SMITH"},{"floor":28,"key":"REST"},{"data":"Consume","floor":32,"key":"SMITH"},{"data":"Thunder Strike","floor":40,"key":"SMITH"},{"floor":42,"key":"REST"},{"floor":49,"key":"REST"}],"neow_cost":"NONE","seed_source_timestamp":1530603043013160,"circlet_count":0,"master_deck":["Defend_B","Defend_B","Defend_B","Defend_B","Zap+1","Dualcast","Loop+1","Hologram","Streamline","Storm+1","Loop","Self Repair","Thunder Strike+1","Self Repair","Consume+1","Storm+1","Apotheosis+1","FTL","Redo","White Noise","FTL","Creative AI","Sweeping Beam+1","Sweeping Beam+1","Turbo+1","Static Discharge+1","Defragment","Self Repair","Capacitor+1","Master of Strategy","Secret Weapon","Deep Breath","Madness","Madness","Static Discharge"],"relics":["Cracked Core","Art of War","MawBank","Potion Belt","Philosopher\u0027s Stone","Bronze Scales","Smiling Mask","Centennial Puzzle","Kunai","Orrery","Mercury Hourglass","Question Card","Red Mask"],"potions_floor_usage":[10,37,44,50,50,50,50],"damage_taken":[{"damage":5,"enemies":"Jaw Worm","floor":1,"turns":4},{"damage":0,"enemies":"Small Slimes","floor":2,"turns":3},{"damage":0,"enemies":"2 Louse","floor":3,"turns":2},{"damage":27,"enemies":"Gremlin Nob","floor":10,"turns":4},{"damage":6,"enemies":"2 Fungi Beasts","floor":12,"turns":3},{"damage":8,"enemies":"Red Slaver","floor":13,"turns":3},{"damage":17,"enemies":"Slime Boss","floor":16,"turns":7},{"damage":38,"enemies":"3 Byrds","floor":18,"turns":3},{"damage":29,"enemies":"Colosseum Slavers","floor":19,"turns":3},{"damage":3,"enemies":"Spheric Guardian","floor":21,"turns":3},{"damage":14,"enemies":"Cultist and Chosen","floor":27,"turns":3},{"damage":6,"enemies":"Snecko","floor":29,"turns":3},{"damage":21,"enemies":"3 Cultists","floor":30,"turns":3},{"damage":48,"enemies":"Collector","floor":33,"turns":6},{"damage":6,"enemies":"3 Darklings","floor":35,"turns":2},{"damage":20,"enemies":"Orb Walker","floor":37,"turns":3},{"damage":30,"enemies":"4 Shapes","floor":41,"turns":2},{"damage":14,"enemies":"Giant Head","floor":44,"turns":5},{"damage":35,"enemies":"Jaw Worm Horde","floor":48,"turns":3},{"damage":72,"enemies":"Awakened One","floor":50,"turns":4}],"seed_played":"5331320896224871776","potions_obtained":[{"floor":3,"key":"Poison Potion"},{"floor":10,"key":"FearPotion"},{"floor":13,"key":"EssenceOfSteel"},{"floor":18,"key":"GamblersBrew"},{"floor":27,"key":"GamblersBrew"},{"floor":37,"key":"Block Potion"},{"floor":41,"key":"SpeedPotion"}],"is_trial":false,"path_per_floor":["M","M","M","?","?","R","?","R","T","E","R","M","M","?","R","B",null,"M","?","T","M","$","R","?","R","T","M","R","M","M","?","R","B",null,"M","?","M","$","$","R","M","R","T","E","?","?","?","M","R","B"],"character_chosen":"DEFECT","items_purchased":["Storm","Apotheosis","FTL","Self Repair"],"campfire_rested":4,"item_purchase_floors":[22,22,22,39],"current_hp_per_floor":[70,70,70,70,70,70,63,63,63,36,58,52,51,51,51,41,75,44,29,29,40,40,40,40,40,40,33,55,69,68,68,68,34,75,69,69,63,63,63,63,43,65,65,75,65,56,56,35,57,0],"gold":10,"neow_bonus":"TRANSFORM_CARD","is_prod":false,"is_daily":false,"chose_seed":false,"campfire_upgraded":7,"win_rate":0,"timestamp":1548624393,"path_taken":["M","M","M","?","?","R","?","R","T","E","R","M","M","?","R","BOSS","M","?","?","M","$","R","?","R","T","M","R","M","M","?","R","BOSS","M","?","?","?","$","R","M","R","T","E","?","?","?","?","R","BOSS"],"build_version":"2019-01-23","purchased_purges":3,"victory":false,"max_hp_per_floor":[75,75,75,75,75,75,75,75,75,75,75,75,75,75,75,75,75,75,75,75,75,75,75,75,75,75,75,75,75,75,75,75,75,75,75,75,75,75,75,75,75,75,75,75,75,75,75,75,75,75],"card_choices":[{"not_picked":["Aggregate","Stack"],"picked":"Hologram","floor":1},{"not_picked":["Cold Snap","Chill"],"picked":"Streamline","floor":2},{"not_picked":["Double Energy","Compile Driver"],"picked":"Storm","floor":3},{"not_picked":["Hologram","Stack"],"picked":"Loop","floor":10},{"not_picked":["Rebound","Chill"],"picked":"Self Repair","floor":12},{"not_picked":["Hologram","Coolheaded","Darkness"],"picked":"SKIP","floor":13},{"not_picked":["Biased Cognition","Multi-Cast"],"picked":"Thunder Strike","floor":16},{"not_picked":["Redo+1","Leap+1"],"picked":"Self Repair","floor":18},{"not_picked":["Sweeping Beam","Coolheaded+1"],"picked":"Consume","floor":21},{"not_picked":["Steam","Gash"],"picked":"Redo","floor":27},{"not_picked":["Amplify","Consume"],"picked":"White Noise","floor":29},{"not_picked":["BootSequence","Lockon+1"],"picked":"FTL","floor":30},{"not_picked":["Rainbow","Machine Learning"],"picked":"Creative AI","floor":33},{"not_picked":["Glacier+1","Streamline+1"],"picked":"Sweeping Beam+1","floor":34},{"not_picked":["Beam Cell","Conserve Battery"],"picked":"Sweeping Beam+1","floor":34},{"not_picked":["Cold Snap+1","Compile Driver"],"picked":"Turbo+1","floor":34},{"not_picked":["Auto Shields+1","Steam+1"],"picked":"Static Discharge+1","floor":35},{"not_picked":["Steam","Rebound"],"picked":"Defragment","floor":37},{"not_picked":["Rainbow","Skim"],"picked":"Capacitor+1","floor":41},{"not_picked":["Compile Driver","Beam Cell","Go for the Eyes+1"],"picked":"SKIP","floor":44},{"not_picked":["Enlightenment","Violence","PanicButton"],"picked":"Master of Strategy","floor":45},{"not_picked":["Magnetism","Chrysalis","HandOfGreed"],"picked":"Secret Weapon","floor":45},{"not_picked":["Blind","Swift Strike","Jack Of All Trades"],"picked":"Deep Breath","floor":45},{"not_picked":["Doom and Gloom+1","Go for the Eyes","Steam Power"],"picked":"Static Discharge","floor":48}],"player_experience":132639,"relics_obtained":[{"floor":9,"key":"MawBank"},{"floor":10,"key":"Potion Belt"},{"floor":20,"key":"Bronze Scales"},{"floor":26,"key":"Centennial Puzzle"},{"floor":43,"key":"Mercury Hourglass"},{"floor":44,"key":"Question Card"}],"event_choices":[{"damage_healed":0,"gold_gain":0,"player_choice":"Box","damage_taken":0,"relics_obtained":["Art of War"],"max_hp_gain":0,"max_hp_loss":0,"event_name":"Big Fish","floor":4,"gold_loss":0,"cards_obtained":["Regret"]},{"cards_removed":["Regret"],"damage_healed":0,"gold_gain":0,"player_choice":"Card Removal","damage_taken":0,"max_hp_gain":0,"max_hp_loss":0,"event_name":"The Cleric","floor":5,"gold_loss":50},{"cards_removed":["Strike_B"],"damage_healed":0,"gold_gain":0,"player_choice":"Card Removal","damage_taken":7,"max_hp_gain":0,"max_hp_loss":0,"event_name":"Golden Wing","floor":7,"gold_loss":0},{"damage_healed":0,"gold_gain":0,"player_choice":"Left Gold","damage_taken":0,"max_hp_gain":0,"max_hp_loss":0,"event_name":"World of Goop","floor":14,"gold_loss":24},{"damage_healed":0,"gold_gain":0,"player_choice":"Fight","damage_taken":0,"max_hp_gain":0,"max_hp_loss":0,"event_name":"Colosseum","floor":19,"gold_loss":0},{"damage_healed":0,"gold_gain":0,"player_choice":"Fled From Nobs","damage_taken":0,"max_hp_gain":0,"max_hp_loss":0,"event_name":"Colosseum","floor":19,"gold_loss":0},{"damage_healed":0,"gold_gain":0,"player_choice":"Opened","damage_taken":0,"relics_obtained":["Smiling Mask"],"max_hp_gain":0,"max_hp_loss":0,"event_name":"The Mausoleum","floor":24,"gold_loss":0,"cards_obtained":["Writhe"]},{"damage_healed":0,"gold_gain":0,"player_choice":"Obtained Relic","damage_taken":0,"relics_obtained":["Kunai"],"max_hp_gain":0,"max_hp_loss":0,"event_name":"Addict","floor":31,"gold_loss":85},{"damage_healed":0,"gold_gain":0,"player_choice":"Ignored","damage_taken":0,"max_hp_gain":0,"max_hp_loss":0,"event_name":"SecretPortal","floor":36,"gold_loss":0},{"damage_healed":0,"gold_gain":0,"player_choice":"Memory 3","damage_taken":10,"max_hp_gain":0,"max_hp_loss":0,"event_name":"SensoryStone","floor":45,"gold_loss":0},{"damage_healed":0,"gold_gain":0,"player_choice":"Embrace Madness","damage_taken":9,"max_hp_gain":0,"max_hp_loss":0,"event_name":"Winding Halls","floor":46,"gold_loss":0,"cards_obtained":["Madness","Madness"]},{"damage_healed":0,"gold_gain":0,"player_choice":"Paid","damage_taken":0,"relics_obtained":["Red Mask"],"max_hp_gain":0,"max_hp_loss":0,"event_name":"Tomb of Lord Red Mask","floor":47,"gold_loss":57}],"is_beta":false,"boss_relics":[{"not_picked":["Black Star","Empty Cage"],"picked":"Philosopher\u0027s Stone"},{"not_picked":["Runic Dome","Nuclear Battery"],"picked":"Orrery"}],"items_purged_floors":[22,38,39],"is_endless":false,"potions_floor_spawned":[3,10,13,18,27,37,41],"killed_by":"Awakened One","ascension_level":0}