{"gold_per_floor":[113,123,134,146,163,189,189,215,215,215],"floor_reached":10,"playtime":1726,"items_purged":[],"score":88,"play_id":"24fcad85-3604-4272-ac0a-2f821f3d65d0","local_time":"20190515220827","is_ascension_mode":true,"campfire_choices":[{"data":"Shrug It Off","floor":7.0,"key":"SMITH"}],"neow_cost":"NONE","seed_source_timestamp":12695298762257,"circlet_count":0,"master_deck":["Strike_R","Strike_R","Strike_R","Strike_R","Strike_R","Defend_R","Defend_R","Defend_R","Defend_R","Bash","Heavy Blade","Shrug It Off+1","Headbutt","Limit Break"],"special_seed":0,"relics":["Sozu","Bag of Preparation","Bird Faced Urn","Prayer Wheel"],"potions_floor_usage":[],"damage_taken":[{"damage":0.0,"enemies":"Cultist","floor":1.0,"turns":4.0},{"damage":3.0,"enemies":"2 Louse","floor":2.0,"turns":2.0},{"damage":7.0,"enemies":"Jaw Worm","floor":3.0,"turns":3.0},{"damage":7.0,"enemies":"3 Louse","floor":4.0,"turns":3.0},{"damage":1.0,"enemies":"Looter","floor":5.0,"turns":3.0},{"damage":31.0,"enemies":"3 Sentries","floor":6.0,"turns":11.0},{"damage":20,"enemies":"Lagavulin","floor":8,"turns":6},{"damage":17,"enemies":"Gremlin Nob","floor":10,"turns":3}],"seed_played":"-4063488183245090471","potions_obtained":[],"is_trial":false,"path_per_floor":["M","M","M","M","M","E","R","E","T","E"],"character_chosen":"IRONCLAD","items_purchased":[],"campfire_rested":0,"item_purchase_floors":[],"current_hp_per_floor":[80,77,70,63,62,31,31,11,11,0],"gold":215,"neow_bonus":"BOSS_RELIC","is_prod":false,"is_daily":false,"chose_seed":false,"campfire_upgraded":1,"win_rate":0,"timestamp":1557938307,"path_taken":["M","M","M","M","M","E","R","E","T","E"],"build_version":"2019-01-23","purchased_purges":0,"victory":false,"max_hp_per_floor":[80,80,80,80,80,80,80,80,80,80],"card_choices":[{"not_picked":["Perfected Strike","Warcry"],"picked":"Heavy Blade","floor":1.0},{"not_picked":["Cleave","Anger","Reckless Charge"],"picked":"SKIP","floor":2.0},{"not_picked":["Cleave","Clash"],"picked":"Shrug It Off","floor":3.0},{"not_picked":["Havoc","Sever Soul","Rampage"],"picked":"SKIP","floor":4.0},{"not_picked":["Perfected Strike","Body Slam","Bloodletting"],"picked":"SKIP","floor":5.0},{"not_picked":["Disarm","Sentinel"],"picked":"Headbutt","floor":6.0},{"not_picked":["Headbutt","Ghostly Armor"],"picked":"Limit Break","floor":8}],"player_experience":341703,"relics_obtained":[{"floor":6.0,"key":"Bag of Preparation"},{"floor":8,"key":"Bird Faced Urn"},{"floor":9,"key":"Prayer Wheel"}],"event_choices":[],"is_beta":false,"boss_relics":[],"items_purged_floors":[],"is_endless":false,"potions_floor_spawned":[4],"killed_by":"Gremlin Nob","ascension_level":2}