{"gold_per_floor":[113,131,131,155,171,214,228,244,244,282,305,305,305,326,326,456,456,476,436,461,482,496,527,527,527],"floor_reached":25,"playtime":2342,"items_purged":[],"score":462,"play_id":"5b5e387e-a419-41b1-a45c-7f28de16e85a","local_time":"20190602094039","is_ascension_mode":true,"campfire_choices":[{"data":"Cloak And Dagger","floor":12.0,"key":"SMITH"},{"data":"Neutralize","floor":15.0,"key":"SMITH"},{"data":"Corpse Explosion","floor":24,"key":"SMITH"}],"neow_cost":"NONE","seed_source_timestamp":1228587908843224,"circlet_count":0,"master_deck":["AscendersBane","Defend_G","Defend_G","Defend_G","Defend_G","Defend_G","Strike_G","Strike_G","Strike_G","Strike_G","Strike_G","Survivor","Neutralize+1","Corpse Explosion+1","Finisher","Dodge and Roll+1","Cloak And Dagger+1","Dash","Bullet Time","Backflip","Bane","Backstab","Burst+1","Crippling Poison","Dodge and Roll"],"special_seed":0,"relics":["Ring of the Snake","Golden Idol","Ornamental Fan","Happy Flower","WingedGreaves","Snake Skull","Sozu","Meat on the Bone"],"potions_floor_usage":[20],"damage_taken":[{"damage":0.0,"enemies":"Cultist","floor":1.0,"turns":5.0},{"damage":6.0,"enemies":"Jaw Worm","floor":2.0,"turns":5.0},{"damage":7.0,"enemies":"Small Slimes","floor":4.0,"turns":5.0},{"damage":0.0,"enemies":"Exordium Thugs","floor":5.0,"turns":4.0},{"damage":4.0,"enemies":"Lagavulin","floor":6.0,"turns":9.0},{"damage":0.0,"enemies":"3 Louse","floor":7.0,"turns":3.0},{"damage":0.0,"enemies":"Red Slaver","floor":8.0,"turns":5.0},{"damage":0.0,"enemies":"Gremlin Nob","floor":10.0,"turns":4.0},{"damage":2.0,"enemies":"Blue Slaver","floor":11.0,"turns":4.0},{"damage":0.0,"enemies":"Exordium Wildlife","floor":14.0,"turns":3.0},{"damage":10.0,"enemies":"Hexaghost","floor":16.0,"turns":13.0},{"damage":6.0,"enemies":"Spheric Guardian","floor":18.0,"turns":4.0},{"damage":0,"enemies":"2 Thieves","floor":20,"turns":2},{"damage":16,"enemies":"Snake Plant","floor":21,"turns":6},{"damage":17,"enemies":"3 Cultists","floor":22,"turns":5},{"damage":10,"enemies":"Slavers","floor":23,"turns":5},{"damage":8,"enemies":"Book of Stabbing","floor":25,"turns":3}],"seed_played":"1633578337623726003","potions_obtained":[{"floor":1.0,"key":"GamblersBrew"},{"floor":2.0,"key":"Dexterity Potion"},{"floor":6.0,"key":"Block Potion"},{"floor":10.0,"key":"GamblersBrew"},{"floor":14.0,"key":"SneckoOil"},{"floor":16.0,"key":"GhostInAJar"}],"is_trial":false,"path_per_floor":["M","M","?","M","M","E","M","M","T","E","M","R","?","M","R","B",null,"M","?","M","M","M","E","R","E"],"character_chosen":"THE_SILENT","items_purchased":[],"campfire_rested":0,"item_purchase_floors":[],"current_hp_per_floor":[63,57,57,50,50,46,46,46,46,46,44,44,32,32,32,22,54,48,48,48,32,15,5,5,0],"gold":527,"neow_bonus":"ONE_RANDOM_RARE_CARD","is_prod":false,"is_daily":false,"chose_seed":false,"campfire_upgraded":3,"win_rate":0,"timestamp":1559448639,"path_taken":["M","?","?","M","M","E","M","M","T","E","M","R","?","?","R","BOSS","M","?","M","?","M","E","R","E"],"build_version":"2019-01-23","purchased_purges":0,"victory":false,"max_hp_per_floor":[70,70,65,65,65,65,65,65,65,65,65,65,65,65,65,65,65,65,65,65,65,65,65,65,65],"card_choices":[{"not_picked":["Distraction","Dodge and Roll"],"picked":"Finisher","floor":1.0},{"not_picked":["Underhanded Strike","Blur"],"picked":"Dodge and Roll","floor":2.0},{"not_picked":["Bane","Prepared"],"picked":"Cloak And Dagger","floor":4.0},{"not_picked":["Concentrate","Dagger Spray"],"picked":"Dash","floor":5.0},{"not_picked":["Cloak And Dagger","Outmaneuver"],"picked":"Bullet Time","floor":6.0},{"not_picked":["Slice","Outmaneuver"],"picked":"Backflip","floor":7.0},{"not_picked":["Masterful Stab","Predator"],"picked":"Bane","floor":8.0},{"not_picked":["Underhanded Strike","Distraction","Flying Knee"],"picked":"SKIP","floor":10.0},{"not_picked":["Outmaneuver","Backflip","Dagger Spray"],"picked":"SKIP","floor":11.0},{"not_picked":["Blur","Flechettes"],"picked":"Backstab","floor":14.0},{"not_picked":["Grand Finale","Night Terror"],"picked":"Burst","floor":16.0},{"not_picked":["Cloak And Dagger","Bane"],"picked":"Crippling Poison","floor":18.0},{"not_picked":["Dodge and Roll","Cloak And Dagger","Setup"],"picked":"SKIP","floor":20},{"not_picked":["Dagger Spray","Cloak And Dagger","PiercingWail"],"picked":"SKIP","floor":21},{"not_picked":["Deflect","Acrobatics"],"picked":"Dodge and Roll","floor":22},{"not_picked":["Storm of Steel","Slice","Die Die Die"],"picked":"SKIP","floor":23}],"player_experience":1080590,"relics_obtained":[{"floor":6.0,"key":"Ornamental Fan"},{"floor":9.0,"key":"Happy Flower"},{"floor":10.0,"key":"WingedGreaves"},{"floor":23,"key":"Meat on the Bone"}],"event_choices":[{"damage_healed":0.0,"max_hp_gain":0.0,"max_hp_loss":5.0,"gold_gain":0.0,"event_name":"Golden Idol","player_choice":"Lose Max HP","floor":3.0,"gold_loss":0.0,"damage_taken":0.0,"relics_obtained":["Golden Idol"]},{"damage_healed":0.0,"max_hp_gain":0.0,"max_hp_loss":0.0,"gold_gain":0.0,"event_name":"Scrap Ooze","player_choice":"Success","floor":13.0,"gold_loss":0.0,"damage_taken":12.0,"relics_obtained":["Snake Skull"]},{"damage_healed":0,"gold_gain":0,"player_choice":"Upgraded Two","damage_taken":0,"max_hp_gain":0,"max_hp_loss":0,"event_name":"Designer","floor":19,"gold_loss":40,"cards_upgraded":["Burst","Dodge and Roll"]}],"is_beta":false,"boss_relics":[{"not_picked":["Runic Pyramid","Tiny House"],"picked":"Sozu"}],"items_purged_floors":[],"is_endless":false,"potions_floor_spawned":[1,2,6,10,14,16,22,23],"killed_by":"Book of Stabbing","ascension_level":12}