{"gold_per_floor":[117,40,52,52,63,63,74,105,179,179,193,218,229,13,13,109,159,176,190,201,216,232,232,246,276,276,276],"floor_reached":27,"playtime":2726,"items_purged":["Strike_G"],"score":288,"play_id":"5f7a0b8c-0c89-42d6-8502-d1e32c3f4f54","local_time":"20190308201839","is_ascension_mode":true,"campfire_choices":[{"floor":6.0,"key":"RECALL"},{"floor":10.0,"key":"REST"},{"floor":15.0,"key":"REST"},{"floor":23.0,"key":"REST"}],"neow_cost":"NONE","seed_source_timestamp":0,"circlet_count":0,"master_deck":["Defend_G","Defend_G","Defend_G","Defend_G","Defend_G","Strike_G","Strike_G","Strike_G","Strike_G","Survivor","Neutralize","Burst+1","Leg Sweep","Well Laid Plans","Crippling Poison+1","Backstab","Dash","Crippling Poison","Outmaneuver","Deadly Poison","Dash","Corpse Explosion","Corpse Explosion","Poisoned Stab","Backflip+1","Flying Knee","Calculated Gamble","Footwork+1","Backflip+1","Caltrops","Deadly Poison+1"],"special_seed":0,"relics":["Ring of the Snake","The Specimen","Vajra","Tiny House","Letter Opener","Frozen Egg 2"],"potions_floor_usage":[],"damage_taken":[{"damage":0.0,"enemies":"Jaw Worm","floor":1.0,"turns":6.0},{"damage":1.0,"enemies":"Cultist","floor":3.0,"turns":6.0},{"damage":0.0,"enemies":"2 Louse","floor":5.0,"turns":3.0},{"damage":4.0,"enemies":"2 Fungi Beasts","floor":7.0,"turns":4.0},{"damage":34.0,"enemies":"Gremlin Nob","floor":8.0,"turns":6.0},{"damage":7.0,"enemies":"Gremlin Gang","floor":11.0,"turns":6.0},{"damage":2.0,"enemies":"3 Sentries","floor":12.0,"turns":7.0},{"damage":0.0,"enemies":"Blue Slaver","floor":13.0,"turns":4.0},{"damage":39.0,"enemies":"The Guardian","floor":16.0,"turns":12.0},{"damage":10.0,"enemies":"3 Byrds","floor":18.0,"turns":2.0},{"damage":8.0,"enemies":"Spheric Guardian","floor":19.0,"turns":4.0},{"damage":35.0,"enemies":"Shelled Parasite and Fungi","floor":20.0,"turns":4.0},{"damage":3.0,"enemies":"Cultist and Chosen","floor":21.0,"turns":4.0},{"damage":0.0,"enemies":"Snake Plant","floor":22.0,"turns":6.0},{"damage":8.0,"enemies":"Sentry and Sphere","floor":24.0,"turns":7.0},{"damage":17,"enemies":"Gremlin Leader","floor":25,"turns":6},{"damage":21,"enemies":"Shelled Parasite and Fungi","floor":27,"turns":2}],"seed_played":"-473448046347781720","potions_obtained":[{"floor":7.0,"key":"SpeedPotion"},{"floor":8.0,"key":"SpeedPotion"},{"floor":13.0,"key":"Strength Potion"},{"floor":16.0,"key":"Strength Potion"},{"floor":17.0,"key":"PowerPotion"},{"floor":22.0,"key":"Poison Potion"},{"floor":24.0,"key":"Regen Potion"}],"is_trial":false,"path_per_floor":["?","M","M"],"character_chosen":"THE_SILENT","items_purchased":["Well Laid Plans","Corpse Explosion"],"campfire_rested":3,"item_purchase_floors":[2,14],"current_hp_per_floor":[70,70,69,69,69,69,65,31,31,52,45,43,43,43,64,25,75,65,57,22,19,19,41,33,16,16,0],"gold":276,"neow_bonus":"ONE_RANDOM_RARE_CARD","is_prod":false,"is_daily":false,"chose_seed":false,"campfire_upgraded":0,"win_rate":0,"timestamp":1552094319,"path_taken":["M","$","M","?","M","R","M","E","T","R","M","E","M","$","R","BOSS","M","?","M","?","M","R","M","E","T","M"],"build_version":"2019-01-23","purchased_purges":1,"victory":false,"max_hp_per_floor":[70,70,70,70,70,70,70,70,70,70,70,70,70,70,70,70,75,75,75,75,75,75,75,75,75,75,75],"card_choices":[{"not_picked":["Slice","Quick Slash"],"picked":"Leg Sweep","floor":1.0},{"not_picked":["Bane","Concentrate"],"picked":"Crippling Poison","floor":3.0},{"not_picked":["Quick Slash","Well Laid Plans"],"picked":"Backstab","floor":5.0},{"not_picked":["Quick Slash","Cloak And Dagger"],"picked":"Dash","floor":7.0},{"not_picked":["Cloak And Dagger","PiercingWail"],"picked":"Crippling Poison","floor":8.0},{"not_picked":["Backstab","Finisher"],"picked":"Outmaneuver","floor":11.0},{"not_picked":["Acrobatics","Eviscerate"],"picked":"Deadly Poison","floor":12.0},{"not_picked":["Prepared","Tactician"],"picked":"Dash","floor":13.0},{"not_picked":["Glass Knife","Doppelganger"],"picked":"Corpse Explosion","floor":16.0},{"not_picked":["Bane","Dodge and Roll"],"picked":"Poisoned Stab","floor":17.0},{"not_picked":["Deflect","Finisher"],"picked":"Backflip+1","floor":18.0},{"not_picked":["Setup","Backstab"],"picked":"Flying Knee","floor":19.0},{"not_picked":["Dodge and Roll","Skewer"],"picked":"Calculated Gamble","floor":20.0},{"not_picked":["Deadly Poison+1","Concentrate"],"picked":"Footwork+1","floor":21.0},{"not_picked":["Flying Knee","Outmaneuver"],"picked":"Backflip+1","floor":22.0},{"not_picked":["Sucker Punch+1","Riddle With Holes"],"picked":"Caltrops","floor":24.0},{"not_picked":["Predator+1","Sucker Punch"],"picked":"Deadly Poison+1","floor":25}],"player_experience":252391,"relics_obtained":[{"floor":8.0,"key":"The Specimen"},{"floor":12.0,"key":"Vajra"},{"floor":25,"key":"Letter Opener"},{"floor":26,"key":"Frozen Egg 2"}],"event_choices":[{"damage_healed":0.0,"max_hp_gain":0.0,"max_hp_loss":0.0,"gold_gain":0.0,"event_name":"Upgrade Shrine","player_choice":"Upgraded","floor":4.0,"gold_loss":0.0,"damage_taken":0.0,"cards_upgraded":["Burst"]}],"is_beta":false,"boss_relics":[{"not_picked":["Runic Dome","Snecko Eye"],"picked":"Tiny House"}],"items_purged_floors":[14],"is_endless":false,"potions_floor_spawned":[7,8,13,16,20,21,22,24],"killed_by":"Shelled Parasite and Fungi","ascension_level":1}