{"gold_per_floor":[110,285,305,305,49,76,86,86,86,97,144,169,185,110,110,212,212,227,238,238,256,270,303,303,203,273,287,321,335,335,363,363,462,462,479,479,497,115,115,142,154,187,235,235,235,235,245,277,277,277,277,277,27,56,56],"floor_reached":56,"playtime":10181,"items_purged":["Strike_G","Strike_G"],"score":1429,"play_id":"2238a971-c5d8-4471-ba20-f5256ff204bb","local_time":"20190515053519","is_ascension_mode":false,"campfire_choices":[{"data":"Terror","floor":15.0,"key":"SMITH"},{"data":"Venomology","floor":24.0,"key":"SMITH"},{"data":"Catalyst","floor":30.0,"key":"SMITH"},{"data":"Neutralize","floor":32.0,"key":"SMITH"},{"data":"Blade Dance","floor":46.0,"key":"SMITH"},{"floor":49.0,"key":"RECALL"},{"data":"Deadly Poison","floor":52.0,"key":"SMITH"}],"neow_cost":"NONE","seed_source_timestamp":479522448484438,"circlet_count":0,"master_deck":["Defend_G","Defend_G","Defend_G","Defend_G","Strike_G","Strike_G","Survivor","Neutralize+1","Dagger Spray+1","Predator","Terror+1","Poisoned Stab+1","Backflip","Well Laid Plans+1","After Image+1","Deadly Poison+1","Eviscerate","Catalyst+1","Deadly Poison","Venomology+1","Catalyst+1","Infinite Blades+1","Leg Sweep+1","Tools of the Trade+1","Catalyst+1","Flechettes+1","Noxious Fumes+1","Footwork+1","Noxious Fumes+1","Blade Dance+1"],"special_seed":0,"relics":["Ring of the Snake","Spirit Poop","Frozen Egg 2","Bird Faced Urn","Tingsha","Happy Flower","Coffee Dripper","Dodecahedron","Bottled Lightning","Lantern","Dead Branch","Philosopher\u0027s Stone","Vajra","Potion Belt","Molten Egg 2","Snake Skull","Smiling Mask","Whetstone","CultistMask","Pantograph","Paper Crane","Strawberry"],"potions_floor_usage":[55,55,55,55],"damage_taken":[{"damage":0.0,"enemies":"2 Louse","floor":1.0,"turns":3.0},{"damage":0.0,"enemies":"Cultist","floor":3.0,"turns":4.0},{"damage":12.0,"enemies":"Gremlin Nob","floor":6.0,"turns":5.0},{"damage":0.0,"enemies":"Small Slimes","floor":7.0,"turns":3.0},{"damage":0.0,"enemies":"Blue Slaver","floor":10.0,"turns":5.0},{"damage":0.0,"enemies":"3 Sentries","floor":12.0,"turns":10.0},{"damage":12.0,"enemies":"Gremlin Gang","floor":13.0,"turns":4.0},{"damage":22.0,"enemies":"The Guardian","floor":16.0,"turns":12.0},{"damage":0.0,"enemies":"Chosen","floor":18.0,"turns":5.0},{"damage":2.0,"enemies":"Shell Parasite","floor":19.0,"turns":6.0},{"damage":1.0,"enemies":"Snake Plant","floor":21.0,"turns":5.0},{"damage":7.0,"enemies":"Centurion and Healer","floor":22.0,"turns":6.0},{"damage":21.0,"enemies":"Slavers","floor":23.0,"turns":6.0},{"damage":0.0,"enemies":"Chosen and Byrds","floor":27.0,"turns":4.0},{"damage":3.0,"enemies":"Book of Stabbing","floor":28.0,"turns":5.0},{"damage":0.0,"enemies":"Shelled Parasite and Fungi","floor":29.0,"turns":5.0},{"damage":28.0,"enemies":"Slavers","floor":31.0,"turns":5.0},{"damage":0.0,"enemies":"Champ","floor":33.0,"turns":6.0},{"damage":1.0,"enemies":"3 Darklings","floor":35.0,"turns":4.0},{"damage":7.0,"enemies":"3 Shapes","floor":37.0,"turns":3.0},{"damage":0.0,"enemies":"Giant Head","floor":40.0,"turns":3.0},{"damage":0.0,"enemies":"Spire Growth","floor":41.0,"turns":2.0},{"damage":0.0,"enemies":"Reptomancer","floor":42.0,"turns":4.0},{"damage":0.0,"enemies":"Maw","floor":47.0,"turns":4.0},{"damage":0.0,"enemies":"Giant Head","floor":48.0,"turns":4.0},{"damage":75.0,"enemies":"Awakened One","floor":50.0,"turns":8.0},{"damage":7.0,"enemies":"Shield and Spear","floor":54.0,"turns":4.0},{"damage":80,"enemies":"The Heart","floor":55,"turns":7}],"seed_played":"-6489378580410860797","potions_obtained":[{"floor":1.0,"key":"EssenceOfSteel"},{"floor":7.0,"key":"EntropicBrew"},{"floor":12.0,"key":"Weak Potion"},{"floor":19.0,"key":"SpeedPotion"},{"floor":23.0,"key":"PowerPotion"},{"floor":27.0,"key":"Swift Potion"},{"floor":28.0,"key":"SkillPotion"},{"floor":35.0,"key":"Regen Potion"},{"floor":40.0,"key":"Swift Potion"},{"floor":47.0,"key":"Poison Potion"}],"is_trial":false,"path_per_floor":["M","?","M","?","$","E","M","?","T","M","T","E","M","$","R","B",null,"M","M","?","M","M","E","R","$","T","M","E","M","R","E","R","B",null,"M","?","M","$","T","E","M","E","T","?","?","R","M","E","R","B",null,"R","$","E","B",null],"character_chosen":"THE_SILENT","items_purchased":["Frozen Egg 2","Noxious Fumes+1","Vajra","Potion Belt","Paper Crane"],"campfire_rested":0,"item_purchase_floors":[5,38,38,38,53],"current_hp_per_floor":[77,77,77,77,77,65,65,58,58,58,58,58,48,48,48,28,77,77,75,75,76,70,53,53,53,53,59,60,70,70,48,48,54,77,77,77,72,72,72,77,77,77,77,77,77,77,77,77,77,30,77,77,77,83,34],"gold":56,"neow_bonus":"TEN_PERCENT_HP_BONUS","is_prod":false,"is_daily":false,"chose_seed":false,"campfire_upgraded":6,"win_rate":0,"timestamp":1557878719,"path_taken":["M","?","M","?","$","E","?","?","T","M","?","E","M","?","R","BOSS","M","?","?","M","M","E","R","$","T","M","E","M","R","E","R","BOSS","M","?","M","$","?","E","M","E","T","?","?","R","M","E","R","BOSS","R","$","E","BOSS"],"build_version":"2019-01-23","purchased_purges":2,"victory":true,"max_hp_per_floor":[77,77,77,77,77,77,77,77,77,77,77,77,77,77,77,77,77,77,77,77,77,77,77,77,77,77,77,77,77,77,77,77,77,77,77,77,77,77,77,77,77,77,77,77,77,77,77,77,77,77,77,77,77,84,84],"card_choices":[{"not_picked":["Riddle With Holes","Slice"],"picked":"Dagger Spray","floor":1.0},{"not_picked":["Deflect","Expertise"],"picked":"Predator","floor":3.0},{"not_picked":["Blur","Riddle With Holes"],"picked":"Terror","floor":6.0},{"not_picked":["Masterful Stab","Sucker Punch"],"picked":"Poisoned Stab","floor":7.0},{"not_picked":["Prepared","PiercingWail"],"picked":"Backflip","floor":10.0},{"not_picked":["Crippling Poison","Blur"],"picked":"Well Laid Plans+1","floor":12.0},{"not_picked":["PiercingWail","Deflect","Predator"],"picked":"SKIP","floor":13.0},{"not_picked":["Phantasmal Killer","A Thousand Cuts+1"],"picked":"After Image+1","floor":16.0},{"not_picked":["Tactician","Blade Dance"],"picked":"Deadly Poison","floor":18.0},{"not_picked":["Distraction+1","Flying Knee","Deflect"],"picked":"SKIP","floor":19.0},{"not_picked":["Flying Knee+1","Quick Slash"],"picked":"Catalyst+1","floor":21.0},{"not_picked":["Underhanded Strike","Flying Knee"],"picked":"Deadly Poison","floor":22.0},{"not_picked":["Tactician","Backflip"],"picked":"Venomology","floor":23.0},{"not_picked":["Blur","Backflip","Sucker Punch"],"picked":"SKIP","floor":27.0},{"not_picked":["All Out Attack","Caltrops+1"],"picked":"Catalyst","floor":28.0},{"not_picked":["Deadly Poison","Dagger Spray"],"picked":"Infinite Blades+1","floor":29.0},{"not_picked":["Cloak And Dagger","Poisoned Stab"],"picked":"Leg Sweep+1","floor":31.0},{"not_picked":["Venomology","Die Die Die"],"picked":"Tools of the Trade+1","floor":33.0},{"not_picked":["Dagger Spray","Quick Slash+1","Expertise+1"],"picked":"SKIP","floor":35.0},{"not_picked":["Caltrops+1","Finisher+1"],"picked":"Flechettes+1","floor":37.0},{"not_picked":["Blade Dance+1","Predator+1"],"picked":"Footwork+1","floor":40.0},{"not_picked":["Calculated Gamble","Slice+1"],"picked":"Noxious Fumes+1","floor":41.0},{"not_picked":["Sucker Punch+1","Blur+1"],"picked":"Blade Dance","floor":42.0},{"not_picked":["Masterful Stab+1","Bane+1","Expertise+1"],"picked":"SKIP","floor":47.0},{"not_picked":["Caltrops+1","Dagger Spray+1","Endless Agony+1"],"picked":"SKIP","floor":48.0},{"not_picked":["Distraction","Cloak And Dagger","Tactician"],"picked":"SKIP","floor":54.0}],"player_experience":288421,"relics_obtained":[{"floor":6.0,"key":"Bird Faced Urn"},{"floor":9.0,"key":"Tingsha"},{"floor":12.0,"key":"Happy Flower"},{"floor":23.0,"key":"Dodecahedron"},{"floor":26.0,"key":"Bottled Lightning"},{"floor":28.0,"key":"Lantern"},{"floor":31.0,"key":"Dead Branch"},{"floor":39.0,"key":"Molten Egg 2"},{"floor":40.0,"key":"Snake Skull"},{"floor":42.0,"key":"Smiling Mask"},{"floor":43.0,"key":"Whetstone"},{"floor":48.0,"key":"Pantograph"},{"floor":54.0,"key":"Strawberry"}],"event_choices":[{"damage_healed":0.0,"max_hp_gain":0.0,"max_hp_loss":0.0,"gold_gain":175.0,"event_name":"Liars Game","player_choice":"AGREE","floor":2.0,"gold_loss":0.0,"damage_taken":0.0,"cards_obtained":["Doubt"]},{"cards_removed":["Doubt"],"damage_healed":0.0,"max_hp_gain":0.0,"max_hp_loss":0.0,"gold_gain":0.0,"event_name":"Bonfire Elementals","player_choice":"Offered Curse","floor":4.0,"gold_loss":0.0,"damage_taken":0.0,"relics_obtained":["Spirit Poop"]},{"cards_removed":["Strike_G"],"damage_healed":0.0,"max_hp_gain":0.0,"max_hp_loss":0.0,"gold_gain":0.0,"event_name":"Golden Wing","player_choice":"Card Removal","floor":8.0,"gold_loss":0.0,"damage_taken":7.0},{"damage_healed":0.0,"max_hp_gain":0.0,"max_hp_loss":0.0,"gold_gain":0.0,"cards_transformed":["Defend_G"],"event_name":"Transmorgrifier","player_choice":"Transformed","floor":20.0,"gold_loss":0.0,"damage_taken":0.0,"cards_obtained":["Eviscerate"]},{"damage_healed":0.0,"max_hp_gain":0.0,"max_hp_loss":0.0,"gold_gain":0.0,"event_name":"Duplicator","player_choice":"Copied","floor":36.0,"gold_loss":0.0,"damage_taken":0.0,"cards_obtained":["Catalyst"]},{"damage_healed":0.0,"max_hp_gain":0.0,"max_hp_loss":0.0,"gold_gain":0.0,"event_name":"Tomb of Lord Red Mask","player_choice":"Ignored","floor":44.0,"gold_loss":0.0,"damage_taken":0.0},{"damage_healed":0.0,"max_hp_gain":0.0,"max_hp_loss":0.0,"gold_gain":0.0,"event_name":"FaceTrader","player_choice":"Trade","floor":45.0,"gold_loss":0.0,"damage_taken":0.0,"relics_obtained":["CultistMask"]}],"is_beta":false,"boss_relics":[{"not_picked":["Lizard Tail","Runic Dome"],"picked":"Coffee Dripper"},{"not_picked":["Busted Crown","Snecko Eye"],"picked":"Philosopher\u0027s Stone"}],"items_purged_floors":[14,25],"is_endless":false,"potions_floor_spawned":[1,7,12,19,23,27,28,35,40,47],"ascension_level":0}