{"gold_per_floor":[116,132,150,69,83,83,111,111,135,135,154,167,167,187,187,290,290,300,319,343,353,81,81,109,109,109,109,109,109,1,14,14,14],"floor_reached":33,"playtime":4240,"items_purged":["Defend_G"],"score":321,"play_id":"c4420a87-fff2-4dbe-9f35-f2700fdd14a1","local_time":"20190528182908","is_ascension_mode":true,"campfire_choices":[{"data":"Neutralize","floor":6.0,"key":"SMITH"},{"data":"Blade Dance","floor":8.0,"key":"SMITH"},{"data":"Setup","floor":10.0,"key":"SMITH"},{"floor":15.0,"key":"REST"},{"floor":23.0,"key":"REST"},{"floor":25.0,"key":"REST"},{"data":"After Image","floor":28.0,"key":"SMITH"},{"data":"Infinite Blades","floor":32,"key":"SMITH"}],"neow_cost":"NONE","seed_source_timestamp":1923122989851162,"circlet_count":0,"master_deck":["Defend_G","Defend_G","Defend_G","Defend_G","Survivor","Neutralize+1","Blade Dance+1","Flechettes","Quick Slash","Infinite Blades","Setup+1","Quick Slash","Slice","Cloak And Dagger","Cloak And Dagger","After Image+1","Tactician","Escape Plan","Acrobatics","Dodge and Roll","PiercingWail","Bite","Bite","Bite","Bite","Bite","Leg Sweep","Infinite Blades+1","Choke"],"special_seed":0,"relics":["Ring of the Snake","Pen Nib","Odd Mushroom","Anchor","HoveringKite","Orichalcum","Omamori","Pantograph","Matryoshka"],"potions_floor_usage":[33],"damage_taken":[{"damage":0.0,"enemies":"2 Louse","floor":1.0,"turns":3.0},{"damage":0.0,"enemies":"Small Slimes","floor":2.0,"turns":3.0},{"damage":1.0,"enemies":"Cultist","floor":3.0,"turns":3.0},{"damage":0.0,"enemies":"Large Slime","floor":5.0,"turns":5.0},{"damage":30.0,"enemies":"The Mushroom Lair","floor":7.0,"turns":5.0},{"damage":0.0,"enemies":"2 Fungi Beasts","floor":11.0,"turns":2.0},{"damage":4.0,"enemies":"Blue Slaver","floor":12.0,"turns":3.0},{"damage":0.0,"enemies":"Exordium Wildlife","floor":14.0,"turns":4.0},{"damage":40.0,"enemies":"The Guardian","floor":16.0,"turns":17.0},{"damage":21.0,"enemies":"Spheric Guardian","floor":18.0,"turns":6.0},{"damage":0.0,"enemies":"3 Byrds","floor":19.0,"turns":7.0},{"damage":45.0,"enemies":"Sentry and Sphere","floor":21.0,"turns":10.0},{"damage":20.0,"enemies":"Book of Stabbing","floor":24.0,"turns":9.0},{"damage":15,"enemies":"3 Cultists","floor":31,"turns":7},{"damage":70,"enemies":"Champ","floor":33,"turns":23}],"seed_played":"5767731130953362444","potions_obtained":[{"floor":7.0,"key":"Swift Potion"},{"floor":12.0,"key":"GhostInAJar"},{"floor":16.0,"key":"PowerPotion"},{"floor":24.0,"key":"GhostInAJar"}],"is_trial":false,"path_per_floor":["M","M","M","$","M","R","?","R","T","R","M","M","?","M","R","B",null,"M","M","T","M","$","R","E","R","T","?","R","?","$","M","R","B"],"character_chosen":"THE_SILENT","items_purchased":["Infinite Blades","Orichalcum","Dodge and Roll","Leg Sweep","Infinite Blades"],"campfire_rested":3,"item_purchase_floors":[4,22,22,30,30],"current_hp_per_floor":[70,70,69,69,69,69,39,39,39,39,39,35,35,35,56,16,70,49,49,49,4,4,25,5,26,26,26,26,26,26,25,25,0],"gold":14,"neow_bonus":"RANDOM_COMMON_RELIC","is_prod":false,"is_daily":false,"chose_seed":false,"campfire_upgraded":5,"win_rate":0,"timestamp":1559082548,"path_taken":["M","M","M","$","M","R","?","R","T","R","M","M","?","M","R","BOSS","M","M","?","M","$","R","E","R","T","?","R","?","?","M","R","BOSS"],"build_version":"2019-01-23","purchased_purges":1,"victory":false,"max_hp_per_floor":[70,70,70,70,70,70,70,70,70,70,70,70,70,70,70,70,70,70,70,70,70,70,70,70,70,70,70,70,49,49,49,49,49],"card_choices":[{"not_picked":["Prepared","Endless Agony"],"picked":"Blade Dance","floor":1.0},{"not_picked":["Crippling Poison","Riddle With Holes"],"picked":"Flechettes","floor":2.0},{"not_picked":["Masterful Stab","Outmaneuver"],"picked":"Quick Slash","floor":3.0},{"not_picked":["Flying Knee","Bouncing Flask"],"picked":"Setup","floor":5.0},{"not_picked":["Bane","Slice"],"picked":"Quick Slash","floor":7.0},{"not_picked":["Concentrate","Catalyst"],"picked":"Slice","floor":11.0},{"not_picked":["Blur","Finisher"],"picked":"Cloak And Dagger","floor":12.0},{"not_picked":["Unload","Dagger Throw"],"picked":"Cloak And Dagger","floor":14.0},{"not_picked":["Unload","Envenom"],"picked":"After Image","floor":16.0},{"not_picked":["Underhanded Strike","Noxious Fumes"],"picked":"Tactician","floor":18.0},{"not_picked":["Dodge and Roll+1","Dagger Spray+1"],"picked":"Escape Plan","floor":19.0},{"not_picked":["Blade Dance","Dagger Spray"],"picked":"Acrobatics","floor":21.0},{"not_picked":["Calculated Gamble","Flying Knee"],"picked":"PiercingWail","floor":24.0},{"not_picked":["Adrenaline","Leg Sweep"],"picked":"Choke","floor":31}],"player_experience":266160,"relics_obtained":[{"floor":7.0,"key":"Odd Mushroom"},{"floor":9.0,"key":"Anchor"},{"floor":24.0,"key":"Omamori"},{"floor":26.0,"key":"Pantograph"}],"event_choices":[{"damage_healed":0.0,"max_hp_gain":0.0,"max_hp_loss":0.0,"gold_gain":0.0,"event_name":"Mushrooms","player_choice":"Fought Mushrooms","floor":7.0,"gold_loss":0.0,"damage_taken":0.0},{"cards_removed":["Strike_G"],"damage_healed":0.0,"max_hp_gain":0.0,"max_hp_loss":0.0,"gold_gain":0.0,"event_name":"Purifier","player_choice":"Purged","floor":13.0,"gold_loss":0.0,"damage_taken":0.0},{"damage_healed":0.0,"max_hp_gain":0.0,"max_hp_loss":0.0,"gold_gain":0.0,"event_name":"Addict","player_choice":"Stole Relic","floor":27.0,"gold_loss":0.0,"damage_taken":0.0,"relics_obtained":["Matryoshka"],"cards_obtained":["Shame"]},{"damage_healed":0.0,"max_hp_gain":0.0,"max_hp_loss":21.0,"gold_gain":0.0,"event_name":"Vampires","player_choice":"Became a vampire","floor":29.0,"gold_loss":0.0,"damage_taken":0.0,"cards_obtained":["Bite","Bite","Bite","Bite","Bite"]}],"is_beta":false,"boss_relics":[{"not_picked":["Astrolabe","Philosopher\u0027s Stone"],"picked":"HoveringKite"}],"items_purged_floors":[22],"is_endless":false,"potions_floor_spawned":[7,12,16,19,21,24],"killed_by":"Champ","ascension_level":3}