{"gold_per_floor":[118,132,149,149,159,185,150,150,150,182,193,220,233,249,249,353,353,364,375,98,118,129,129,140,173,173,173,208,226,238,257,257,356,356,375,385,430,445,461,494,494,520,543,574,423,423,423,456,456,456,456,456,173,205,205],"floor_reached":56,"playtime":8795,"items_purged":["Strike_B","Strike_B","Strike_B"],"score":1712,"play_id":"79698ce2-0044-46f9-a1d1-1964829a2929","local_time":"20190525191619","is_ascension_mode":true,"campfire_choices":[{"data":"Creative AI","floor":15.0,"key":"SMITH"},{"data":"White Noise","floor":23.0,"key":"SMITH"},{"data":"Biased Cognition","floor":27.0,"key":"SMITH"},{"data":"Consume","floor":32.0,"key":"SMITH"},{"data":"Hologram","floor":41.0,"key":"SMITH"},{"floor":49.0,"key":"RECALL"},{"data":"Storm","floor":52.0,"key":"SMITH"}],"neow_cost":"NONE","seed_source_timestamp":551705799019125,"circlet_count":0,"master_deck":["Defend_B","Defend_B","Defend_B","Defend_B","Zap","Dualcast","Hello World","Glacier","Hologram+1","Chill","Creative AI+1","Storm+1","White Noise+1","Consume+1","Loop","Core Surge","Biased Cognition+1","Blizzard+1","Hologram+1","Self Repair","Echo Form","Defragment+1","Biased Cognition"],"special_seed":0,"relics":["Cracked Core","NeowsBlessing","Matryoshka","Lantern","Bottled Lightning","Omamori","Blood Vial","Inserter","ClockworkSouvenir","DataDisk","Pen Nib","Gambling Chip","Molten Egg 2","Cursed Key","Calipers","Letter Opener","Dream Catcher","Regal Pillow","SsserpentHead","Smiling Mask","Dodecahedron"],"potions_floor_usage":[55,55],"damage_taken":[{"damage":0.0,"enemies":"Cultist","floor":1.0,"turns":1.0},{"damage":0.0,"enemies":"2 Louse","floor":2.0,"turns":1.0},{"damage":0.0,"enemies":"Small Slimes","floor":3.0,"turns":1.0},{"damage":11.0,"enemies":"Exordium Wildlife","floor":5.0,"turns":6.0},{"damage":9.0,"enemies":"Lagavulin","floor":6.0,"turns":10.0},{"damage":23.0,"enemies":"Gremlin Nob","floor":10.0,"turns":7.0},{"damage":6.0,"enemies":"Looter","floor":11.0,"turns":4.0},{"damage":4.0,"enemies":"Lagavulin","floor":12.0,"turns":10.0},{"damage":5.0,"enemies":"Large Slime","floor":13.0,"turns":6.0},{"damage":9.0,"enemies":"Gremlin Gang","floor":14.0,"turns":3.0},{"damage":22.0,"enemies":"The Guardian","floor":16.0,"turns":10.0},{"damage":4.0,"enemies":"3 Byrds","floor":18.0,"turns":7.0},{"damage":1.0,"enemies":"Chosen","floor":19.0,"turns":5.0},{"damage":1.0,"enemies":"Snake Plant","floor":21.0,"turns":4.0},{"damage":14.0,"enemies":"Centurion and Healer","floor":22.0,"turns":9.0},{"damage":5.0,"enemies":"Snecko","floor":24.0,"turns":4.0},{"damage":25.0,"enemies":"Gremlin Leader","floor":25.0,"turns":6.0},{"damage":4.0,"enemies":"Book of Stabbing","floor":28.0,"turns":6.0},{"damage":0.0,"enemies":"Shelled Parasite and Fungi","floor":29.0,"turns":5.0},{"damage":0.0,"enemies":"Sentry and Sphere","floor":30.0,"turns":10.0},{"damage":0.0,"enemies":"Snake Plant","floor":31.0,"turns":7.0},{"damage":3.0,"enemies":"Collector","floor":33.0,"turns":6.0},{"damage":0.0,"enemies":"3 Darklings","floor":35.0,"turns":5.0},{"damage":0.0,"enemies":"Orb Walker","floor":36.0,"turns":4.0},{"damage":23.0,"enemies":"2 Orb Walkers","floor":37.0,"turns":5.0},{"damage":0.0,"enemies":"Sphere and 2 Shapes","floor":38.0,"turns":5.0},{"damage":0.0,"enemies":"Spire Growth","floor":39.0,"turns":5.0},{"damage":0.0,"enemies":"Giant Head","floor":40.0,"turns":8.0},{"damage":21.0,"enemies":"Reptomancer","floor":42.0,"turns":8.0},{"damage":0.0,"enemies":"Nemesis","floor":44.0,"turns":7.0},{"damage":0.0,"enemies":"Giant Head","floor":48.0,"turns":13.0},{"damage":6.0,"enemies":"Donu and Deca","floor":50.0,"turns":7.0},{"damage":25.0,"enemies":"Shield and Spear","floor":54.0,"turns":6.0},{"damage":33,"enemies":"The Heart","floor":55,"turns":9}],"seed_played":"-1309866289677410639","potions_obtained":[{"floor":6.0,"key":"Fire Potion"},{"floor":10.0,"key":"Explosive Potion"},{"floor":11.0,"key":"FocusPotion"},{"floor":16.0,"key":"Strength Potion"},{"floor":18.0,"key":"Swift Potion"},{"floor":22.0,"key":"AttackPotion"},{"floor":25.0,"key":"Swift Potion"},{"floor":29.0,"key":"AttackPotion"},{"floor":31.0,"key":"AttackPotion"},{"floor":33.0,"key":"FocusPotion"},{"floor":37.0,"key":"Ancient Potion"},{"floor":38.0,"key":"Dexterity Potion"},{"floor":40.0,"key":"SteroidPotion"},{"floor":42.0,"key":"Dexterity Potion"},{"floor":44.0,"key":"SteroidPotion"}],"is_trial":false,"path_per_floor":["M","M","M","?","M","E","?","?","T","E","M","E","M","M","R","B",null,"M","M","$","M","M","R","M","E","T","R","E","M","M","M","R","B",null,"M","M","?","M","M","E","R","E","T","E","$","?","?","E","R","B",null,"R","$","E","B",null],"character_chosen":"DEFECT","items_purchased":["ClockworkSouvenir","PowerPotion","FocusPotion","Biased Cognition"],"campfire_rested":0,"item_purchase_floors":[20,45,53,53],"current_hp_per_floor":[68,68,68,68,57,48,66,71,71,48,42,38,35,28,28,8,58,56,57,57,58,46,46,43,20,20,20,18,20,29,38,38,37,66,75,75,66,75,75,75,75,61,61,70,70,70,70,75,75,75,75,75,75,50,26],"gold":205,"neow_bonus":"THREE_ENEMY_KILL","is_prod":false,"is_daily":false,"chose_seed":false,"campfire_upgraded":6,"win_rate":0,"timestamp":1558791979,"path_taken":["M","?","?","?","M","E","?","?","T","E","M","E","M","M","R","BOSS","M","M","$","M","M","R","?","E","T","R","E","M","?","M","R","BOSS","M","M","?","M","M","E","R","E","T","E","$","?","?","E","R","BOSS","R","$","E","BOSS"],"build_version":"2019-01-23","purchased_purges":3,"victory":true,"max_hp_per_floor":[75,75,75,75,75,75,75,75,75,75,75,75,75,75,75,75,75,75,75,75,75,75,75,75,75,75,75,75,75,75,75,75,75,75,75,75,75,75,75,75,75,75,75,75,75,75,75,75,75,75,75,75,75,75,75],"card_choices":[{"not_picked":["Compile Driver","Coolheaded"],"picked":"Hello World","floor":1.0},{"not_picked":["Consume","Steam"],"picked":"Glacier","floor":2.0},{"not_picked":["Leap","Steam"],"picked":"Hologram","floor":3.0},{"not_picked":["Sweeping Beam","Hologram"],"picked":"Chill","floor":5.0},{"not_picked":["Conserve Battery","Rebound"],"picked":"Creative AI","floor":6.0},{"not_picked":["Redo","Rebound"],"picked":"Storm","floor":10.0},{"not_picked":["Hologram","Lockon"],"picked":"White Noise","floor":11.0},{"not_picked":["Chill","Stack"],"picked":"Consume","floor":12.0},{"not_picked":["Redo","Beam Cell"],"picked":"Loop","floor":13.0},{"not_picked":["Consume","FTL"],"picked":"Core Surge","floor":14.0},{"not_picked":["Electrodynamics","Hyperbeam"],"picked":"Biased Cognition","floor":16.0},{"not_picked":["Gash+1","Turbo"],"picked":"Blizzard+1","floor":18.0},{"not_picked":["Rip and Tear","Scrape","Capacitor"],"picked":"SKIP","floor":19.0},{"not_picked":["Beam Cell","Auto Shields","Force Field"],"picked":"SKIP","floor":21.0},{"not_picked":["Static Discharge","Leap+1","Aggregate+1"],"picked":"SKIP","floor":22.0},{"not_picked":["Cold Snap","Rebound","Redo"],"picked":"SKIP","floor":24.0},{"not_picked":["Melter+1","Stack"],"picked":"Hologram+1","floor":25.0},{"not_picked":["Machine Learning","Barrage","Undo+1"],"picked":"SKIP","floor":28.0},{"not_picked":["Darkness+1","Barrage+1"],"picked":"Self Repair","floor":29.0},{"not_picked":["Conserve Battery","Beam Cell+1","Steam"],"picked":"SKIP","floor":30.0},{"not_picked":["Beam Cell+1","Static Discharge","Streamline+1"],"picked":"SKIP","floor":31.0},{"not_picked":["Machine Learning","Multi-Cast"],"picked":"Echo Form","floor":33.0},{"not_picked":["Cold Snap+1","Streamline+1"],"picked":"Defragment+1","floor":35.0},{"not_picked":["White Noise","Rebound+1","Coolheaded"],"picked":"SKIP","floor":36.0},{"not_picked":["Melter+1","Beam Cell+1","Conserve Battery+1"],"picked":"SKIP","floor":38.0},{"not_picked":["Melter+1","Conserve Battery+1","Aggregate+1"],"picked":"SKIP","floor":39.0},{"not_picked":["Force Field","Beam Cell+1","Turbo+1"],"picked":"SKIP","floor":40.0},{"not_picked":["Heatsinks","Machine Learning","Double Energy+1"],"picked":"SKIP","floor":42.0},{"not_picked":["Stack+1","Turbo+1","Hologram+1"],"picked":"SKIP","floor":44.0},{"not_picked":["Streamline+1","Leap","Stack+1"],"picked":"SKIP","floor":48.0},{"not_picked":["Ball Lightning+1","Barrage+1","Stack"],"picked":"SKIP","floor":54.0}],"player_experience":765569,"relics_obtained":[{"floor":6.0,"key":"Matryoshka"},{"floor":9.0,"key":"Lantern"},{"floor":9.0,"key":"Bottled Lightning"},{"floor":10.0,"key":"Omamori"},{"floor":12.0,"key":"Blood Vial"},{"floor":25.0,"key":"DataDisk"},{"floor":26.0,"key":"Pen Nib"},{"floor":26.0,"key":"Gambling Chip"},{"floor":28.0,"key":"Molten Egg 2"},{"floor":37.0,"key":"Calipers"},{"floor":40.0,"key":"Letter Opener"},{"floor":42.0,"key":"Dream Catcher"},{"floor":44.0,"key":"Regal Pillow"},{"floor":48.0,"key":"Smiling Mask"},{"floor":54.0,"key":"Dodecahedron"}],"event_choices":[{"damage_healed":0.0,"max_hp_gain":0.0,"max_hp_loss":0.0,"gold_gain":0.0,"cards_transformed":["Strike_B"],"event_name":"Living Wall","player_choice":"Change","floor":4.0,"gold_loss":0.0,"damage_taken":0.0,"cards_obtained":["Gash"]},{"damage_healed":18.0,"max_hp_gain":0.0,"max_hp_loss":0.0,"gold_gain":0.0,"event_name":"The Cleric","player_choice":"Healed","floor":7.0,"gold_loss":35.0,"damage_taken":0.0},{"cards_removed":["Gash"],"damage_healed":5.0,"max_hp_gain":0.0,"max_hp_loss":0.0,"gold_gain":0.0,"event_name":"Bonfire Elementals","player_choice":"Offered Common","floor":8.0,"gold_loss":0.0,"damage_taken":0.0},{"cards_removed":["Gash"],"damage_healed":5.0,"max_hp_gain":0.0,"max_hp_loss":0.0,"gold_gain":0.0,"event_name":"Bonfire Elementals","player_choice":"Offered Special","floor":8.0,"gold_loss":0.0,"damage_taken":0.0},{"damage_healed":0.0,"max_hp_gain":0.0,"max_hp_loss":0.0,"gold_gain":0.0,"event_name":"Mysterious Sphere","player_choice":"Fight","floor":37.0,"gold_loss":0.0,"damage_taken":0.0},{"damage_healed":0.0,"max_hp_gain":0.0,"max_hp_loss":0.0,"gold_gain":0.0,"event_name":"Tomb of Lord Red Mask","player_choice":"Ignored","floor":46.0,"gold_loss":0.0,"damage_taken":0.0},{"damage_healed":0.0,"max_hp_gain":0.0,"max_hp_loss":0.0,"gold_gain":0.0,"event_name":"FaceTrader","player_choice":"Trade","floor":47.0,"gold_loss":0.0,"damage_taken":0.0,"relics_obtained":["SsserpentHead"]}],"is_beta":false,"boss_relics":[{"not_picked":["Empty Cage","FrozenCore"],"picked":"Inserter"},{"not_picked":["Runic Dome","Nuclear Battery"],"picked":"Cursed Key"}],"items_purged_floors":[20,45,53],"is_endless":false,"potions_floor_spawned":[6,10,11,16,18,22,25,29,31,33,37,38,40,42,44,48],"ascension_level":7}