{"gold_per_floor":[113,113,288,17,27,58,68,68,68,91,91,150,168,183,183,285,285,300,215,229,40,50,50],"floor_reached":23,"playtime":647,"items_purged":["Doubt","Strike_R"],"score":271,"play_id":"a3860b16-bfba-415d-9bcb-a83d0e66d1fb","local_time":"20190519142614","is_ascension_mode":true,"campfire_choices":[{"data":"Pommel Strike","floor":8,"key":"SMITH"},{"data":"Defend_R","floor":11,"key":"SMITH"},{"data":"Demon Form","floor":15,"key":"SMITH"}],"neow_cost":"NONE","seed_source_timestamp":10313912203033,"circlet_count":0,"master_deck":["Strike_R","Strike_R","Strike_R","Strike_R","Defend_R","Defend_R","Defend_R+1","Defend_R","Bash+1","Pommel Strike+1","Demon Form+1","Cleave","Limit Break","Inflame","True Grit+1","Deep Breath"],"relics":["Burning Blood","NeowsBlessing","Sling","Sundial","Meat on the Bone","Red Skull","Tiny Chest","Velvet Choker","PreservedInsect"],"potions_floor_usage":[18,18,20],"damage_taken":[{"damage":0,"enemies":"Jaw Worm","floor":1,"turns":1},{"damage":0,"enemies":"2 Louse","floor":5,"turns":1},{"damage":0,"enemies":"Lagavulin","floor":6,"turns":2},{"damage":3,"enemies":"Small Slimes","floor":7,"turns":3},{"damage":32,"enemies":"3 Sentries","floor":12,"turns":7},{"damage":4,"enemies":"Exordium Thugs","floor":13,"turns":4},{"damage":17,"enemies":"Gremlin Gang","floor":14,"turns":5},{"damage":26,"enemies":"The Guardian","floor":16,"turns":11},{"damage":0,"enemies":"3 Byrds","floor":18,"turns":3},{"damage":7,"enemies":"Chosen","floor":20,"turns":4},{"damage":26,"enemies":"Snake Plant","floor":22,"turns":4},{"damage":59,"enemies":"Slavers","floor":23,"turns":3}],"seed_played":"-2479480568357909334","potions_obtained":[{"floor":5,"key":"Explosive Potion"},{"floor":6,"key":"Fire Potion"},{"floor":12,"key":"Poison Potion"},{"floor":20,"key":"Explosive Potion"},{"floor":22,"key":"Dexterity Potion"}],"is_trial":false,"path_per_floor":["M","?","?","$","M","E","M","R","T","T","R","E","M","M","R","B",null,"M","?","M","$","M","E"],"character_chosen":"IRONCLAD","items_purchased":["Sling","Deep Breath"],"campfire_rested":0,"item_purchase_floors":[4,21],"current_hp_per_floor":[80,80,80,80,80,80,80,80,80,80,80,54,56,57,57,49,80,80,80,79,79,59,0],"gold":50,"neow_bonus":"THREE_ENEMY_KILL","is_prod":false,"is_daily":false,"chose_seed":false,"campfire_upgraded":3,"win_rate":0,"timestamp":1558268774,"path_taken":["M","?","?","?","M","E","M","R","T","?","R","E","?","M","R","BOSS","M","?","M","$","M","E"],"build_version":"2019-01-23","purchased_purges":2,"victory":false,"max_hp_per_floor":[80,80,80,80,80,80,80,80,80,80,80,80,80,80,80,80,80,80,80,80,80,80,80],"card_choices":[{"not_picked":["Flex","Heavy Blade","Warcry"],"picked":"SKIP","floor":1},{"not_picked":["Wild Strike","Blood for Blood"],"picked":"Pommel Strike","floor":5},{"not_picked":["Sever Soul","Corruption","Clothesline"],"picked":"SKIP","floor":6},{"not_picked":["Havoc","Rage","Clothesline"],"picked":"SKIP","floor":7},{"not_picked":["Havoc","Headbutt"],"picked":"Demon Form","floor":12},{"not_picked":["Warcry","Heavy Blade"],"picked":"Cleave","floor":13},{"not_picked":["True Grit","Sentinel","Searing Blow"],"picked":"SKIP","floor":14},{"not_picked":["Impervious","Brutality"],"picked":"Limit Break","floor":16},{"not_picked":["Reckless Charge+1","Intimidate+1"],"picked":"Inflame","floor":18},{"not_picked":["Flex","True Grit+1","Body Slam+1"],"picked":"SKIP","floor":20},{"not_picked":["Flex","Body Slam+1"],"picked":"True Grit+1","floor":20},{"not_picked":["Wild Strike","Flex","Clothesline"],"picked":"SKIP","floor":22}],"player_experience":67892,"relics_obtained":[{"floor":6,"key":"Sundial"},{"floor":9,"key":"Meat on the Bone"},{"floor":10,"key":"Red Skull"},{"floor":12,"key":"Tiny Chest"}],"event_choices":[{"damage_healed":0,"gold_gain":0,"player_choice":"Grow","damage_taken":0,"max_hp_gain":0,"max_hp_loss":0,"event_name":"Living Wall","floor":2,"gold_loss":0,"cards_upgraded":["Bash"]},{"damage_healed":0,"gold_gain":175,"player_choice":"AGREE","damage_taken":0,"max_hp_gain":0,"max_hp_loss":0,"event_name":"Liars Game","floor":3,"gold_loss":0,"cards_obtained":["Doubt"]},{"damage_healed":0,"gold_gain":0,"player_choice":"Obtained Relic","damage_taken":0,"relics_obtained":["PreservedInsect"],"max_hp_gain":0,"max_hp_loss":0,"event_name":"Addict","floor":19,"gold_loss":85}],"is_beta":false,"boss_relics":[{"not_picked":["Fusion Hammer","Snecko Eye"],"picked":"Velvet Choker"}],"items_purged_floors":[4,21],"is_endless":false,"potions_floor_spawned":[5,6,12,20,22],"killed_by":"Slavers","ascension_level":4}