{"gold_per_floor":[113,38,213,163,176,207,207,232,232,247,247,274,274,285,285,381,381,395,395,395,414,72,72,106,106,106,140,159,159,159],"floor_reached":30,"playtime":2050,"items_purged":["Strike_B","Strike_B"],"score":574,"play_id":"21c8c8cb-cc22-4d30-b2f1-2224ba5e9cb4","local_time":"20190601085532","is_ascension_mode":true,"campfire_choices":[{"data":"Loop","floor":15.0,"key":"SMITH"},{"data":"Defragment","floor":23,"key":"SMITH"},{"data":"Biased Cognition","floor":25,"key":"SMITH"},{"data":"Coolheaded","floor":29,"key":"SMITH"}],"neow_cost":"NONE","seed_source_timestamp":1112209200800754,"circlet_count":0,"master_deck":["AscendersBane","Strike_B","Strike_B","Defend_B","Defend_B","Defend_B","Defend_B","Zap","Dualcast","Loop+1","Sweeping Beam","Ball Lightning","Cold Snap","Compile Driver","Doom and Gloom","Biased Cognition+1","Defragment+1","Storm","Parasite","Conserve Battery","Coolheaded+1"],"special_seed":0,"relics":["Cracked Core","NeowsBlessing","Mummified Hand","Juzu Bracelet","DataDisk","Pantograph","Cursed Key","Nloth\u0027s Gift","Frozen Egg 2","Art of War","PreservedInsect","Potion Belt"],"potions_floor_usage":[21,21,27],"damage_taken":[{"damage":0.0,"enemies":"Jaw Worm","floor":1.0,"turns":1.0},{"damage":0.0,"enemies":"Cultist","floor":5.0,"turns":1.0},{"damage":0.0,"enemies":"Lagavulin","floor":6.0,"turns":1.0},{"damage":28.0,"enemies":"Gremlin Nob","floor":8.0,"turns":4.0},{"damage":2.0,"enemies":"Small Slimes","floor":10.0,"turns":2.0},{"damage":27.0,"enemies":"Lagavulin","floor":12.0,"turns":5.0},{"damage":0.0,"enemies":"2 Fungi Beasts","floor":14.0,"turns":1.0},{"damage":0.0,"enemies":"Slime Boss","floor":16.0,"turns":5.0},{"damage":0.0,"enemies":"Spheric Guardian","floor":18.0,"turns":3.0},{"damage":6,"enemies":"2 Thieves","floor":21,"turns":3},{"damage":24,"enemies":"Gremlin Leader","floor":24,"turns":6},{"damage":25,"enemies":"Slavers","floor":27,"turns":3},{"damage":6,"enemies":"Sentry and Sphere","floor":28,"turns":3},{"damage":6,"enemies":"Gremlin Leader","floor":30,"turns":1}],"seed_played":"8978233051767528141","potions_obtained":[{"floor":5.0,"key":"FocusPotion"},{"floor":10.0,"key":"SteroidPotion"},{"floor":12.0,"key":"AttackPotion"},{"floor":14.0,"key":"Block Potion"},{"floor":16.0,"key":"Block Potion"},{"floor":18.0,"key":"Fire Potion"},{"floor":19.0,"key":"SkillPotion"},{"floor":24,"key":"Weak Potion"},{"floor":27,"key":"Energy Potion"},{"floor":28,"key":"Poison Potion"}],"is_trial":false,"path_per_floor":["M","$","?","?","M","E","T","E","T","M","?","E","?","M","R","B",null,"M","?","?","M","$","R","E","R","T","E","M","R","E"],"character_chosen":"DEFECT","items_purchased":["Frozen Egg 2"],"campfire_rested":0,"item_purchase_floors":[22],"current_hp_per_floor":[68,68,68,68,68,68,68,40,40,38,38,11,4,4,4,29,64,64,64,64,58,58,58,34,34,34,9,3,3,0],"gold":159,"neow_bonus":"THREE_ENEMY_KILL","is_prod":false,"is_daily":false,"chose_seed":false,"campfire_upgraded":4,"win_rate":0,"timestamp":1559359532,"path_taken":["M","$","?","?","M","E","?","E","T","M","?","E","?","M","R","BOSS","M","?","?","M","$","R","E","R","T","E","M","R","E"],"build_version":"2019-01-23","purchased_purges":2,"victory":false,"max_hp_per_floor":[75,75,75,75,75,75,75,75,75,75,75,75,75,75,75,75,75,75,75,75,75,75,75,75,75,75,75,75,75,75],"card_choices":[{"not_picked":["Go for the Eyes","Coolheaded"],"picked":"Loop","floor":1.0},{"not_picked":["Steam Power","Blizzard"],"picked":"Sweeping Beam","floor":5.0},{"not_picked":["White Noise","Conserve Battery"],"picked":"Ball Lightning","floor":6.0},{"not_picked":["Rebound","Go for the Eyes"],"picked":"Cold Snap","floor":8.0},{"not_picked":["Chaos","Melter"],"picked":"Compile Driver","floor":10.0},{"not_picked":["Heatsinks","Storm"],"picked":"Doom and Gloom","floor":12.0},{"not_picked":["Gash","Storm","Sweeping Beam"],"picked":"SKIP","floor":14.0},{"not_picked":["Fission","Hyperbeam"],"picked":"Biased Cognition","floor":16.0},{"not_picked":["Redo","Leap"],"picked":"Defragment","floor":18.0},{"not_picked":["Ball Lightning","Blizzard"],"picked":"Storm","floor":21},{"not_picked":["Thunder Strike","Steam","Barrage"],"picked":"SKIP","floor":24},{"not_picked":["Hyperbeam","Go for the Eyes"],"picked":"Conserve Battery","floor":27},{"not_picked":["Conserve Battery","Steam"],"picked":"Coolheaded","floor":28}],"player_experience":1034228,"relics_obtained":[{"floor":6.0,"key":"Bag of Marbles"},{"floor":7.0,"key":"Mummified Hand"},{"floor":8.0,"key":"Juzu Bracelet"},{"floor":9.0,"key":"DataDisk"},{"floor":24,"key":"Art of War"},{"floor":26,"key":"PreservedInsect"},{"floor":27,"key":"Potion Belt"}],"event_choices":[{"damage_healed":0.0,"max_hp_gain":0.0,"max_hp_loss":0.0,"gold_gain":175.0,"event_name":"Liars Game","player_choice":"AGREE","floor":3.0,"gold_loss":0.0,"damage_taken":0.0,"cards_obtained":["Doubt"]},{"cards_removed":["Doubt"],"damage_healed":0.0,"max_hp_gain":0.0,"max_hp_loss":0.0,"gold_gain":0.0,"event_name":"The Cleric","player_choice":"Card Removal","floor":4.0,"gold_loss":50.0,"damage_taken":0.0},{"damage_healed":0.0,"max_hp_gain":0.0,"max_hp_loss":0.0,"gold_gain":0.0,"event_name":"Big Fish","player_choice":"Box","floor":11.0,"gold_loss":0.0,"damage_taken":0.0,"relics_obtained":["Pantograph"],"cards_obtained":["Regret"]},{"cards_removed":["Regret"],"damage_healed":0.0,"max_hp_gain":0.0,"max_hp_loss":0.0,"gold_gain":0.0,"event_name":"Golden Wing","player_choice":"Card Removal","floor":13.0,"gold_loss":0.0,"damage_taken":7.0},{"damage_healed":0.0,"max_hp_gain":0.0,"max_hp_loss":0.0,"gold_gain":0.0,"event_name":"Lab","player_choice":"Got Potions","floor":19.0,"gold_loss":0.0,"damage_taken":0.0},{"damage_healed":0,"gold_gain":0,"player_choice":"Traded Relic","damage_taken":0,"relics_obtained":["Nloth\u0027s Gift"],"max_hp_gain":0,"max_hp_loss":0,"event_name":"N\u0027loth","floor":20,"relics_lost":["Bag of Marbles"],"gold_loss":0}],"is_beta":false,"boss_relics":[{"not_picked":["FrozenCore","Black Star"],"picked":"Cursed Key"}],"items_purged_floors":[2,22],"is_endless":false,"potions_floor_spawned":[5,10,12,14,16,18,24,27,28],"killed_by":"Gremlin Leader","ascension_level":12}