{"gold_per_floor":[12,12,12,32,42,42,60,60,60,135,150,150,168,182,182,282,282,299,299,316,316,316,316,335,335],"floor_reached":25,"playtime":2161,"items_purged":[],"score":195,"play_id":"7c0f8704-670e-4874-a0da-1d49aa550a17","local_time":"20190216193308","is_ascension_mode":false,"campfire_choices":[{"data":"All Out Attack","floor":6,"key":"SMITH"},{"data":"Bouncing Flask","floor":8,"key":"SMITH"},{"data":"Dash","floor":12,"key":"SMITH"},{"floor":15,"key":"REST"},{"floor":23,"key":"REST"}],"neow_cost":"NO_GOLD","seed_source_timestamp":338892798524824,"circlet_count":0,"master_deck":["Defend_G","Defend_G","Defend_G","Defend_G","Strike_G","Strike_G","Strike_G","Strike_G","Survivor","Neutralize","All Out Attack+1","Deadly Poison","Poisoned Stab","Deflect","Malaise","Bouncing Flask+1","Dash+1","Cloak And Dagger","Dash","Burst","Outmaneuver","Slice+1","Shame","Cloak And Dagger"],"relics":["Ring of the Snake","Mummified Hand","Vajra","WristBlade","Sundial"],"potions_floor_usage":[],"damage_taken":[{"damage":1,"enemies":"2 Louse","floor":1,"turns":2},{"damage":0,"enemies":"Jaw Worm","floor":4,"turns":3},{"damage":0,"enemies":"Cultist","floor":5,"turns":3},{"damage":0,"enemies":"3 Louse","floor":7,"turns":2},{"damage":0,"enemies":"Blue Slaver","floor":11,"turns":3},{"damage":8,"enemies":"Exordium Thugs","floor":13,"turns":4},{"damage":4,"enemies":"2 Fungi Beasts","floor":14,"turns":2},{"damage":25,"enemies":"The Guardian","floor":16,"turns":8},{"damage":7,"enemies":"Shell Parasite","floor":18,"turns":8},{"damage":33,"enemies":"3 Byrds","floor":20,"turns":8},{"damage":12,"enemies":"Snake Plant","floor":24,"turns":4},{"damage":37,"enemies":"Sentry and Sphere","floor":25,"turns":7}],"seed_played":"5094843822363621929","potions_obtained":[{"floor":5,"key":"Poison Potion"},{"floor":11,"key":"PowerPotion"},{"floor":13,"key":"Regen Potion"},{"floor":22,"key":"Fruit Juice"}],"is_trial":false,"path_per_floor":["?","?","?","M","?","M","?","?","M"],"character_chosen":"THE_SILENT","items_purchased":[],"campfire_rested":2,"item_purchase_floors":[],"current_hp_per_floor":[69,57,70,70,70,70,70,70,70,59,59,59,51,47,68,43,70,63,60,27,27,27,48,36,0],"gold":335,"neow_bonus":"TRANSFORM_TWO_CARDS","is_prod":false,"is_daily":false,"chose_seed":false,"campfire_upgraded":3,"win_rate":0.0,"timestamp":1550363588,"path_taken":["M","?","?","M","M","R","M","R","T","?","M","R","M","?","R","BOSS","M","?","?","?","?","R","M","?"],"build_version":"2019-01-23","purchased_purges":0,"victory":false,"max_hp_per_floor":[70,70,70,70,70,70,70,70,70,70,70,70,70,70,70,70,70,70,70,70,70,70,70,70,70],"card_choices":[{"not_picked":["Bane","Expertise"],"picked":"Poisoned Stab","floor":1},{"not_picked":["Choke","Dodge and Roll"],"picked":"Deflect","floor":4},{"not_picked":["Predator","Dagger Spray"],"picked":"Malaise","floor":5},{"not_picked":["Sucker Punch","Bane"],"picked":"Bouncing Flask","floor":7},{"not_picked":["Backflip","Blade Dance"],"picked":"Dash","floor":11},{"not_picked":["Quick Slash","Prepared"],"picked":"Cloak And Dagger","floor":13},{"not_picked":["Finisher","Eviscerate"],"picked":"Dash","floor":14},{"not_picked":["Malaise","Storm of Steel"],"picked":"Burst","floor":16},{"not_picked":["Terror","Quick Slash+1"],"picked":"Outmaneuver","floor":18},{"not_picked":["Flying Knee","Quick Slash"],"picked":"Slice+1","floor":20},{"not_picked":["Malaise","Predator"],"picked":"Cloak And Dagger","floor":24}],"player_experience":49275,"relics_obtained":[{"floor":9,"key":"Vajra"}],"event_choices":[{"damage_healed":0,"gold_gain":0,"player_choice":"Success","damage_taken":12,"relics_obtained":["Mummified Hand"],"max_hp_gain":0,"max_hp_loss":0,"event_name":"Scrap Ooze","floor":2,"gold_loss":0},{"damage_healed":23,"gold_gain":0,"player_choice":"Banana","damage_taken":0,"max_hp_gain":0,"max_hp_loss":0,"event_name":"Big Fish","floor":3,"gold_loss":0},{"damage_healed":0,"gold_gain":75,"player_choice":"Gather Gold","damage_taken":11,"max_hp_gain":0,"max_hp_loss":0,"event_name":"World of Goop","floor":10,"gold_loss":0},{"damage_healed":0,"gold_gain":0,"player_choice":"Punched","damage_taken":3,"max_hp_gain":0,"max_hp_loss":0,"event_name":"Designer","floor":19,"gold_loss":0},{"damage_healed":0,"gold_gain":0,"player_choice":"Stole Relic","damage_taken":0,"relics_obtained":["Sundial"],"max_hp_gain":0,"max_hp_loss":0,"event_name":"Addict","floor":21,"gold_loss":0,"cards_obtained":["Shame"]},{"damage_healed":0,"gold_gain":0,"player_choice":"Got Potions","damage_taken":0,"max_hp_gain":0,"max_hp_loss":0,"event_name":"Lab","floor":22,"gold_loss":0}],"is_beta":false,"boss_relics":[{"not_picked":["Runic Dome","Ectoplasm"],"picked":"WristBlade"}],"items_purged_floors":[],"is_endless":false,"potions_floor_spawned":[5,11,13,18,20],"killed_by":"Sentry and Sphere","ascension_level":0}