{"gold_per_floor":[118,118,118,129,148,175,125,142,165,178,205,223,237,266,266,364,364,383,413,430,448,463,489,6,6],"floor_reached":25,"playtime":6979,"items_purged":["Writhe"],"score":346,"play_id":"aad0097c-8c2a-424c-a683-16fe9a732c83","local_time":"20190526153148","is_ascension_mode":true,"campfire_choices":[{"data":"Barricade","floor":15.0,"key":"SMITH"}],"neow_cost":"NONE","seed_source_timestamp":0,"circlet_count":0,"master_deck":["Strike_R","Strike_R+1","Strike_R","Defend_R","Defend_R","Defend_R+1","Defend_R","Bash","Impervious","Pommel Strike","Hemokinesis","Shockwave","Cleave","Juggernaut","Armaments+1","Shrug It Off+1","Evolve","Barricade+1","Immolate","Ghostly Armor+1","Shrug It Off+1","Pummel+1","Feel No Pain","Feed","Corruption"],"special_seed":0,"relics":["Burning Blood","Pen Nib","Strawberry","Blood Vial","War Paint","Coffee Dripper","Tiny Chest","Question Card","Bottled Flame"],"potions_floor_usage":[23,23],"damage_taken":[{"damage":6.0,"enemies":"Small Slimes","floor":1.0,"turns":5.0},{"damage":2.0,"enemies":"Jaw Worm","floor":4.0,"turns":4.0},{"damage":0.0,"enemies":"2 Louse","floor":5.0,"turns":3.0},{"damage":10.0,"enemies":"Gremlin Nob","floor":6.0,"turns":4.0},{"damage":4.0,"enemies":"Red Slaver","floor":8.0,"turns":3.0},{"damage":2.0,"enemies":"2 Fungi Beasts","floor":10.0,"turns":3.0},{"damage":23.0,"enemies":"3 Sentries","floor":11.0,"turns":6.0},{"damage":0.0,"enemies":"Lots of Slimes","floor":12.0,"turns":1.0},{"damage":3.0,"enemies":"Red Slaver","floor":13.0,"turns":4.0},{"damage":32.0,"enemies":"Lagavulin","floor":14.0,"turns":6.0},{"damage":25.0,"enemies":"The Guardian","floor":16.0,"turns":15.0},{"damage":0.0,"enemies":"Shell Parasite","floor":18.0,"turns":6.0},{"damage":0.0,"enemies":"3 Byrds","floor":20.0,"turns":3.0},{"damage":9.0,"enemies":"Centurion and Healer","floor":21.0,"turns":7.0},{"damage":2.0,"enemies":"Snecko","floor":22.0,"turns":4.0},{"damage":41,"enemies":"Book of Stabbing","floor":23,"turns":6},{"damage":67,"enemies":"Gremlin Leader","floor":25,"turns":6}],"seed_played":"-6311589418222764154","potions_obtained":[{"floor":1.0,"key":"Energy Potion"},{"floor":5.0,"key":"FearPotion"},{"floor":10.0,"key":"SmokeBomb"},{"floor":12.0,"key":"LiquidBronze"},{"floor":14.0,"key":"Regen Potion"},{"floor":20.0,"key":"FearPotion"},{"floor":21.0,"key":"Ancient Potion"}],"is_trial":false,"path_per_floor":["M","?","?","M","M","E","?","M","T","M","E","M","M","E","R","B",null,"M","?","M","M","M","E","$","E"],"character_chosen":"IRONCLAD","items_purchased":["Feed","Corruption","Bottled Flame"],"campfire_rested":0,"item_purchase_floors":[24,24,24],"current_hp_per_floor":[72,56,56,60,66,62,62,64,71,75,58,66,71,47,47,30,73,81,81,87,84,87,64,64,0],"gold":6,"neow_bonus":"ONE_RANDOM_RARE_CARD","is_prod":false,"is_daily":false,"chose_seed":false,"campfire_upgraded":1,"win_rate":0,"timestamp":1558864908,"path_taken":["M","?","?","M","M","E","?","M","T","M","E","M","M","E","R","BOSS","M","?","M","M","M","E","$","E"],"build_version":"2019-01-23","purchased_purges":1,"victory":false,"max_hp_per_floor":[80,80,80,80,80,80,80,80,87,87,87,87,87,87,87,87,87,87,87,87,87,87,87,87,87],"card_choices":[{"not_picked":["Sentinel","Perfected Strike"],"picked":"Pommel Strike","floor":1.0},{"not_picked":["Pommel Strike","Wild Strike"],"picked":"Shockwave","floor":4.0},{"not_picked":["Fire Breathing","Havoc"],"picked":"Cleave","floor":5.0},{"not_picked":["Shrug It Off","Rage"],"picked":"Juggernaut","floor":6.0},{"not_picked":["Blood for Blood","Rage"],"picked":"Armaments","floor":8.0},{"not_picked":["True Grit","Wild Strike","Clash"],"picked":"SKIP","floor":10.0},{"not_picked":["Fire Breathing","Reckless Charge"],"picked":"Shrug It Off","floor":11.0},{"not_picked":["Armaments","Heavy Blade","Pommel Strike"],"picked":"SKIP","floor":12.0},{"not_picked":["Heavy Blade","Pummel"],"picked":"Evolve","floor":13.0},{"not_picked":["Pommel Strike","Dropkick"],"picked":"Barricade","floor":14.0},{"not_picked":["Berserk","Juggernaut"],"picked":"Immolate","floor":16.0},{"not_picked":["Armaments","Infernal Blade+1"],"picked":"Ghostly Armor+1","floor":18.0},{"not_picked":["Dropkick","Headbutt+1"],"picked":"Shrug It Off+1","floor":20.0},{"not_picked":["Whirlwind","Havoc"],"picked":"Pummel+1","floor":21.0},{"not_picked":["Heavy Blade","Clothesline","Warcry"],"picked":"SKIP","floor":22.0},{"not_picked":["Burning Pact","Power Through"],"picked":"Feel No Pain","floor":23}],"player_experience":792829,"relics_obtained":[{"floor":6.0,"key":"Pen Nib"},{"floor":9.0,"key":"Strawberry"},{"floor":11.0,"key":"Blood Vial"},{"floor":14.0,"key":"War Paint"},{"floor":23,"key":"Question Card"}],"event_choices":[{"damage_healed":0.0,"max_hp_gain":0.0,"max_hp_loss":0.0,"gold_gain":0.0,"event_name":"Shining Light","player_choice":"Entered Light","floor":2.0,"gold_loss":0.0,"damage_taken":16.0,"cards_upgraded":["Defend_R","Strike_R"]},{"damage_healed":0.0,"max_hp_gain":0.0,"max_hp_loss":0.0,"gold_gain":0.0,"cards_transformed":["Strike_R"],"event_name":"Living Wall","player_choice":"Change","floor":3.0,"gold_loss":0.0,"damage_taken":0.0,"cards_obtained":["Hemokinesis"]},{"cards_removed":["Strike_R"],"damage_healed":0.0,"max_hp_gain":0.0,"max_hp_loss":0.0,"gold_gain":0.0,"event_name":"The Cleric","player_choice":"Card Removal","floor":7.0,"gold_loss":50.0,"damage_taken":0.0},{"damage_healed":0.0,"max_hp_gain":0.0,"max_hp_loss":0.0,"gold_gain":0.0,"event_name":"The Mausoleum","player_choice":"Opened","floor":19.0,"gold_loss":0.0,"damage_taken":0.0,"relics_obtained":["Tiny Chest"],"cards_obtained":["Writhe"]}],"is_beta":false,"boss_relics":[{"not_picked":["Runic Dome","Orrery"],"picked":"Coffee Dripper"}],"items_purged_floors":[24],"is_endless":false,"potions_floor_spawned":[1,5,10,12,14,20,21,22],"killed_by":"Gremlin Leader","ascension_level":8}