{"gold_per_floor":[115,40,40,59,59,89,107,137,137,137,147,166,166,151,151,151],"floor_reached":16,"playtime":675,"items_purged":["Strike_R"],"score":112,"play_id":"93b900a2-ad15-4698-99c3-e78dfcf5d2c1","local_time":"20190602180251","is_ascension_mode":false,"campfire_choices":[{"floor":15,"key":"REST"}],"neow_cost":"TEN_PERCENT_HP_LOSS","seed_source_timestamp":196468963927631,"circlet_count":0,"master_deck":["Strike_R","Strike_R","Defend_R","Defend_R","Defend_R","Bash+1","Flame Barrier","Shockwave","Limit Break","Sword Boomerang","Pummel"],"relics":["Burning Blood","Potion Belt","Bottled Lightning","The Courier"],"potions_floor_usage":[],"damage_taken":[{"damage":6,"enemies":"Cultist","floor":1,"turns":3},{"damage":3,"enemies":"Jaw Worm","floor":4,"turns":4},{"damage":47,"enemies":"3 Sentries","floor":6,"turns":15},{"damage":1,"enemies":"2 Louse","floor":7,"turns":2},{"damage":35,"enemies":"Lagavulin","floor":8,"turns":8},{"damage":12,"enemies":"Lots of Slimes","floor":11,"turns":6},{"damage":10,"enemies":"Looter","floor":12,"turns":3},{"damage":20,"enemies":"Exordium Thugs","floor":14,"turns":4},{"damage":29,"enemies":"Hexaghost","floor":16,"turns":11}],"seed_played":"420760592981752116","potions_obtained":[{"floor":4,"key":"PowerPotion"},{"floor":6,"key":"Regen Potion"},{"floor":8,"key":"BloodPotion"},{"floor":12,"key":"Weak Potion"},{"floor":14,"key":"Poison Potion"}],"is_trial":false,"path_per_floor":["M","$","?","M","$","E","M","E","T","?","M","M","?","M","R","B"],"character_chosen":"IRONCLAD","items_purchased":[],"campfire_rested":1,"item_purchase_floors":[],"current_hp_per_floor":[72,72,72,72,72,31,36,7,7,31,25,21,21,7,28,0],"gold":151,"neow_bonus":"REMOVE_TWO","is_prod":false,"is_daily":false,"chose_seed":false,"campfire_upgraded":0,"win_rate":0,"timestamp":1559491371,"path_taken":["M","?","?","M","$","E","?","E","T","?","M","M","?","M","R","BOSS"],"build_version":"2019-01-23","purchased_purges":1,"victory":false,"max_hp_per_floor":[72,72,72,72,72,72,72,72,72,72,72,72,72,72,72,72],"card_choices":[{"not_picked":["Warcry","Havoc","Twin Strike"],"picked":"SKIP","floor":1},{"not_picked":["Burning Pact","Hemokinesis"],"picked":"Flame Barrier","floor":4},{"not_picked":["Carnage","Rupture","Clash"],"picked":"SKIP","floor":6},{"not_picked":["Thunderclap","Iron Wave"],"picked":"Shockwave","floor":7},{"not_picked":["Clothesline","Combust"],"picked":"Limit Break","floor":8},{"not_picked":["Seeing Red","Headbutt","Anger"],"picked":"SKIP","floor":11},{"not_picked":["Body Slam","True Grit"],"picked":"Sword Boomerang","floor":12},{"not_picked":["Warcry","Ghostly Armor","Exhume"],"picked":"SKIP","floor":14}],"player_experience":113773,"relics_obtained":[{"floor":6,"key":"Potion Belt"},{"floor":8,"key":"Bottled Lightning"},{"floor":9,"key":"The Courier"}],"event_choices":[{"damage_healed":0,"gold_gain":0,"player_choice":"Forge","damage_taken":0,"max_hp_gain":0,"max_hp_loss":0,"event_name":"Accursed Blacksmith","floor":3,"gold_loss":0,"cards_upgraded":["Bash"]},{"damage_healed":24,"gold_gain":0,"player_choice":"Banana","damage_taken":0,"max_hp_gain":0,"max_hp_loss":0,"event_name":"Big Fish","floor":10,"gold_loss":0},{"damage_healed":0,"gold_gain":0,"cards_transformed":["Strike_R"],"player_choice":"Transformed","damage_taken":0,"max_hp_gain":0,"max_hp_loss":0,"event_name":"Transmorgrifier","floor":13,"gold_loss":0,"cards_obtained":["Pummel"]}],"is_beta":false,"boss_relics":[],"items_purged_floors":[2],"is_endless":false,"potions_floor_spawned":[4,6,8,12,14],"killed_by":"Hexaghost","ascension_level":0}