{"gold_per_floor":[114,114,62,77,122,122,31,31,31,46,61,76,91,106,106,206,206,221,236,9,24,24,24,39,54,54,354,354,2,2,102,102,202,202,217,91,106,6,21,21,51,51,101,101,116,131,131,146,146,146],"floor_reached":51,"playtime":3621,"items_purged":["Dualcast","Doom and Gloom"],"score":848,"play_id":"1b32c9ec-4fe6-42ef-9886-d20e7b7438c0","local_time":"20180924003405","daily_mods":["Heirloom","Lethality","Vintage"],"is_ascension_mode":false,"campfire_choices":[{"data":"Gash","floor":6,"key":"SMITH"},{"data":"Zap","floor":8,"key":"SMITH"},{"floor":15,"key":"DIG"},{"data":"Sunder","floor":23,"key":"SMITH"},{"floor":28,"key":"REST"},{"floor":32,"key":"REST"},{"data":"Reprogram","floor":40,"key":"PURGE"},{"data":"Zap+1","floor":42,"key":"PURGE"},{"floor":44,"key":"REST"},{"data":"Defragment","floor":47,"key":"SMITH"},{"floor":49,"key":"REST"}],"neow_cost":"","seed_source_timestamp":0,"circlet_count":0,"master_deck":["Gash+1","Sweeping Beam","BootSequence","Echo Form","Beam Cell","Cold Snap","Sunder+1","Rebound","Defragment+1","Turbo","Streamline","Auto Shields","Seek","Conserve Battery"],"special_seed":17798,"relics":["Cracked Core","Bird Faced Urn","StoneCalendar","Mummified Hand","Tiny Chest","Ornamental Fan","Du-Vu Doll","Blood Vial","Orichalcum","Mango","Shovel","Dream Catcher","Strawberry","Pandora\u0027s Box","Ancient Tea Set","Gremlin Horn","Pen Nib","Juzu Bracelet","Pocketwatch","Bag of Marbles","Potion Belt","Old Coin","Peace Pipe","Bronze Scales","Empty Cage","Centennial Puzzle","Molten Egg 2","Thread and Needle","Calipers","Regal Pillow","Bottled Lightning","Mercury Hourglass","Omamori"],"potions_floor_usage":[16,16,41,41,50,50,50,50],"damage_taken":[{"damage":0,"enemies":"Small Slimes","floor":1,"turns":2},{"damage":0,"enemies":"Jaw Worm","floor":4,"turns":2},{"damage":0,"enemies":"Cultist","floor":5,"turns":2},{"damage":0,"enemies":"Exordium Thugs","floor":10,"turns":3},{"damage":4,"enemies":"Large Slime","floor":11,"turns":4},{"damage":0,"enemies":"2 Fungi Beasts","floor":12,"turns":2},{"damage":4,"enemies":"Exordium Wildlife","floor":13,"turns":3},{"damage":2,"enemies":"Gremlin Gang","floor":14,"turns":3},{"damage":49,"enemies":"Hexaghost","floor":16,"turns":7},{"damage":23,"enemies":"2 Thieves","floor":18,"turns":3},{"damage":2,"enemies":"Chosen","floor":19,"turns":3},{"damage":24,"enemies":"Centurion and Healer","floor":21,"turns":3},{"damage":46,"enemies":"Snake Plant","floor":24,"turns":3},{"damage":5,"enemies":"Shelled Parasite and Fungi","floor":25,"turns":2},{"damage":39,"enemies":"Champ","floor":33,"turns":8},{"damage":35,"enemies":"3 Darklings","floor":35,"turns":3},{"damage":3,"enemies":"Orb Walker","floor":37,"turns":3},{"damage":14,"enemies":"Reptomancer","floor":39,"turns":4},{"damage":43,"enemies":"Nemesis","floor":41,"turns":7},{"damage":3,"enemies":"4 Shapes","floor":45,"turns":1},{"damage":10,"enemies":"Spire Growth","floor":46,"turns":4},{"damage":0,"enemies":"Transient","floor":48,"turns":5},{"damage":19,"enemies":"Donu and Deca","floor":50,"turns":7}],"seed_played":"696348812476848075","potions_obtained":[{"floor":10,"key":"SkillPotion"},{"floor":13,"key":"GamblersBrew"},{"floor":14,"key":"SpeedPotion"},{"floor":16,"key":"PowerPotion"},{"floor":18,"key":"Fire Potion"},{"floor":37,"key":"PowerPotion"},{"floor":45,"key":"AttackPotion"},{"floor":46,"key":"EssenceOfSteel"}],"is_trial":false,"path_per_floor":["M","?","$","M","M","R","$","R","T","M","M","M","M","M","R","B",null,"M","M","$","M","?","R","M","M","T","T","R","$","$","?","R","B",null,"M","$","M","$","M","R","E","R","T","R","M","M","R","M","R","B"],"character_chosen":"DEFECT","items_purchased":["Gash","Sweeping Beam","BootSequence","Pen Nib","Defragment","Peace Pipe","Streamline","Conserve Battery"],"campfire_rested":4,"item_purchase_floors":[3,7,7,20,20,29,29,36],"current_hp_per_floor":[75,80,80,80,80,80,80,80,80,80,76,78,90,90,90,50,101,78,80,80,62,62,62,22,19,19,19,49,49,49,49,79,46,101,66,66,69,69,61,61,26,26,26,71,70,68,68,74,101,90],"gold":146,"neow_bonus":"","is_prod":false,"is_daily":true,"chose_seed":false,"campfire_upgraded":4,"win_rate":0,"timestamp":1537763645,"path_taken":["M","?","$","M","M","R","$","R","T","?","M","M","M","M","R","BOSS","M","M","$","M","?","R","M","M","T","?","R","?","$","?","R","BOSS","M","$","M","$","M","R","E","R","T","R","M","M","R","M","R","BOSS"],"build_version":"2018-09-20","purchased_purges":2,"victory":true,"max_hp_per_floor":[75,80,80,80,80,80,80,80,80,80,80,80,94,94,94,101,101,101,101,101,101,101,101,101,101,101,101,101,101,101,101,101,101,101,101,101,101,101,101,101,101,101,101,101,101,101,101,101,101,101],"card_choices":[{"not_picked":["Seek","Core Surge"],"picked":"Echo Form","floor":16},{"not_picked":["Rebound","Steam Power+1"],"picked":"Turbo","floor":28},{"not_picked":["Redo","Doom and Gloom+1"],"picked":"Auto Shields","floor":32},{"not_picked":["Multi-Cast","Fission"],"picked":"Seek","floor":33},{"not_picked":["Consume","Beam Cell+1","Force Field+1"],"picked":"SKIP","floor":41}],"player_experience":136039,"relics_obtained":[{"floor":1,"key":"StoneCalendar"},{"floor":4,"key":"Mummified Hand"},{"floor":5,"key":"Tiny Chest"},{"floor":9,"key":"Ornamental Fan"},{"floor":10,"key":"Du-Vu Doll"},{"floor":11,"key":"Blood Vial"},{"floor":12,"key":"Orichalcum"},{"floor":13,"key":"Mango"},{"floor":14,"key":"Shovel"},{"floor":15,"key":"Dream Catcher"},{"floor":16,"key":"Strawberry"},{"floor":18,"key":"Ancient Tea Set"},{"floor":19,"key":"Gremlin Horn"},{"floor":21,"key":"Juzu Bracelet"},{"floor":24,"key":"Pocketwatch"},{"floor":25,"key":"Bag of Marbles"},{"floor":26,"key":"Potion Belt"},{"floor":27,"key":"Old Coin"},{"floor":33,"key":"Bronze Scales"},{"floor":35,"key":"Centennial Puzzle"},{"floor":37,"key":"Molten Egg 2"},{"floor":39,"key":"Thread and Needle"},{"floor":41,"key":"Calipers"},{"floor":43,"key":"Regal Pillow"},{"floor":45,"key":"Bottled Lightning"},{"floor":46,"key":"Mercury Hourglass"},{"floor":48,"key":"Omamori"}],"event_choices":[{"event_name":"Big Fish","player_choice":"Donut","floor":2,"damage_taken":0},{"event_name":"Vampires","player_choice":"Ignored","floor":22,"damage_taken":0},{"event_name":"Golden Shrine","player_choice":"Pray","floor":31,"damage_taken":0}],"is_beta":false,"boss_relics":[{"not_picked":["Runic Pyramid","Black Star"],"picked":"Pandora\u0027s Box"},{"not_picked":["Astrolabe","Runic Dome"],"picked":"Empty Cage"}],"items_purged_floors":[36,38],"is_endless":false,"potions_floor_spawned":[10,13,14,16,18,19,21,25,37,45,46],"ascension_level":0}