{"gold_per_floor":[115,190,210,160,183,183,202,65,65,95,105,105,118,148,148,148],"floor_reached":16,"playtime":1613,"items_purged":[],"score":138,"play_id":"73259be0-d7c7-4199-ac24-2f7430300001","local_time":"20181213063024","is_ascension_mode":true,"campfire_choices":[{"data":"Bash","floor":6,"key":"SMITH"},{"data":"True Grit","floor":12,"key":"SMITH"},{"floor":15,"key":"REST"}],"neow_cost":"CURSE","seed_source_timestamp":3011522412081690,"circlet_count":0,"master_deck":["Strike_R","Strike_R","Strike_R","Strike_R","Defend_R","Defend_R","Defend_R","Defend_R","Bash+1","Pain","Bludgeon","Sword Boomerang","Seeing Red","Inflame","Spot Weakness","True Grit+1","Disarm","True Grit","Flame Barrier"],"relics":["Burning Blood","Bottled Tornado","Strawberry","Boot"],"potions_floor_usage":[14,14,16],"damage_taken":[{"damage":7,"enemies":"2 Louse","floor":1,"turns":3},{"damage":3,"enemies":"Jaw Worm","floor":3,"turns":3},{"damage":1,"enemies":"Cultist","floor":7,"turns":3},{"damage":25,"enemies":"Lagavulin","floor":10,"turns":6},{"damage":31,"enemies":"Lots of Slimes","floor":11,"turns":4},{"damage":9,"enemies":"2 Fungi Beasts","floor":13,"turns":4},{"damage":8,"enemies":"Gremlin Nob","floor":14,"turns":3},{"damage":66,"enemies":"Slime Boss","floor":16,"turns":12}],"seed_played":"-6471690024611562578","potions_obtained":[{"floor":1,"key":"Energy Potion"},{"floor":7,"key":"Fire Potion"},{"floor":11,"key":"EssenceOfSteel"}],"is_trial":false,"path_per_floor":["M","?","M","?","T","R","M","$","T","E","M","R","M","E","R","B"],"character_chosen":"IRONCLAD","items_purchased":["Inflame","Spot Weakness"],"campfire_rested":1,"item_purchase_floors":[8,8],"current_hp_per_floor":[79,68,71,71,71,71,76,76,76,64,39,39,36,34,60,0],"gold":148,"neow_bonus":"THREE_RARE_CARDS","is_prod":false,"is_daily":false,"chose_seed":false,"campfire_upgraded":2,"win_rate":0,"timestamp":1544700624,"path_taken":["M","?","M","?","?","R","M","$","T","E","?","R","M","E","R","BOSS"],"build_version":"2018-12-06","purchased_purges":0,"victory":false,"max_hp_per_floor":[80,80,80,80,80,80,80,80,80,87,87,87,87,87,87,87],"card_choices":[{"not_picked":["Brutality","Impervious"],"picked":"Bludgeon","floor":0},{"not_picked":["Perfected Strike","Fire Breathing"],"picked":"Sword Boomerang","floor":1},{"not_picked":["Hemokinesis","Thunderclap","Fire Breathing"],"picked":"SKIP","floor":3},{"not_picked":["Fire Breathing","Warcry"],"picked":"Seeing Red","floor":7},{"not_picked":["Warcry","Corruption"],"picked":"True Grit","floor":10},{"not_picked":["Wild Strike","Body Slam"],"picked":"Disarm","floor":11},{"not_picked":["Rupture","Intimidate"],"picked":"True Grit","floor":13},{"not_picked":["Dual Wield","Wild Strike"],"picked":"Flame Barrier","floor":14}],"player_experience":240601,"relics_obtained":[{"floor":9,"key":"Bottled Tornado"},{"floor":10,"key":"Strawberry"},{"floor":14,"key":"Boot"}],"event_choices":[{"damage_healed":0,"gold_gain":75,"player_choice":"Gather Gold","damage_taken":11,"max_hp_gain":0,"max_hp_loss":0,"event_name":"World of Goop","floor":2,"gold_loss":0},{"cards_removed":["Strike_R"],"damage_healed":0,"gold_gain":0,"player_choice":"Card Removal","damage_taken":0,"max_hp_gain":0,"max_hp_loss":0,"event_name":"The Cleric","floor":4,"gold_loss":50}],"is_beta":false,"boss_relics":[],"items_purged_floors":[],"is_endless":false,"potions_floor_spawned":[1,7,11,13],"killed_by":"Slime Boss","ascension_level":5}