{"gold_per_floor":[116,130,148,161,161,187,187,219,244,244,244,273,223,35,35,140,140,150,150,168,168,24,24,51,51,51,51,451,486,500,60,60,162,162,178,278,278,289,199,199,226,245,245,245,261,281,281,312,312,312],"floor_reached":50,"playtime":3879,"items_purged":["Strike_B","Shame"],"score":810,"play_id":"9e5abc8a-ed61-4fb5-b5ee-fae1af80d745","local_time":"20190331103753","is_ascension_mode":true,"campfire_choices":[{"floor":7,"key":"REST"},{"floor":10,"key":"REST"},{"data":"Chaos","floor":15,"key":"SMITH"},{"data":"Buffer","floor":23,"key":"SMITH"},{"data":"Buffer","floor":25,"key":"SMITH"},{"data":"Consume","floor":27,"key":"SMITH"},{"floor":32,"key":"REST"},{"data":"1","floor":40,"key":"LIFT"},{"floor":47,"key":"REST"},{"data":"2","floor":49,"key":"LIFT"}],"neow_cost":"NONE","seed_source_timestamp":823919132519022,"circlet_count":0,"master_deck":["Defend_B","Defend_B+1","Defend_B","Defend_B","Zap","Dualcast","Reboot","Conserve Battery","Darkness","Chill","Conserve Battery","Chaos+1","Electrodynamics","Aggregate","Consume+1","Sunder","Buffer+1","Seek","Buffer+1","Turbo","Darkness","Capacitor","Meteor Strike","Redo+1","Rebound+1","Redo+1","Echo Form","Streamline+1"],"relics":["Cracked Core","Potion Belt","PreservedInsect","Lantern","Pen Nib","Mercury Hourglass","Cursed Key","Oddly Smooth Stone","Meat on the Bone","Old Coin","Shuriken","Omamori","FossilizedHelix","Fusion Hammer","Girya","Bag of Marbles","Ginger","Happy Flower"],"potions_floor_usage":[8,33,33,41,48,48,48,48,50],"damage_taken":[{"damage":6,"enemies":"Jaw Worm","floor":1,"turns":4},{"damage":2,"enemies":"2 Louse","floor":2,"turns":2},{"damage":0,"enemies":"Cultist","floor":3,"turns":3},{"damage":0,"enemies":"2 Fungi Beasts","floor":4,"turns":4},{"damage":16,"enemies":"3 Sentries","floor":6,"turns":7},{"damage":29,"enemies":"Gremlin Nob","floor":8,"turns":4},{"damage":3,"enemies":"3 Sentries","floor":12,"turns":3},{"damage":42,"enemies":"The Guardian","floor":16,"turns":10},{"damage":0,"enemies":"3 Byrds","floor":18,"turns":2},{"damage":3,"enemies":"Shell Parasite","floor":20,"turns":7},{"damage":0,"enemies":"Gremlin Leader","floor":24,"turns":6},{"damage":0,"enemies":"Colosseum Slavers","floor":28,"turns":3},{"damage":10,"enemies":"Colosseum Nobs","floor":28,"turns":5},{"damage":0,"enemies":"Slavers","floor":29,"turns":3},{"damage":4,"enemies":"Snecko","floor":30,"turns":5},{"damage":40,"enemies":"Champ","floor":33,"turns":12},{"damage":0,"enemies":"3 Shapes","floor":35,"turns":5},{"damage":0,"enemies":"Mind Bloom Boss Battle","floor":36,"turns":6},{"damage":0,"enemies":"Orb Walker","floor":38,"turns":3},{"damage":0,"enemies":"Reptomancer","floor":41,"turns":5},{"damage":0,"enemies":"Maw","floor":42,"turns":8},{"damage":18,"enemies":"Spire Growth","floor":45,"turns":5},{"damage":11,"enemies":"Sphere and 2 Shapes","floor":46,"turns":4},{"damage":0,"enemies":"Giant Head","floor":48,"turns":7},{"damage":92,"enemies":"Awakened One","floor":50,"turns":10}],"seed_played":"-6187412850053522896","potions_obtained":[{"floor":1,"key":"SteroidPotion"},{"floor":3,"key":"Strength Potion"},{"floor":6,"key":"SteroidPotion"},{"floor":8,"key":"Fruit Juice"},{"floor":24,"key":"Dexterity Potion"},{"floor":29,"key":"Dexterity Potion"},{"floor":33,"key":"SteroidPotion"},{"floor":36,"key":"Poison Potion"},{"floor":45,"key":"Poison Potion"}],"is_trial":false,"path_per_floor":["?","?","?","?","M","?","$","?","?","?","?","M","?"],"character_chosen":"DEFECT","items_purchased":["Consume","Sunder","Seek","Capacitor","FossilizedHelix"],"campfire_rested":4,"item_purchase_floors":[14,14,22,31,31],"current_hp_per_floor":[69,67,67,67,42,26,48,24,24,48,74,71,71,71,71,29,80,80,80,77,62,62,62,62,62,62,62,52,52,48,48,73,45,85,85,85,85,85,85,85,85,85,85,81,63,52,76,76,76,0],"gold":312,"neow_bonus":"ONE_RANDOM_RARE_CARD","is_prod":false,"is_daily":false,"chose_seed":false,"campfire_upgraded":4,"win_rate":0,"timestamp":1554043073,"path_taken":["M","M","M","M","?","E","R","E","T","R","?","E","?","$","R","BOSS","M","?","?","?","?","R","E","R","T","R","?","E","M","$","R","BOSS","M","?","?","M","?","R","E","?","T","?","M","M","R","E","R","BOSS"],"build_version":"2019-01-23","purchased_purges":2,"victory":false,"max_hp_per_floor":[75,75,75,75,75,75,75,80,80,80,80,80,80,80,80,80,80,80,80,80,85,85,85,85,85,85,85,85,85,85,85,85,85,85,85,85,85,85,85,85,85,85,85,81,81,81,81,81,81,81],"card_choices":[{"not_picked":["Heatsinks","Rebound"],"picked":"Conserve Battery","floor":1},{"not_picked":["Lockon","Cold Snap"],"picked":"Darkness","floor":2},{"not_picked":["Gash","Rebound"],"picked":"Chill","floor":3},{"not_picked":["Rebound","Go for the Eyes"],"picked":"Conserve Battery","floor":4},{"not_picked":["Capacitor","Turbo"],"picked":"Chaos","floor":6},{"not_picked":["Skim","Lockon"],"picked":"Electrodynamics","floor":8},{"not_picked":["Compile Driver","Force Field"],"picked":"Aggregate","floor":12},{"not_picked":["Multi-Cast","Amplify"],"picked":"Buffer","floor":16},{"not_picked":["Hologram","Leap","Sweeping Beam"],"picked":"SKIP","floor":18},{"not_picked":["Reprogram","Steam","Go for the Eyes+1"],"picked":"SKIP","floor":20},{"not_picked":["Conserve Battery","Steam"],"picked":"Buffer","floor":24},{"not_picked":["Barrage","Hologram"],"picked":"Turbo","floor":28},{"not_picked":["Sweeping Beam","Lockon"],"picked":"Darkness","floor":29},{"not_picked":["Streamline+1","Undo+1","Stack"],"picked":"SKIP","floor":30},{"not_picked":["Reboot","Machine Learning"],"picked":"Meteor Strike","floor":33},{"not_picked":["Cold Snap","Ball Lightning"],"picked":"Redo+1","floor":35},{"not_picked":["Consume+1","Beam Cell"],"picked":"Rebound+1","floor":36},{"not_picked":["Sweeping Beam","Heatsinks+1"],"picked":"Redo+1","floor":38},{"not_picked":["Coolheaded+1","Blizzard+1"],"picked":"Echo Form","floor":41},{"not_picked":["Steam","Coolheaded","Leap"],"picked":"SKIP","floor":42},{"not_picked":["Leap+1","Coolheaded+1"],"picked":"Streamline+1","floor":45},{"not_picked":["Cold Snap","Redo","Sweeping Beam+1"],"picked":"SKIP","floor":46},{"not_picked":["Static Discharge+1","Cold Snap","Beam Cell+1"],"picked":"SKIP","floor":48}],"player_experience":348833,"relics_obtained":[{"floor":6,"key":"PreservedInsect"},{"floor":8,"key":"Lantern"},{"floor":9,"key":"Pen Nib"},{"floor":12,"key":"Mercury Hourglass"},{"floor":24,"key":"Oddly Smooth Stone"},{"floor":26,"key":"Meat on the Bone"},{"floor":28,"key":"Old Coin"},{"floor":28,"key":"Shuriken"},{"floor":29,"key":"Omamori"},{"floor":36,"key":"Girya"},{"floor":41,"key":"Bag of Marbles"},{"floor":43,"key":"Ginger"},{"floor":48,"key":"Happy Flower"}],"event_choices":[{"damage_healed":0,"gold_gain":0,"player_choice":"Success","damage_taken":25,"relics_obtained":["Potion Belt"],"max_hp_gain":0,"max_hp_loss":0,"event_name":"Scrap Ooze","floor":5,"gold_loss":0},{"damage_healed":26,"gold_gain":0,"player_choice":"Banana","damage_taken":0,"max_hp_gain":0,"max_hp_loss":0,"event_name":"Big Fish","floor":11,"gold_loss":0},{"cards_removed":["Strike_B"],"damage_healed":0,"gold_gain":0,"player_choice":"Card Removal","damage_taken":0,"max_hp_gain":0,"max_hp_loss":0,"event_name":"The Cleric","floor":13,"gold_loss":50},{"cards_removed":["Strike_B"],"damage_healed":0,"gold_gain":0,"player_choice":"Purged","damage_taken":0,"max_hp_gain":0,"max_hp_loss":0,"event_name":"Purifier","floor":19,"gold_loss":0},{"damage_healed":0,"gold_gain":0,"player_choice":"Shed Blood","damage_taken":20,"max_hp_gain":5,"max_hp_loss":0,"event_name":"Forgotten Altar","floor":21,"gold_loss":0},{"damage_healed":0,"gold_gain":0,"player_choice":"Fight","damage_taken":0,"max_hp_gain":0,"max_hp_loss":0,"event_name":"Colosseum","floor":28,"gold_loss":0},{"damage_healed":0,"gold_gain":0,"player_choice":"Fought Nobs","damage_taken":0,"max_hp_gain":0,"max_hp_loss":0,"event_name":"Colosseum","floor":28,"gold_loss":0},{"damage_healed":0,"gold_gain":0,"player_choice":"Fight","damage_taken":0,"max_hp_gain":0,"max_hp_loss":0,"event_name":"MindBloom","floor":36,"gold_loss":0},{"damage_healed":0,"gold_gain":0,"player_choice":"Ignored","damage_taken":0,"max_hp_gain":0,"max_hp_loss":0,"event_name":"Tomb of Lord Red Mask","floor":37,"gold_loss":0},{"cards_removed":["Strike_B"],"damage_healed":0,"gold_gain":0,"player_choice":"Upgrade and Remove","damage_taken":0,"max_hp_gain":0,"max_hp_loss":0,"event_name":"Designer","floor":39,"gold_loss":90,"cards_upgraded":["Defend_B"]},{"damage_healed":0,"gold_gain":0,"player_choice":"Max HP","damage_taken":0,"max_hp_gain":0,"max_hp_loss":4,"event_name":"Winding Halls","floor":44,"gold_loss":0}],"is_beta":false,"boss_relics":[{"not_picked":["Coffee Dripper","Runic Dome"],"picked":"Cursed Key"},{"not_picked":["Orrery","Lizard Tail"],"picked":"Fusion Hammer"}],"items_purged_floors":[14,31],"is_endless":false,"potions_floor_spawned":[1,3,6,8,24,29,33,36,38,45,46],"killed_by":"Awakened One","ascension_level":4}