{"gold_per_floor":[117,117,132,132,145,145,188,188,256,52,52,75,75,93,93,219,219,237,152,170,170,3,3,42,66,66,66,97,109,135,160,172,287,299,328,640,665,677,689,701,713,725,737,767,793,577,577,577,577,577],"floor_reached":50,"playtime":1790,"items_purged":["Normality"],"score":503,"play_id":"1c108277-22ff-43cb-80d0-d1c96bb7aaa2","local_time":"20190601211410","is_ascension_mode":false,"campfire_choices":[{"data":"Juggernaut","floor":6.0,"key":"SMITH"},{"data":"Shrug It Off","floor":8.0,"key":"SMITH"},{"data":"Rage","floor":13.0,"key":"SMITH"},{"data":"Iron Wave","floor":15.0,"key":"SMITH"},{"data":"Shrug It Off","floor":23.0,"key":"SMITH"},{"data":"Bash","floor":32,"key":"SMITH"},{"floor":40,"key":"RECALL"},{"data":"Iron Wave","floor":42,"key":"SMITH"},{"data":"Flame Barrier","floor":47,"key":"SMITH"},{"data":"Evolve","floor":49,"key":"SMITH"}],"neow_cost":"NONE","seed_source_timestamp":120404387327580,"circlet_count":0,"master_deck":["Strike_R","Strike_R","Defend_R","Defend_R","Defend_R","Defend_R","Bash+1","Juggernaut+1","Rage+1","Shrug It Off+1","Iron Wave+1","Iron Wave+1","Shrug It Off+1","Writhe","Iron Wave+1","Entrench+1","Flame Barrier+1","Evolve+1"],"special_seed":0,"relics":["Burning Blood","Bloody Idol","Potion Belt","Gremlin Horn","Medical Kit","Cursed Key","Blood Vial","Tiny Chest","Vajra","Bottled Lightning","MawBank","Mark of Pain"],"potions_floor_usage":[],"damage_taken":[{"damage":0.0,"enemies":"Small Slimes","floor":1.0,"turns":3.0},{"damage":7.0,"enemies":"2 Louse","floor":3.0,"turns":2.0},{"damage":0.0,"enemies":"Jaw Worm","floor":5.0,"turns":5.0},{"damage":9.0,"enemies":"Lagavulin","floor":7.0,"turns":6.0},{"damage":8.0,"enemies":"Red Slaver","floor":12.0,"turns":3.0},{"damage":7.0,"enemies":"2 Fungi Beasts","floor":14.0,"turns":3.0},{"damage":35.0,"enemies":"Slime Boss","floor":16.0,"turns":11.0},{"damage":19.0,"enemies":"3 Byrds","floor":18.0,"turns":4.0},{"damage":13.0,"enemies":"2 Thieves","floor":20.0,"turns":3.0},{"damage":19.0,"enemies":"Book of Stabbing","floor":24.0,"turns":6.0},{"damage":0.0,"enemies":"Cultist and Chosen","floor":25.0,"turns":5.0},{"damage":21.0,"enemies":"Gremlin Leader","floor":28.0,"turns":7.0},{"damage":9,"enemies":"Centurion and Healer","floor":30,"turns":7},{"damage":3,"enemies":"Shelled Parasite and Fungi","floor":31,"turns":6},{"damage":50,"enemies":"Champ","floor":33,"turns":13},{"damage":10,"enemies":"Orb Walker","floor":35,"turns":4},{"damage":0,"enemies":"3 Shapes","floor":37,"turns":6},{"damage":23,"enemies":"Jaw Worm Horde","floor":44,"turns":5},{"damage":23,"enemies":"Sphere and 2 Shapes","floor":45,"turns":6},{"damage":70,"enemies":"Donu and Deca","floor":50,"turns":12}],"seed_played":"-7329148485320113768","potions_obtained":[{"floor":5.0,"key":"PowerPotion"},{"floor":7.0,"key":"SteroidPotion"},{"floor":12.0,"key":"SpeedPotion"},{"floor":14.0,"key":"SpeedPotion"},{"floor":20.0,"key":"Weak Potion"},{"floor":28.0,"key":"Explosive Potion"}],"is_trial":false,"path_per_floor":["M","?","M","?","M","R","E","R","T","$","?","M","R","M","R","B",null,"M","?","M","?","$","R","E","M","T","?","E","$","M","M","R","B",null,"M","?","M","?","$","R","?","R","T","M","M","$","R","?","R","B"],"character_chosen":"IRONCLAD","items_purchased":["Medical Kit","Tiny Chest","Shrug It Off","Flame Barrier","Evolve"],"campfire_rested":0,"item_purchase_floors":[10,22,22,46,46],"current_hp_per_floor":[80,60,59,52,58,58,55,55,55,55,55,53,53,52,52,23,80,67,67,62,62,62,62,51,59,59,59,51,56,65,80,80,41,80,80,80,80,80,80,80,80,80,80,68,63,68,68,68,68,0],"gold":577,"neow_bonus":"ONE_RANDOM_RARE_CARD","is_prod":false,"is_daily":false,"chose_seed":false,"campfire_upgraded":9,"win_rate":0,"timestamp":1559416450,"path_taken":["M","?","M","?","M","R","E","R","T","$","?","M","R","?","R","BOSS","M","?","M","?","$","R","E","?","T","?","E","$","M","M","R","BOSS","M","?","?","?","$","R","?","R","T","?","M","$","R","?","R","BOSS"],"build_version":"2019-01-23","purchased_purges":1,"victory":false,"max_hp_per_floor":[80,80,80,80,80,80,80,80,80,80,80,80,80,80,80,80,80,80,80,80,80,80,80,80,80,80,80,80,80,80,80,80,80,80,80,80,80,80,80,80,80,80,80,80,80,80,80,80,80,80],"card_choices":[{"not_picked":["Body Slam","Havoc","Thunderclap"],"picked":"SKIP","floor":1.0},{"not_picked":["Reckless Charge","Cleave"],"picked":"Rage","floor":3.0},{"not_picked":["Bloodletting","Heavy Blade"],"picked":"Shrug It Off","floor":5.0},{"not_picked":["Combust","Exhume","Anger"],"picked":"SKIP","floor":7.0},{"not_picked":["Intimidate","Wild Strike"],"picked":"Iron Wave","floor":12.0},{"not_picked":["Heavy Blade","Spot Weakness","Second Wind"],"picked":"SKIP","floor":14.0},{"not_picked":["Second Wind","Corruption","Wild Strike+1"],"picked":"SKIP","floor":18.0},{"not_picked":["Corruption+1","Intimidate","Blood for Blood"],"picked":"SKIP","floor":20.0},{"not_picked":["Cleave","Twin Strike+1","Perfected Strike"],"picked":"SKIP","floor":24.0},{"not_picked":["Intimidate","Reckless Charge","Infernal Blade"],"picked":"SKIP","floor":25.0},{"not_picked":["Sword Boomerang+1","Shrug It Off","Heavy Blade"],"picked":"SKIP","floor":28.0},{"not_picked":["Hemokinesis+1","Iron Wave","Ghostly Armor"],"picked":"SKIP","floor":30},{"not_picked":["Cleave+1","Havoc+1"],"picked":"Iron Wave+1","floor":31},{"not_picked":["Iron Wave","Armaments+1","Sword Boomerang+1"],"picked":"SKIP","floor":35},{"not_picked":["Anger","Sentinel+1","Shrug It Off+1"],"picked":"SKIP","floor":37},{"not_picked":["True Grit","Whirlwind","Flex"],"picked":"SKIP","floor":44},{"not_picked":["Pommel Strike","Fiend Fire"],"picked":"Entrench+1","floor":45}],"player_experience":107371,"relics_obtained":[{"floor":7.0,"key":"Potion Belt"},{"floor":9.0,"key":"Gremlin Horn"},{"floor":24.0,"key":"Vajra"},{"floor":26.0,"key":"Bottled Lightning"},{"floor":28.0,"key":"MawBank"}],"event_choices":[{"damage_healed":0.0,"max_hp_gain":0.0,"max_hp_loss":0.0,"gold_gain":0.0,"event_name":"Golden Idol","player_choice":"Take Damage","floor":2.0,"gold_loss":0.0,"damage_taken":20.0,"relics_obtained":["Golden Idol"]},{"cards_removed":["Strike_R"],"damage_healed":0.0,"max_hp_gain":0.0,"max_hp_loss":0.0,"gold_gain":0.0,"event_name":"Golden Wing","player_choice":"Card Removal","floor":4.0,"gold_loss":0.0,"damage_taken":7.0},{"cards_removed":["Strike_R"],"damage_healed":0.0,"max_hp_gain":0.0,"max_hp_loss":0.0,"gold_gain":0.0,"event_name":"Living Wall","player_choice":"Forget","floor":11.0,"gold_loss":0.0,"damage_taken":0.0},{"damage_healed":0.0,"max_hp_gain":0.0,"max_hp_loss":0.0,"gold_gain":0.0,"event_name":"Addict","player_choice":"Obtained Relic","floor":19.0,"gold_loss":85.0,"damage_taken":0.0,"relics_obtained":["Blood Vial"]},{"cards_removed":["Strike_R"],"damage_healed":0.0,"max_hp_gain":0.0,"max_hp_loss":0.0,"gold_gain":0.0,"event_name":"NoteForYourself","player_choice":"Took Card","floor":21.0,"gold_loss":0.0,"damage_taken":0.0,"cards_obtained":["Iron Wave"]},{"damage_healed":0.0,"max_hp_gain":0.0,"max_hp_loss":0.0,"gold_gain":0.0,"event_name":"Forgotten Altar","player_choice":"Gave Idol","floor":27.0,"relics_lost":["Golden Idol"],"gold_loss":0.0,"damage_taken":0.0,"relics_obtained":["Bloody Idol"]},{"damage_healed":0,"gold_gain":300,"player_choice":"Gold","damage_taken":0,"max_hp_gain":0,"max_hp_loss":0,"event_name":"Wheel of Change","floor":36,"gold_loss":0},{"damage_healed":0,"gold_gain":0,"player_choice":"Ignored","damage_taken":0,"max_hp_gain":0,"max_hp_loss":0,"event_name":"Tomb of Lord Red Mask","floor":38,"gold_loss":0},{"damage_healed":0,"gold_gain":0,"player_choice":"Ignored","damage_taken":0,"max_hp_gain":0,"max_hp_loss":0,"event_name":"SecretPortal","floor":41,"gold_loss":0},{"damage_healed":0,"gold_gain":0,"player_choice":"Memory 1","damage_taken":0,"max_hp_gain":0,"max_hp_loss":0,"event_name":"SensoryStone","floor":48,"gold_loss":0}],"is_beta":false,"boss_relics":[{"not_picked":["Orrery","Runic Pyramid"],"picked":"Cursed Key"},{"not_picked":["Calling Bell","Pandora\u0027s Box"],"picked":"Mark of Pain"}],"items_purged_floors":[46],"is_endless":false,"potions_floor_spawned":[5,7,12,14,20,28,31,35,44],"killed_by":"Donu and Deca","ascension_level":0}