{"gold_per_floor":[110,110,127,140,150,150,150,100,100,117,15,33,33,52,52,155,155,170,170,186,96,96,96,115,131,183,194,194,210,210,227,227,325,325,339,339,357,357,402,402,427,427,503,32,51,68,68,68,68,68],"floor_reached":51,"playtime":5744,"items_purged":["Strike_B","Defend_B"],"score":671,"play_id":"ec1949a2-5885-42d3-a8ef-8554f8a699eb","local_time":"20180923233217","is_ascension_mode":false,"campfire_choices":[{"data":"Redo","floor":6.0,"key":"SMITH"},{"floor":13.0,"key":"REST"},{"data":"Zap","floor":15.0,"key":"SMITH"},{"data":"Defragment","floor":23.0,"key":"SMITH"},{"data":"Echo Form","floor":28,"key":"SMITH"},{"floor":32,"key":"REST"},{"floor":40,"key":"REST"},{"floor":42,"key":"REST"},{"floor":47,"key":"REST"},{"floor":49,"key":"REST"}],"neow_cost":"NONE","seed_source_timestamp":0,"circlet_count":0,"master_deck":["Defend_B","Defend_B","Defend_B","Zap+1","Dualcast+1","Echo Form+1","Doom and Gloom","Leap","Redo+1","Ball Lightning","Doom and Gloom","Blizzard","Chill","Echo Form","Defragment+1","Conserve Battery+1","Melter","Cold Snap","Cold Snap+1","Barrage","Sweeping Beam","Buffer","Gash+1","Conserve Battery+1","Beam Cell+1","Conserve Battery+1","White Noise+1","Thunder Strike+1","Compile Driver+1","Consume","Leap+1","Madness","Madness"],"special_seed":0,"relics":["Cracked Core","FaceOfCleric","Anchor","Inserter","Omamori","MutagenicStrength","Fusion Hammer","Nunchaku","Du-Vu Doll","Meat on the Bone","Gremlin Horn","Molten Egg 2"],"potions_floor_usage":[33,33,41,50,50],"damage_taken":[{"damage":10.0,"enemies":"Small Slimes","floor":1.0,"turns":4.0},{"damage":0.0,"enemies":"Cultist","floor":3.0,"turns":3.0},{"damage":0.0,"enemies":"Jaw Worm","floor":4.0,"turns":4.0},{"damage":42.0,"enemies":"Gremlin Gang","floor":5.0,"turns":4.0},{"damage":2.0,"enemies":"3 Louse","floor":10.0,"turns":3.0},{"damage":0.0,"enemies":"2 Fungi Beasts","floor":12.0,"turns":2.0},{"damage":1.0,"enemies":"Large Slime","floor":14.0,"turns":4.0},{"damage":24.0,"enemies":"The Guardian","floor":16.0,"turns":9.0},{"damage":10.0,"enemies":"Chosen","floor":18.0,"turns":4.0},{"damage":9.0,"enemies":"3 Byrds","floor":20.0,"turns":4.0},{"damage":0.0,"enemies":"Shelled Parasite and Fungi","floor":24.0,"turns":6.0},{"damage":12,"enemies":"Snecko","floor":25,"turns":5},{"damage":0,"enemies":"Centurion and Healer","floor":27,"turns":6},{"damage":13,"enemies":"Snake Plant","floor":29,"turns":5},{"damage":16,"enemies":"Snecko","floor":31,"turns":6},{"damage":22,"enemies":"Champ","floor":33,"turns":8},{"damage":4,"enemies":"Orb Walker","floor":35,"turns":4},{"damage":7,"enemies":"3 Darklings","floor":37,"turns":5},{"damage":0,"enemies":"Mind Bloom Boss Battle","floor":38,"turns":6},{"damage":7,"enemies":"Mysterious Sphere","floor":39,"turns":5},{"damage":37,"enemies":"Nemesis","floor":41,"turns":7},{"damage":0,"enemies":"Transient","floor":45,"turns":5},{"damage":8,"enemies":"4 Shapes","floor":46,"turns":3},{"damage":86,"enemies":"Awakened One","floor":50,"turns":8}],"seed_played":"-5192570775544393293","potions_obtained":[{"floor":4.0,"key":"Energy Potion"},{"floor":12.0,"key":"Ancient Potion"},{"floor":16.0,"key":"Block Potion"},{"floor":29,"key":"Block Potion"},{"floor":31,"key":"Fire Potion"},{"floor":37,"key":"Ancient Potion"},{"floor":39,"key":"Block Potion"},{"floor":45,"key":"SkillPotion"}],"is_trial":false,"path_per_floor":["M","?","M","M","M","R","?","?","T","M","$","M","R","M","R","B",null,"M","?","M","?","?","R","M","M","T","M","R","M","?","M","R","B",null,"M","?","M","?","?","R","E","R","T","$","M","M","R","?","R","B"],"character_chosen":"DEFECT","items_purchased":["Barrage","Molten Egg 2","Thunder Strike+1","Compile Driver+1"],"campfire_rested":6,"item_purchase_floors":[11,44,44,44],"current_hp_per_floor":[65,65,66,67,26,26,26,26,26,25,25,26,50,50,50,27,82,73,73,65,65,49,49,50,39,39,40,40,28,28,13,41,20,95,92,92,86,87,81,99,63,93,93,93,94,87,102,89,102,29],"gold":68,"neow_bonus":"ONE_RANDOM_RARE_CARD","is_prod":false,"is_daily":false,"chose_seed":false,"campfire_upgraded":4,"win_rate":0.0,"timestamp":1537759937,"path_taken":["M","?","M","?","M","R","?","?","T","M","$","?","R","M","R","BOSS","M","?","?","?","?","R","M","M","T","?","R","M","?","M","R","BOSS","M","?","?","?","?","R","E","R","T","$","M","M","R","?","R","BOSS"],"build_version":"2018-09-20","purchased_purges":2,"victory":true,"max_hp_per_floor":[75,75,76,77,78,78,78,78,78,79,79,80,80,81,81,82,82,83,83,84,84,89,89,90,91,91,92,92,93,93,94,94,95,95,96,96,97,98,99,99,100,100,100,100,101,102,102,102,102,103],"card_choices":[{"not_picked":["Leap","Fusion"],"picked":"Doom and Gloom","floor":1.0},{"not_picked":["Rebound","Compile Driver"],"picked":"Leap","floor":3.0},{"not_picked":["Compile Driver","Streamline"],"picked":"Redo","floor":4.0},{"not_picked":["Steam","Streamline"],"picked":"Ball Lightning","floor":5.0},{"not_picked":["Fission","Aggregate"],"picked":"Doom and Gloom","floor":10.0},{"not_picked":["Gash","Streamline"],"picked":"Blizzard","floor":12.0},{"not_picked":["Sweeping Beam","Steam"],"picked":"Chill","floor":14.0},{"not_picked":["Reboot","All For One"],"picked":"Echo Form","floor":16.0},{"not_picked":["BootSequence","Scrape"],"picked":"Defragment","floor":18.0},{"not_picked":["Hologram","Beam Cell"],"picked":"Conserve Battery+1","floor":20.0},{"not_picked":["Ball Lightning","Skim"],"picked":"Melter","floor":24},{"not_picked":["Steam+1","Streamline"],"picked":"Cold Snap","floor":25},{"not_picked":["Sweeping Beam+1","Barrage"],"picked":"Cold Snap+1","floor":27},{"not_picked":["Streamline","Hologram"],"picked":"Barrage","floor":29},{"not_picked":["Cold Snap","Self Repair"],"picked":"Sweeping Beam","floor":31},{"not_picked":["Machine Learning","Creative AI"],"picked":"Buffer","floor":33},{"not_picked":["Scrape","Ball Lightning+1"],"picked":"Gash+1","floor":35},{"not_picked":["Leap+1","Go for the Eyes"],"picked":"Conserve Battery+1","floor":37},{"not_picked":["Auto Shields+1","All For One"],"picked":"Beam Cell+1","floor":38},{"not_picked":["Compile Driver","Ball Lightning+1"],"picked":"Conserve Battery+1","floor":39},{"not_picked":["Fission","Gash+1"],"picked":"White Noise+1","floor":41},{"not_picked":["Tempest+1","Force Field"],"picked":"Consume","floor":45},{"not_picked":["Auto Shields","Stack+1"],"picked":"Leap+1","floor":46}],"player_experience":130295,"relics_obtained":[{"floor":9.0,"key":"Anchor"},{"floor":26,"key":"Omamori"},{"floor":38,"key":"Nunchaku"},{"floor":39,"key":"Du-Vu Doll"},{"floor":41,"key":"Meat on the Bone"},{"floor":43,"key":"Gremlin Horn"}],"event_choices":[{"event_name":"FaceTrader","player_choice":"Trade","floor":2.0,"damage_taken":0.0},{"event_name":"Living Wall","player_choice":"Forget","floor":7.0,"damage_taken":0.0},{"event_name":"The Cleric","player_choice":"Card Removal","floor":8.0,"damage_taken":0.0},{"event_name":"Vampires","player_choice":"Ignored","floor":19.0,"damage_taken":0.0},{"event_name":"Designer","player_choice":"Full Service","floor":21.0,"damage_taken":0.0},{"event_name":"Forgotten Altar","player_choice":"Shed Blood","floor":22.0,"damage_taken":0.0},{"event_name":"Drug Dealer","player_choice":"Inject Mutagens","floor":30,"damage_taken":0},{"event_name":"Falling","player_choice":"Removed Attack","floor":36,"damage_taken":0},{"event_name":"MindBloom","player_choice":"Fight","floor":38,"damage_taken":0},{"event_name":"Mysterious Sphere","player_choice":"Fight","floor":39,"damage_taken":0},{"event_name":"Winding Halls","player_choice":"Embrace Madness","floor":48,"damage_taken":0}],"is_beta":false,"boss_relics":[{"not_picked":["Sozu","Velvet Choker"],"picked":"Inserter"},{"not_picked":["Calling Bell","Empty Cage"],"picked":"Fusion Hammer"}],"items_purged_floors":[11,44],"is_endless":false,"potions_floor_spawned":[4,12,16,20,29,31,37,39,45],"ascension_level":0}