{"gold_per_floor":[114,189,206,218,238,238,249,249,249,21,21,21,21,21,21,140,140,123,123,48,92,46,46,66,66,147,147,162,162,15,29,29,158,158,179,401,422,44,62,62,93,93,93,93,12,37,37,57,57,57],"floor_reached":50,"playtime":5786,"items_purged":["Defend_G","Strike_G","Defend_G"],"score":483,"play_id":"e8be7e68-4edf-4aff-a8ca-3662e962ea0e","local_time":"20190111211646","is_ascension_mode":false,"campfire_choices":[{"data":"Deadly Poison","floor":6,"key":"SMITH"},{"data":"Infinite Blades","floor":8,"key":"SMITH"},{"data":"Apotheosis","floor":15,"key":"SMITH"},{"data":"Deadly Poison","floor":23,"key":"SMITH"},{"floor":25,"key":"REST"},{"floor":27,"key":"REST"},{"floor":32,"key":"REST"},{"data":"Sadistic Nature","floor":40,"key":"SMITH"},{"floor":42,"key":"REST"},{"floor":49,"key":"REST"}],"neow_cost":"NONE","seed_source_timestamp":166866401669618,"circlet_count":0,"master_deck":["Defend_G","Defend_G","Defend_G","Strike_G","Strike_G","Strike_G","Survivor","Neutralize","Deadly Poison+1","Backflip","Deflect","Dagger Throw","Infinite Blades+1","Deadly Poison+1","Apotheosis+1","Acrobatics+1","Deadly Poison","Acrobatics","Footwork","Sadistic Nature+1","Deflect+1","Backstab","Madness","Madness","Noxious Fumes","Parasite","Outmaneuver+1","Deadly Poison+1"],"relics":["Ring of the Snake","Lantern","Golden Idol","Pantograph","Busted Crown","MutagenicStrength","Red Mask","Sundial","Enchiridion","Philosopher\u0027s Stone","Kunai","Molten Egg 2"],"potions_floor_usage":[48,48,48,50],"damage_taken":[{"damage":0,"enemies":"2 Louse","floor":1,"turns":3},{"damage":1,"enemies":"Jaw Worm","floor":3,"turns":5},{"damage":0,"enemies":"Cultist","floor":4,"turns":3},{"damage":2,"enemies":"3 Louse","floor":5,"turns":3},{"damage":5,"enemies":"Exordium Wildlife","floor":7,"turns":4},{"damage":24,"enemies":"The Guardian","floor":16,"turns":9},{"damage":13,"enemies":"2 Thieves","floor":18,"turns":4},{"damage":28,"enemies":"Masked Bandits","floor":21,"turns":5},{"damage":0,"enemies":"Chosen","floor":24,"turns":4},{"damage":6,"enemies":"Snecko","floor":28,"turns":4},{"damage":0,"enemies":"Sentry and Sphere","floor":31,"turns":3},{"damage":25,"enemies":"Automaton","floor":33,"turns":11},{"damage":0,"enemies":"3 Shapes","floor":35,"turns":5},{"damage":0,"enemies":"3 Darklings","floor":37,"turns":4},{"damage":10,"enemies":"Spire Growth","floor":39,"turns":4},{"damage":6,"enemies":"Nemesis","floor":41,"turns":5},{"damage":29,"enemies":"Writhing Mass","floor":46,"turns":4},{"damage":6,"enemies":"4 Shapes","floor":48,"turns":4},{"damage":82,"enemies":"Time Eater","floor":50,"turns":10}],"seed_played":"5246455933766231225","potions_obtained":[{"floor":5,"key":"Explosive Potion"},{"floor":7,"key":"Weak Potion"},{"floor":16,"key":"FearPotion"},{"floor":24,"key":"EntropicBrew"},{"floor":48,"key":"FairyPotion"}],"is_trial":false,"path_per_floor":["M","?","M","M","M","R","M","R","T","$","?","?","$","?","R","B",null,"M","?","$","?","$","R","M","R","T","R","M","?","$","M","R","B",null,"M","?","M","$","M","R","E","R","T","?","$","M","$","M","R","B"],"character_chosen":"THE_SILENT","items_purchased":["Deadly Poison","Apotheosis","Deadly Poison","Acrobatics","Footwork","Sadistic Nature","Noxious Fumes"],"campfire_rested":5,"item_purchase_floors":[10,10,22,30,38,38,45],"current_hp_per_floor":[70,59,58,58,56,56,51,51,51,51,51,48,48,48,48,41,65,52,52,52,24,24,24,24,43,43,62,56,40,40,40,59,40,65,65,65,65,65,55,55,49,65,65,57,57,28,28,22,41,0],"gold":57,"neow_bonus":"RANDOM_COMMON_RELIC","is_prod":false,"is_daily":false,"chose_seed":false,"campfire_upgraded":5,"win_rate":0.0,"timestamp":1547263006,"path_taken":["M","?","M","M","M","R","M","R","T","$","?","?","?","?","R","BOSS","M","?","$","?","?","R","?","R","T","R","M","?","$","M","R","BOSS","M","?","M","$","M","R","E","R","T","?","$","M","$","M","R","BOSS"],"build_version":"2019-01-10","purchased_purges":3,"victory":false,"max_hp_per_floor":[70,70,70,70,70,70,70,70,70,70,65,65,65,65,65,65,65,65,65,65,65,65,65,65,65,65,65,65,65,65,65,65,65,65,65,65,65,65,65,65,65,65,65,65,65,65,65,65,65,65],"card_choices":[{"not_picked":["Dagger Spray","Outmaneuver"],"picked":"Deadly Poison","floor":1},{"not_picked":["Deflect","Underhanded Strike"],"picked":"Backflip","floor":3},{"not_picked":["Dagger Throw","Dash"],"picked":"Deflect","floor":4},{"not_picked":["Sucker Punch","Doppelganger"],"picked":"Dagger Throw","floor":5},{"not_picked":["Blur","Crippling Poison"],"picked":"Infinite Blades","floor":7},{"not_picked":[],"picked":"Acrobatics+1","floor":18},{"not_picked":["Dagger Spray"],"picked":"SKIP","floor":24},{"not_picked":["Outmaneuver+1"],"picked":"SKIP","floor":28},{"not_picked":["Infinite Blades"],"picked":"SKIP","floor":31},{"not_picked":["Leg Sweep+1"],"picked":"SKIP","floor":35},{"not_picked":["Finisher"],"picked":"SKIP","floor":37},{"not_picked":[],"picked":"Deflect+1","floor":39},{"not_picked":[],"picked":"Backstab","floor":41},{"not_picked":[],"picked":"Outmaneuver+1","floor":46},{"not_picked":[],"picked":"Deadly Poison+1","floor":48}],"player_experience":61658,"relics_obtained":[{"floor":21,"key":"Red Mask"},{"floor":26,"key":"Sundial"},{"floor":29,"key":"Enchiridion"},{"floor":41,"key":"Kunai"},{"floor":43,"key":"Molten Egg 2"}],"event_choices":[{"damage_healed":0,"gold_gain":75,"player_choice":"Gather Gold","damage_taken":11,"max_hp_gain":0,"max_hp_loss":0,"event_name":"World of Goop","floor":2,"gold_loss":0},{"damage_healed":0,"gold_gain":0,"player_choice":"Lose Max HP","damage_taken":0,"relics_obtained":["Golden Idol"],"max_hp_gain":0,"max_hp_loss":5,"event_name":"Golden Idol","floor":11,"gold_loss":0},{"damage_healed":0,"gold_gain":0,"player_choice":"Success","damage_taken":3,"relics_obtained":["Pantograph"],"max_hp_gain":0,"max_hp_loss":0,"event_name":"Scrap Ooze","floor":12,"gold_loss":0},{"cards_removed":["Strike_G"],"damage_healed":0,"gold_gain":0,"player_choice":"Forget","damage_taken":0,"max_hp_gain":0,"max_hp_loss":0,"event_name":"Living Wall","floor":14,"gold_loss":0},{"damage_healed":0,"gold_gain":0,"player_choice":"Inject Mutagens","damage_taken":0,"relics_obtained":["MutagenicStrength"],"max_hp_gain":0,"max_hp_loss":0,"event_name":"Drug Dealer","floor":19,"gold_loss":0},{"damage_healed":0,"gold_gain":0,"player_choice":"Fought Bandits","damage_taken":0,"max_hp_gain":0,"max_hp_loss":0,"event_name":"Masked Bandits","floor":21,"gold_loss":0},{"damage_healed":0,"gold_gain":0,"player_choice":"Obtained Book","damage_taken":16,"max_hp_gain":0,"max_hp_loss":0,"event_name":"Cursed Tome","floor":29,"gold_loss":0},{"damage_healed":0,"gold_gain":222,"player_choice":"Wore Mask","damage_taken":0,"max_hp_gain":0,"max_hp_loss":0,"event_name":"Tomb of Lord Red Mask","floor":36,"gold_loss":0},{"damage_healed":0,"gold_gain":0,"player_choice":"Embrace Madness","damage_taken":8,"max_hp_gain":0,"max_hp_loss":0,"event_name":"Winding Halls","floor":44,"gold_loss":0,"cards_obtained":["Madness","Madness"]}],"is_beta":false,"boss_relics":[{"not_picked":["Runic Dome","Lizard Tail"],"picked":"Busted Crown"},{"not_picked":["Orrery","Black Star"],"picked":"Philosopher\u0027s Stone"}],"items_purged_floors":[20,30,38],"is_endless":false,"potions_floor_spawned":[5,7,16,24,28,33,37,41,48],"killed_by":"Time Eater","ascension_level":0}