{"gold_per_floor":[113,113,129,23,23,64,93,119,131,143,172,200,212,224,236,368,443,479,491,528,450,483,495,540,552,564,589,634,561,594,620,632,644],"floor_reached":33,"playtime":1175,"items_purged":[],"score":483,"play_id":"63faaac3-6d6f-4159-9f3c-521b42072fc6","local_time":"20190323211624","is_ascension_mode":true,"campfire_choices":[{"data":"Evolve","floor":10,"key":"SMITH"},{"data":"True Grit","floor":15,"key":"SMITH"},{"floor":23,"key":"REST"},{"data":"Feel No Pain","floor":25,"key":"SMITH"},{"data":"Body Slam","floor":32,"key":"SMITH"}],"neow_cost":"NONE","seed_source_timestamp":424162515406372,"circlet_count":0,"master_deck":["Strike_R","Strike_R+1","Strike_R","Strike_R+1","Defend_R","Defend_R+1","Defend_R","Defend_R","Bash","Evolve+1","Cleave","Wild Strike","Inflame","Power Through","Ghostly Armor","True Grit+1","Feel No Pain+1","Shockwave","Offering+1","Sword Boomerang","Seeing Red","Sentinel","Fiend Fire","True Grit+1","Offering","Sever Soul","Body Slam+1"],"relics":["Burning Blood","NeowsBlessing","MawBank","Question Card","Bag of Preparation","Golden Idol","Tiny House","Enchiridion","Vajra","Bottled Lightning","Kunai","Mango"],"potions_floor_usage":[12,20,24,24,27,33],"damage_taken":[{"damage":0,"enemies":"Small Slimes","floor":1,"turns":1},{"damage":0,"enemies":"Jaw Worm","floor":3,"turns":1},{"damage":0,"enemies":"Gremlin Nob","floor":6,"turns":1},{"damage":14,"enemies":"2 Louse","floor":7,"turns":2},{"damage":27,"enemies":"Exordium Wildlife","floor":8,"turns":7},{"damage":13,"enemies":"Red Slaver","floor":11,"turns":3},{"damage":3,"enemies":"Looter","floor":12,"turns":4},{"damage":32,"enemies":"Slime Boss","floor":16,"turns":11},{"damage":7,"enemies":"Chosen","floor":18,"turns":5},{"damage":34,"enemies":"Spheric Guardian","floor":20,"turns":5},{"damage":23,"enemies":"Shelled Parasite and Fungi","floor":22,"turns":11},{"damage":31,"enemies":"Gremlin Leader","floor":24,"turns":8},{"damage":13,"enemies":"Centurion and Healer","floor":27,"turns":6},{"damage":6,"enemies":"Book of Stabbing","floor":28,"turns":5},{"damage":14,"enemies":"Snecko","floor":30,"turns":3},{"damage":6,"enemies":"Cultist and Chosen","floor":31,"turns":5},{"damage":54,"enemies":"Collector","floor":33,"turns":7}],"seed_played":"6542695797594094215","potions_obtained":[{"floor":8,"key":"BloodPotion"},{"floor":11,"key":"BloodPotion"},{"floor":12,"key":"SteroidPotion"},{"floor":17,"key":"AttackPotion"},{"floor":22,"key":"Dexterity Potion"},{"floor":24,"key":"BloodPotion"},{"floor":28,"key":"Regen Potion"}],"is_trial":false,"path_per_floor":["M","?","M","$","?","E","M","M","T","R","M","M","?","?","R","B",null,"M","?","M","?","M","R","E","R","T","M","E","?","M","M","R","B"],"character_chosen":"IRONCLAD","items_purchased":["Wild Strike","Inflame"],"campfire_rested":1,"item_purchase_floors":[4,4],"current_hp_per_floor":[78,62,68,68,65,71,63,42,42,42,35,46,46,51,51,25,71,70,54,34,34,17,42,17,17,17,18,18,32,24,24,24,0],"gold":644,"neow_bonus":"THREE_ENEMY_KILL","is_prod":false,"is_daily":false,"chose_seed":false,"campfire_upgraded":4,"win_rate":0,"timestamp":1553343384,"path_taken":["M","?","M","$","?","E","M","M","T","R","?","M","?","?","R","BOSS","M","?","M","?","M","R","E","R","T","?","E","?","M","M","R","BOSS"],"build_version":"2019-01-23","purchased_purges":0,"victory":false,"max_hp_per_floor":[80,80,80,80,80,80,80,80,80,80,80,80,74,79,79,79,84,84,84,84,84,84,84,84,84,84,84,84,98,98,98,98,98],"card_choices":[{"not_picked":["Thunderclap","Cleave"],"picked":"Evolve","floor":1},{"not_picked":["Clash","Rage"],"picked":"Cleave","floor":3},{"not_picked":["Iron Wave","Sword Boomerang"],"picked":"Power Through","floor":6},{"not_picked":["Warcry","Rage","Metallicize"],"picked":"Ghostly Armor","floor":7},{"not_picked":["Fire Breathing","Perfected Strike","Thunderclap"],"picked":"True Grit","floor":8},{"not_picked":["Armaments","Clash","Body Slam"],"picked":"Feel No Pain","floor":11},{"not_picked":["Flex","True Grit","Pommel Strike"],"picked":"Shockwave","floor":12},{"not_picked":["Fiend Fire","Impervious","Bludgeon"],"picked":"Offering","floor":16},{"not_picked":["Fire Breathing","Cleave","True Grit"],"picked":"Sword Boomerang","floor":17},{"not_picked":["Infernal Blade","Twin Strike","Cleave+1"],"picked":"Seeing Red","floor":18},{"not_picked":["Twin Strike","Inflame","Havoc+1"],"picked":"Sentinel","floor":20},{"not_picked":["Evolve","Bloodletting","Sentinel","Rampage"],"picked":"SKIP","floor":22},{"not_picked":["Thunderclap","Bloodletting","Cleave+1"],"picked":"Fiend Fire","floor":24},{"not_picked":["Armaments","Evolve","Power Through"],"picked":"True Grit+1","floor":27},{"not_picked":["Warcry","Twin Strike","Flex"],"picked":"Offering","floor":28},{"not_picked":["Twin Strike","Sword Boomerang","Armaments+1"],"picked":"Sever Soul","floor":30},{"not_picked":["Burning Pact","Warcry","Sword Boomerang"],"picked":"Body Slam","floor":31}],"player_experience":385045,"relics_obtained":[{"floor":6,"key":"Question Card"},{"floor":9,"key":"Bag of Preparation"},{"floor":19,"key":"Enchiridion"},{"floor":24,"key":"Vajra"},{"floor":26,"key":"Bottled Lightning"},{"floor":28,"key":"Kunai"}],"event_choices":[{"damage_healed":0,"gold_gain":0,"player_choice":"Entered Light","damage_taken":16,"max_hp_gain":0,"max_hp_loss":0,"event_name":"Shining Light","floor":2,"gold_loss":0,"cards_upgraded":["Strike_R","Defend_R"]},{"damage_healed":0,"gold_gain":0,"player_choice":"Success","damage_taken":3,"relics_obtained":["MawBank"],"max_hp_gain":0,"max_hp_loss":0,"event_name":"Scrap Ooze","floor":5,"gold_loss":0},{"damage_healed":0,"gold_gain":0,"player_choice":"Lose Max HP","damage_taken":0,"relics_obtained":["Golden Idol"],"max_hp_gain":0,"max_hp_loss":6,"event_name":"Golden Idol","floor":13,"gold_loss":0},{"damage_healed":0,"gold_gain":0,"player_choice":"Donut","damage_taken":0,"max_hp_gain":5,"max_hp_loss":0,"event_name":"Big Fish","floor":14,"gold_loss":0},{"damage_healed":0,"gold_gain":0,"player_choice":"Obtained Book","damage_taken":16,"max_hp_gain":0,"max_hp_loss":0,"event_name":"Cursed Tome","floor":19,"gold_loss":0},{"cards_removed":["Strike_R"],"damage_healed":0,"gold_gain":0,"player_choice":"Upgrade and Remove","damage_taken":0,"max_hp_gain":0,"max_hp_loss":0,"event_name":"Designer","floor":21,"gold_loss":90,"cards_upgraded":["Strike_R"]},{"damage_healed":0,"gold_gain":0,"player_choice":"Obtained Relic","damage_taken":0,"relics_obtained":["Mango"],"max_hp_gain":0,"max_hp_loss":0,"event_name":"Addict","floor":29,"gold_loss":85}],"is_beta":false,"boss_relics":[{"not_picked":["White Beast Statue","Lizard Tail"],"picked":"Tiny House"}],"items_purged_floors":[],"is_endless":false,"potions_floor_spawned":[8,11,12,22,24,28],"killed_by":"Collector","ascension_level":7}