{"path_per_floor":["M","$","M","?","M","R","E","M","T","?","M","R","M","?","R"],"character_chosen":"DEFECT","items_purchased":["Leap"],"gold_per_floor":[216,95,110,185,203,203,235,253,253,253,272,272,286,286,286,286],"floor_reached":16,"campfire_rested":2,"playtime":880,"item_purchase_floors":[2],"current_hp_per_floor":[72,72,69,58,58,58,19,21,21,9,11,33,35,20,42,0],"items_purged":["Strike_B"],"gold":286,"score":102,"play_id":"a7d7f91a-138b-4df0-b79d-1835cf8fb6bd","local_time":"20180601163733","is_prod":false,"is_daily":false,"chose_seed":false,"is_ascension_mode":false,"campfire_upgraded":1,"win_rate":0.0,"timestamp":1527885453,"campfire_choices":[{"data":"Dualcast","floor":6,"key":"SMITH"},{"floor":12,"key":"REST"},{"floor":15,"key":"REST"}],"path_taken":["M","$","M","?","M","R","E","?","T","?","M","R","M","?","R","BOSS"],"build_version":"2018-05-31","seed_source_timestamp":2411323231236412,"purchased_purges":1,"victory":false,"master_deck":["Strike_B","Strike_B","Strike_B","Defend_B","Defend_B","Defend_B","Defend_B","Zap","Dualcast+1","Leap+1","Leap","Steam","Conserve Battery+1","Go for the Eyes","Sweeping Beam","Multi-Cast","Double Energy"],"max_hp_per_floor":[75,75,75,75,75,75,75,75,75,75,75,75,75,75,75,75],"relics":["Cracked Core","Blood Vial","Potion Belt"],"card_choices":[{"not_picked":["Steam","Redo"],"picked":"Leap","floor":1},{"not_picked":["Barrage","Reprogram"],"picked":"Steam","floor":3},{"not_picked":["Barrage","Cold Snap"],"picked":"Conserve Battery","floor":5},{"not_picked":["Scrape","Steam"],"picked":"Go for the Eyes","floor":7},{"not_picked":["Melter","Stack"],"picked":"Sweeping Beam","floor":8},{"not_picked":["BootSequence","Static Discharge"],"picked":"Multi-Cast","floor":11},{"not_picked":["Streamline","Stack"],"picked":"Double Energy","floor":13}],"player_experience":122875,"potions_floor_usage":[16],"damage_taken":[{"damage":3,"enemies":"Jaw Worm","floor":1,"turns":4},{"damage":3,"enemies":"Small Slimes","floor":3,"turns":3},{"damage":0,"enemies":"Cultist","floor":5,"turns":3},{"damage":39,"enemies":"Gremlin Nob","floor":7,"turns":6},{"damage":0,"enemies":"Large Slime","floor":8,"turns":8},{"damage":0,"enemies":"Looter","floor":11,"turns":3},{"damage":0,"enemies":"3 Louse","floor":13,"turns":2},{"damage":46,"enemies":"Slime Boss","floor":16,"turns":7}],"relics_obtained":[{"floor":7,"key":"Blood Vial"},{"floor":9,"key":"Potion Belt"}],"event_choices":[{"event_name":"World of Goop","player_choice":"Gather Gold","floor":4,"damage_taken":0},{"event_name":"Scrap Ooze","player_choice":"unsuccessful","floor":10,"damage_taken":12},{"event_name":"Shining Light","player_choice":"Entered Light","floor":14,"damage_taken":0}],"boss_relics":[],"items_purged_floors":[2],"potions_floor_spawned":[3],"seed_played":"3046857627301597566","killed_by":"Slime Boss","ascension_level":0,"potions_obtained":[{"floor":3,"key":"Weak Potion"}],"is_trial":false}