{"gold_per_floor":[116,134,153,168,168,168,168,186,186,186,214,34,44,58,58,58],"floor_reached":16,"playtime":507,"items_purged":[],"score":182,"play_id":"2becc961-d138-4492-9d56-e54d0ebddf26","local_time":"20190406234704","is_ascension_mode":true,"campfire_choices":[{"data":"Armaments","floor":6,"key":"SMITH"},{"floor":10,"key":"REST"},{"data":"Shockwave","floor":15,"key":"SMITH"}],"neow_cost":"NONE","seed_source_timestamp":4775331442786,"circlet_count":0,"master_deck":["AscendersBane","Strike_R","Strike_R","Strike_R","Strike_R","Strike_R","Defend_R","Defend_R","Defend_R+1","Defend_R","Bash+1","Wild Strike","Second Wind","Armaments+1","Inflame","Evolve","Shockwave+1","Offering","Metallicize","Whirlwind"],"relics":["Burning Blood","Centennial Puzzle","The Courier","Unceasing Top","Nunchaku"],"potions_floor_usage":[16,16],"damage_taken":[{"damage":11,"enemies":"Cultist","floor":1,"turns":4},{"damage":12,"enemies":"Jaw Worm","floor":2,"turns":3},{"damage":12,"enemies":"Small Slimes","floor":3,"turns":3},{"damage":11,"enemies":"Blue Slaver","floor":4,"turns":4},{"damage":10,"enemies":"Exordium Thugs","floor":8,"turns":5},{"damage":27,"enemies":"Lagavulin","floor":11,"turns":6},{"damage":8,"enemies":"Large Slime","floor":13,"turns":8},{"damage":8,"enemies":"Blue Slaver","floor":14,"turns":3},{"damage":15,"enemies":"Hexaghost","floor":16,"turns":9}],"seed_played":"-4499525394388785021","potions_obtained":[{"floor":2,"key":"SkillPotion"},{"floor":11,"key":"Poison Potion"}],"is_trial":false,"path_per_floor":["M","M","M","M","?","R","?","M","T","R","E","$","M","M","R","B"],"character_chosen":"IRONCLAD","items_purchased":["Shockwave","Offering"],"campfire_rested":1,"item_purchase_floors":[12,12],"current_hp_per_floor":[63,57,51,46,23,23,18,14,14,36,15,15,13,11,11,0],"gold":58,"neow_bonus":"RANDOM_COMMON_RELIC","is_prod":false,"is_daily":false,"chose_seed":false,"campfire_upgraded":2,"win_rate":0,"timestamp":1554562024,"path_taken":["M","M","M","?","?","R","?","M","T","R","E","$","M","M","R","BOSS"],"build_version":"2019-01-23","purchased_purges":0,"victory":false,"max_hp_per_floor":[75,75,75,75,75,75,75,75,75,75,75,75,75,75,75,75],"card_choices":[{"not_picked":["Thunderclap","Havoc"],"picked":"Wild Strike","floor":1},{"not_picked":["Warcry","Thunderclap"],"picked":"Second Wind","floor":2},{"not_picked":["Flex","Wild Strike"],"picked":"Armaments","floor":3},{"not_picked":["Armaments","Warcry","Clash"],"picked":"SKIP","floor":4},{"not_picked":["Double Tap","Clothesline"],"picked":"Inflame","floor":8},{"not_picked":["Thunderclap","Iron Wave"],"picked":"Evolve","floor":11},{"not_picked":["Thunderclap","Anger"],"picked":"Metallicize","floor":13},{"not_picked":["Hemokinesis","Feed"],"picked":"Whirlwind","floor":14}],"player_experience":431572,"relics_obtained":[{"floor":9,"key":"Unceasing Top"},{"floor":11,"key":"Nunchaku"}],"event_choices":[{"damage_healed":0,"gold_gain":0,"player_choice":"Entered Light","damage_taken":23,"max_hp_gain":0,"max_hp_loss":0,"event_name":"Shining Light","floor":5,"gold_loss":0,"cards_upgraded":["Defend_R","Bash"]},{"damage_healed":0,"gold_gain":0,"player_choice":"Success","damage_taken":5,"relics_obtained":["The Courier"],"max_hp_gain":0,"max_hp_loss":0,"event_name":"Scrap Ooze","floor":7,"gold_loss":0}],"is_beta":false,"boss_relics":[],"items_purged_floors":[],"is_endless":false,"potions_floor_spawned":[2,11,14],"killed_by":"Hexaghost","ascension_level":15}