{"gold_per_floor":[110,70,87,102,102,127,144,144,144,144,144,144,144,144,144,144],"floor_reached":16,"playtime":267,"items_purged":[],"score":104,"play_id":"01a34f05-d82a-4ec9-99b2-be7ca77919b8","local_time":"20190531135731","is_ascension_mode":false,"campfire_choices":[{"floor":8,"key":"REST"},{"data":"Pommel Strike","floor":10,"key":"SMITH"},{"floor":15,"key":"RECALL"}],"neow_cost":"NONE","seed_source_timestamp":0,"circlet_count":0,"master_deck":["Strike_R","Strike_R","Strike_R","Strike_R","Strike_R+1","Defend_R","Defend_R","Defend_R","Defend_R","Bash+1","Pommel Strike+1","Disarm"],"special_seed":0,"relics":["Burning Blood","NeowsBlessing","Bird Faced Urn","keyreminder:keyreminder"],"potions_floor_usage":[],"damage_taken":[{"damage":0.0,"enemies":"Cultist","floor":1.0,"turns":1.0},{"damage":0.0,"enemies":"Small Slimes","floor":3.0,"turns":1.0},{"damage":0.0,"enemies":"2 Louse","floor":4.0,"turns":2.0},{"damage":34.0,"enemies":"Gremlin Nob","floor":6.0,"turns":5.0},{"damage":11.0,"enemies":"Lots of Slimes","floor":7.0,"turns":4.0},{"damage":19,"enemies":"Blue Slaver","floor":11,"turns":3},{"damage":8,"enemies":"Large Slime","floor":13,"turns":6},{"damage":17,"enemies":"Red Slaver","floor":14,"turns":3},{"damage":30,"enemies":"The Guardian","floor":16,"turns":2}],"seed_played":"7510211409224542171","potions_obtained":[{"floor":3.0,"key":"Weak Potion"},{"floor":6.0,"key":"Poison Potion"},{"floor":7,"key":"Dexterity Potion"}],"is_trial":false,"path_per_floor":["M","$","M","M","?","E","M","R","T","R","M","?","M","M","R","B"],"character_chosen":"IRONCLAD","items_purchased":["Disarm"],"campfire_rested":1,"item_purchase_floors":[2],"current_hp_per_floor":[80,80,80,80,64,36,31,55,55,55,42,42,40,29,29,0],"gold":144,"neow_bonus":"THREE_ENEMY_KILL","is_prod":false,"is_daily":false,"chose_seed":false,"campfire_upgraded":1,"win_rate":0,"timestamp":1559303851,"path_taken":["M","$","M","?","?","E","M","R","T","R","M","?","M","M","R","BOSS"],"build_version":"2019-01-23","purchased_purges":0,"victory":false,"max_hp_per_floor":[80,80,80,80,80,80,80,80,80,80,80,80,80,80,80,80],"card_choices":[{"not_picked":["Flex","Clash"],"picked":"Pommel Strike","floor":1.0},{"not_picked":["Clothesline","Pommel Strike","Reaper"],"picked":"SKIP","floor":3.0},{"not_picked":["Second Wind","Pommel Strike","Hemokinesis"],"picked":"SKIP","floor":4.0},{"not_picked":["Uppercut","Immolate","Rage"],"picked":"SKIP","floor":6.0},{"not_picked":["Uppercut","Immolate","Rage"],"picked":"SKIP","floor":6.0},{"not_picked":["Havoc","Clothesline","Heavy Blade"],"picked":"SKIP","floor":7},{"not_picked":["Havoc","Clothesline","Heavy Blade"],"picked":"SKIP","floor":7},{"not_picked":["Body Slam","Anger","Warcry"],"picked":"SKIP","floor":11},{"not_picked":["Reckless Charge","Hemokinesis","Clothesline"],"picked":"SKIP","floor":13},{"not_picked":["Armaments","Perfected Strike","Feel No Pain"],"picked":"SKIP","floor":14}],"player_experience":99935,"relics_obtained":[{"floor":6.0,"key":"Bird Faced Urn"}],"event_choices":[{"damage_healed":0.0,"max_hp_gain":0.0,"max_hp_loss":0.0,"gold_gain":0.0,"event_name":"Shining Light","player_choice":"Entered Light","floor":5.0,"gold_loss":0.0,"damage_taken":16.0,"cards_upgraded":["Bash","Strike_R"]},{"damage_healed":0,"gold_gain":0,"player_choice":"Ignored","damage_taken":0,"max_hp_gain":0,"max_hp_loss":0,"event_name":"Purifier","floor":12,"gold_loss":0}],"is_beta":false,"boss_relics":[],"items_purged_floors":[],"is_endless":false,"potions_floor_spawned":[3,6,7,13],"killed_by":"The Guardian","ascension_level":0}