{"gold_per_floor":[113,140,140,151,162,193,208,208,208,232,20,36,211,228,228,323,323,339,350,74,74],"floor_reached":21,"playtime":1584,"items_purged":["Strike_R"],"score":181,"play_id":"fab84491-d579-4e4e-9d96-d9fcfe1849b6","local_time":"20190223134646","is_ascension_mode":false,"campfire_choices":[{"floor":8,"key":"REST"},{"data":"Metamorphosis","floor":15,"key":"SMITH"}],"neow_cost":"NONE","seed_source_timestamp":923363940836954,"circlet_count":0,"master_deck":["Strike_R+1","Strike_R","Strike_R","Strike_R","Defend_R+1","Defend_R","Defend_R","Defend_R","Bash","Carnage","Combust","Rage","Flame Barrier","Shrug It Off","Ghostly Armor","Ghostly Armor","Metamorphosis+1","Heavy Blade","Doubt","Body Slam","Demon Form","Inflame","Wild Strike+1","Reaper","Rupture","Disarm"],"relics":["Burning Blood","Boot","Matryoshka","Centennial Puzzle","Smiling Mask","Odd Mushroom","Runic Cube"],"potions_floor_usage":[6,16,16],"damage_taken":[{"damage":1,"enemies":"Cultist","floor":1,"turns":3},{"damage":0,"enemies":"2 Louse","floor":4,"turns":2},{"damage":1,"enemies":"Small Slimes","floor":5,"turns":2},{"damage":24,"enemies":"Lagavulin","floor":6,"turns":6},{"damage":5,"enemies":"2 Fungi Beasts","floor":7,"turns":4},{"damage":17,"enemies":"The Mushroom Lair","floor":10,"turns":4},{"damage":5,"enemies":"Blue Slaver","floor":12,"turns":5},{"damage":9,"enemies":"3 Louse","floor":14,"turns":3},{"damage":31,"enemies":"The Guardian","floor":16,"turns":13},{"damage":26,"enemies":"Shell Parasite","floor":18,"turns":6},{"damage":22,"enemies":"3 Byrds","floor":19,"turns":4},{"damage":43,"enemies":"Centurion and Healer","floor":21,"turns":6}],"seed_played":"-4381889048655516601","potions_obtained":[{"floor":4,"key":"SpeedPotion"},{"floor":12,"key":"EssenceOfSteel"},{"floor":14,"key":"Fire Potion"},{"floor":16,"key":"Weak Potion"},{"floor":18,"key":"SkillPotion"}],"is_trial":false,"path_per_floor":["T","?","?","?"],"character_chosen":"IRONCLAD","items_purchased":["Metamorphosis","Reaper","Rupture","Disarm"],"campfire_rested":1,"item_purchase_floors":[11,20,20,20],"current_hp_per_floor":[80,80,64,70,75,57,58,80,80,69,69,70,70,67,67,42,80,60,44,44,1],"gold":74,"neow_bonus":"THREE_CARDS","is_prod":false,"is_daily":false,"chose_seed":false,"campfire_upgraded":1,"win_rate":0.0,"timestamp":1550947606,"path_taken":["M","?","?","M","M","E","M","R","T","?","$","M","?","M","R","BOSS","M","M","$","M"],"build_version":"2019-01-23","purchased_purges":1,"victory":false,"max_hp_per_floor":[80,80,80,80,80,80,80,80,80,80,80,80,80,80,80,80,80,80,80,80,80],"card_choices":[{"not_picked":["Warcry","Rage"],"picked":"Carnage","floor":0},{"not_picked":["Thunderclap","Warcry"],"picked":"Combust","floor":1},{"not_picked":["Pommel Strike","Iron Wave"],"picked":"Rage","floor":4},{"not_picked":["Power Through","Havoc"],"picked":"Flame Barrier","floor":5},{"not_picked":["Wild Strike","Clothesline"],"picked":"Shrug It Off","floor":6},{"not_picked":["Body Slam","Power Through"],"picked":"Ghostly Armor","floor":7},{"not_picked":["Entrench","Warcry"],"picked":"Ghostly Armor","floor":10},{"not_picked":["Perfected Strike","Ghostly Armor"],"picked":"Heavy Blade","floor":12},{"not_picked":["Second Wind","Iron Wave"],"picked":"Body Slam","floor":14},{"not_picked":["Juggernaut","Feed"],"picked":"Demon Form","floor":16},{"not_picked":["Body Slam","Corruption"],"picked":"Inflame","floor":18},{"not_picked":["Havoc+1","Intimidate"],"picked":"Wild Strike+1","floor":19}],"player_experience":176434,"relics_obtained":[{"floor":2,"key":"Boot"},{"floor":6,"key":"Matryoshka"},{"floor":9,"key":"Centennial Puzzle"},{"floor":9,"key":"Smiling Mask"},{"floor":10,"key":"Odd Mushroom"}],"event_choices":[{"damage_healed":0,"gold_gain":0,"player_choice":"Entered Light","damage_taken":16,"max_hp_gain":0,"max_hp_loss":0,"event_name":"Shining Light","floor":3,"gold_loss":0,"cards_upgraded":["Strike_R","Defend_R"]},{"damage_healed":0,"gold_gain":0,"player_choice":"Fought Mushrooms","damage_taken":0,"max_hp_gain":0,"max_hp_loss":0,"event_name":"Mushrooms","floor":10,"gold_loss":0},{"damage_healed":0,"gold_gain":175,"player_choice":"AGREE","damage_taken":0,"max_hp_gain":0,"max_hp_loss":0,"event_name":"Liars Game","floor":13,"gold_loss":0,"cards_obtained":["Doubt"]}],"is_beta":false,"boss_relics":[{"not_picked":["Ectoplasm","Eternal Feather"],"picked":"Runic Cube"}],"items_purged_floors":[11],"is_endless":false,"potions_floor_spawned":[4,12,14,16,18],"killed_by":"Centurion and Healer","ascension_level":0}