{"gold_per_floor":[118,131,131,148,98,98,98,118,118,118,148,148,148,168,168,267,267,286,299,299],"floor_reached":20,"playtime":1637,"items_purged":[],"score":174,"play_id":"a63c1173-289a-458d-9f66-1966fea12639","local_time":"20190127142759","is_ascension_mode":false,"campfire_choices":[{"data":"FTL","floor":6,"key":"SMITH"},{"data":"Strike_B","floor":10,"key":"PURGE"},{"floor":13,"key":"REST"},{"data":"Strike_B","floor":15,"key":"PURGE"}],"neow_cost":"NONE","seed_source_timestamp":1528949092143342,"circlet_count":0,"master_deck":["Strike_B","Defend_B","Defend_B","Defend_B","Defend_B","Zap+1","Dualcast","Compile Driver","Heatsinks","FTL+1","Defragment","White Noise","Ball Lightning+1","Creative AI+1","Ball Lightning+1","Hologram"],"relics":["Cracked Core","NeowsBlessing","Peace Pipe","Frozen Egg 2","Molten Egg 2","Sundial","Inserter"],"potions_floor_usage":[16,16],"damage_taken":[{"damage":0,"enemies":"Small Slimes","floor":1,"turns":1},{"damage":0,"enemies":"Cultist","floor":2,"turns":1},{"damage":0,"enemies":"2 Louse","floor":4,"turns":1},{"damage":2,"enemies":"Blue Slaver","floor":8,"turns":4},{"damage":34,"enemies":"3 Sentries","floor":11,"turns":9},{"damage":12,"enemies":"Large Slime","floor":14,"turns":5},{"damage":17,"enemies":"Hexaghost","floor":16,"turns":7},{"damage":34,"enemies":"3 Byrds","floor":18,"turns":5},{"damage":20,"enemies":"Shell Parasite","floor":19,"turns":4},{"damage":25,"enemies":"Shelled Parasite and Fungi","floor":20,"turns":3}],"seed_played":"21493116220273745","potions_obtained":[{"floor":2,"key":"Swift Potion"},{"floor":4,"key":"Regen Potion"},{"floor":8,"key":"Dexterity Potion"},{"floor":19,"key":"Explosive Potion"}],"is_trial":false,"path_per_floor":["M","M","?","M","?","R","?","M","T","R","E","T","R","M","R","B",null,"M","M","M"],"character_chosen":"DEFECT","items_purchased":[],"campfire_rested":1,"item_purchase_floors":[],"current_hp_per_floor":[75,75,75,75,75,75,68,66,66,66,32,32,54,42,42,40,75,41,21,0],"gold":299,"neow_bonus":"THREE_ENEMY_KILL","is_prod":false,"is_daily":false,"chose_seed":false,"campfire_upgraded":1,"win_rate":0,"timestamp":1548620879,"path_taken":["M","M","?","?","?","R","?","M","T","R","E","?","R","M","R","BOSS","M","M","M"],"build_version":"2019-01-23","purchased_purges":0,"victory":false,"max_hp_per_floor":[75,75,75,75,75,75,75,75,75,75,75,75,75,75,75,75,75,75,75,75],"card_choices":[{"not_picked":["Rebound","Sunder"],"picked":"Compile Driver","floor":1},{"not_picked":["Steam","Stack"],"picked":"Heatsinks","floor":2},{"not_picked":["Ball Lightning","Streamline"],"picked":"FTL","floor":4},{"not_picked":["Sweeping Beam","BootSequence"],"picked":"Defragment","floor":8},{"not_picked":["Turbo","Aggregate"],"picked":"White Noise","floor":11},{"not_picked":["Redo","Cold Snap+1"],"picked":"Ball Lightning+1","floor":14},{"not_picked":["Rainbow","Seek"],"picked":"Creative AI+1","floor":16},{"not_picked":["Cold Snap+1","Capacitor+1"],"picked":"Ball Lightning+1","floor":18},{"not_picked":["Double Energy+1","Recycle"],"picked":"Hologram","floor":19}],"player_experience":131002,"relics_obtained":[{"floor":9,"key":"Frozen Egg 2"},{"floor":11,"key":"Molten Egg 2"},{"floor":12,"key":"Sundial"}],"event_choices":[{"damage_healed":0,"gold_gain":0,"player_choice":"Forge","damage_taken":0,"max_hp_gain":0,"max_hp_loss":0,"event_name":"Accursed Blacksmith","floor":3,"gold_loss":0,"cards_upgraded":["Zap"]},{"cards_removed":["Strike_B"],"damage_healed":0,"gold_gain":0,"player_choice":"Card Removal","damage_taken":0,"max_hp_gain":0,"max_hp_loss":0,"event_name":"The Cleric","floor":5,"gold_loss":50},{"damage_healed":0,"gold_gain":0,"player_choice":"Success","damage_taken":7,"relics_obtained":["Peace Pipe"],"max_hp_gain":0,"max_hp_loss":0,"event_name":"Scrap Ooze","floor":7,"gold_loss":0}],"is_beta":false,"boss_relics":[{"not_picked":["Runic Pyramid","Pandora\u0027s Box"],"picked":"Inserter"}],"items_purged_floors":[],"is_endless":false,"potions_floor_spawned":[2,4,8,19],"killed_by":"Shelled Parasite and Fungi","ascension_level":0}