{"gold_per_floor":[119,79,6,6,6,32,32,49,94,19,49,49,69,83,83,187,187,207,227,240,140,140,140,140,140,218,228,248,262,262,275,275,373,373,385,1384,1384,1384,968,1003,1017,1017,1017,1051,1081,596,607,268,268,268,268,268,15,50,50],"floor_reached":56,"playtime":2814,"items_purged":["Regret","Strike_B","Strike_B","Strike_B","Strike_B"],"score":1338,"play_id":"820223b2-4064-40c0-b739-7d107ae68a69","local_time":"20190429143220","is_ascension_mode":true,"campfire_choices":[{"data":"Rainbow","floor":12.0,"key":"SMITH"},{"data":"Consume","floor":15.0,"key":"SMITH"},{"floor":23.0,"key":"RECALL"},{"data":"Buffer","floor":25.0,"key":"SMITH"},{"data":"Static Discharge","floor":30.0,"key":"SMITH"},{"data":"Loop","floor":32.0,"key":"SMITH"},{"data":"Defragment","floor":42.0,"key":"SMITH"},{"data":"Static Discharge","floor":49.0,"key":"SMITH"},{"data":"Force Field","floor":52.0,"key":"SMITH"}],"neow_cost":"NONE","seed_source_timestamp":335092433035800,"circlet_count":0,"master_deck":["Defend_B","Defend_B","Defend_B","Defend_B","Zap","Dualcast","Defragment+1","Capacitor","Ball Lightning","Consume+1","Rainbow+1","Self Repair","Buffer+1","Force Field+1","Loop+1","Capacitor+1","Undo","Ball Lightning+1","Defragment","Static Discharge+1","Creative AI","Turbo+1","Force Field+1","Cold Snap+1","Static Discharge+1","Heatsinks+1","Glacier+1","Core Surge"],"special_seed":0,"relics":["Cracked Core","NeowsBlessing","Vajra","Strawberry","Dodecahedron","Sundial","Snecko Eye","Pear","Lizard Tail","Calipers","Mummified Hand","Mercury Hourglass","MawBank","Toy Ornithopter","Medical Kit","Pocketwatch"],"potions_floor_usage":[55,55,55],"damage_taken":[{"damage":0.0,"enemies":"Jaw Worm","floor":1.0,"turns":1.0},{"damage":0.0,"enemies":"Gremlin Nob","floor":6.0,"turns":1.0},{"damage":0.0,"enemies":"Cultist","floor":8.0,"turns":1.0},{"damage":26.0,"enemies":"Lagavulin","floor":11.0,"turns":5.0},{"damage":7.0,"enemies":"Small Slimes","floor":13.0,"turns":3.0},{"damage":1.0,"enemies":"2 Fungi Beasts","floor":14.0,"turns":5.0},{"damage":9.0,"enemies":"The Guardian","floor":16.0,"turns":9.0},{"damage":5.0,"enemies":"Shell Parasite","floor":18.0,"turns":5.0},{"damage":0.0,"enemies":"Spheric Guardian","floor":19.0,"turns":5.0},{"damage":14.0,"enemies":"Snake Plant","floor":20.0,"turns":3.0},{"damage":6.0,"enemies":"Shelled Parasite and Fungi","floor":27.0,"turns":6.0},{"damage":19.0,"enemies":"Sentry and Sphere","floor":28.0,"turns":4.0},{"damage":7.0,"enemies":"Centurion and Healer","floor":29.0,"turns":7.0},{"damage":29.0,"enemies":"Shelled Parasite and Fungi","floor":31.0,"turns":7.0},{"damage":14.0,"enemies":"Automaton","floor":33.0,"turns":6.0},{"damage":26.0,"enemies":"3 Darklings","floor":35.0,"turns":5.0},{"damage":0.0,"enemies":"Giant Head","floor":40.0,"turns":8.0},{"damage":0.0,"enemies":"Orb Walker","floor":41.0,"turns":4.0},{"damage":34.0,"enemies":"Nemesis","floor":44.0,"turns":7.0},{"damage":9.0,"enemies":"3 Darklings","floor":45.0,"turns":4.0},{"damage":0.0,"enemies":"Writhing Mass","floor":47.0,"turns":5.0},{"damage":14.0,"enemies":"Time Eater","floor":50.0,"turns":7.0},{"damage":5.0,"enemies":"Shield and Spear","floor":54.0,"turns":7.0},{"damage":8,"enemies":"The Heart","floor":55,"turns":11}],"seed_played":"-1036622594249589905","potions_obtained":[{"floor":2.0,"key":"SteroidPotion"},{"floor":2.0,"key":"AttackPotion"},{"floor":2.0,"key":"PowerPotion"},{"floor":11.0,"key":"AttackPotion"},{"floor":18.0,"key":"SpeedPotion"},{"floor":28.0,"key":"Fire Potion"},{"floor":33.0,"key":"Weak Potion"},{"floor":45.0,"key":"Regen Potion"}],"is_trial":false,"path_per_floor":["M","?","$","?","?","E","$","M","T","$","E","R","M","M","R","B",null,"M","M","M","$","?","R","?","R","T","M","M","M","R","M","R","B",null,"M","?","?","?","$","E","M","R","T","E","M","$","M","$","R","B",null,"R","$","E","B",null],"character_chosen":"DEFECT","items_purchased":["Capacitor","Calipers","Toy Ornithopter","FocusPotion","Ancient Potion","Medical Kit","Core Surge","Regen Potion"],"campfire_rested":0,"item_purchase_floors":[3,39,46,46,46,48,48,53],"current_hp_per_floor":[75,75,75,75,75,75,75,75,75,75,49,49,42,48,48,46,82,82,82,75,75,75,75,75,75,85,86,74,74,74,52,52,45,92,73,73,73,73,73,80,87,87,87,60,58,58,82,82,82,75,92,92,92,92,92],"gold":50,"neow_bonus":"THREE_ENEMY_KILL","is_prod":false,"is_daily":false,"chose_seed":false,"campfire_upgraded":8,"win_rate":0,"timestamp":1556562740,"path_taken":["M","?","?","?","?","E","$","M","T","$","E","R","?","M","R","BOSS","M","?","M","$","?","R","?","R","T","M","M","M","R","M","R","BOSS","M","?","?","?","$","E","M","R","T","E","?","$","M","$","R","BOSS","R","$","E","BOSS"],"build_version":"2019-01-23","purchased_purges":5,"victory":true,"max_hp_per_floor":[75,75,75,75,82,82,82,82,82,82,82,82,82,82,82,82,82,82,82,82,82,82,82,82,82,92,92,92,92,92,92,92,92,92,92,92,92,92,92,92,92,92,92,92,92,92,92,92,92,92,92,92,92,92,92],"card_choices":[{"not_picked":["Beam Cell","Redo"],"picked":"Defragment","floor":1.0},{"not_picked":["Reinforced Body","Barrage"],"picked":"Ball Lightning","floor":6.0},{"not_picked":["Rebound","FTL"],"picked":"Consume","floor":8.0},{"not_picked":["Conserve Battery","Hologram"],"picked":"Rainbow","floor":11.0},{"not_picked":["Leap","Gash"],"picked":"Self Repair","floor":13.0},{"not_picked":["Go for the Eyes","Streamline","Stack"],"picked":"SKIP","floor":14.0},{"not_picked":["Seek","Reboot"],"picked":"Buffer","floor":16.0},{"not_picked":["Recycle","Self Repair"],"picked":"Force Field","floor":18.0},{"not_picked":["Genetic Algorithm","Gash+1"],"picked":"Loop","floor":19.0},{"not_picked":["Conserve Battery","Double Energy"],"picked":"Capacitor+1","floor":20.0},{"not_picked":["Coolheaded","Reprogram"],"picked":"Ball Lightning+1","floor":27.0},{"not_picked":["Ball Lightning","Turbo"],"picked":"Defragment","floor":28.0},{"not_picked":["BootSequence","Sweeping Beam"],"picked":"Static Discharge","floor":29.0},{"not_picked":["Sweeping Beam","Conserve Battery","Scrape"],"picked":"SKIP","floor":31.0},{"not_picked":["Buffer","Reboot"],"picked":"Creative AI","floor":33.0},{"not_picked":["Reprogram+1","Sweeping Beam"],"picked":"Turbo+1","floor":35.0},{"not_picked":["Undo+1","Coolheaded"],"picked":"Force Field+1","floor":40.0},{"not_picked":["Recycle","Auto Shields+1"],"picked":"Cold Snap+1","floor":41.0},{"not_picked":["Sweeping Beam","Turbo+1"],"picked":"Static Discharge","floor":44.0},{"not_picked":["Rip and Tear","Fission"],"picked":"Heatsinks+1","floor":45.0},{"not_picked":["Steam+1","Conserve Battery"],"picked":"Glacier+1","floor":47.0},{"not_picked":["Electrodynamics","Beam Cell","Darkness+1"],"picked":"SKIP","floor":54.0}],"player_experience":714638,"relics_obtained":[{"floor":6.0,"key":"Dodecahedron"},{"floor":11.0,"key":"Sundial"},{"floor":26.0,"key":"Pear"},{"floor":40.0,"key":"Mummified Hand"},{"floor":43.0,"key":"Mercury Hourglass"},{"floor":44.0,"key":"MawBank"},{"floor":54.0,"key":"Pocketwatch"}],"event_choices":[{"damage_healed":0.0,"max_hp_gain":0.0,"max_hp_loss":0.0,"gold_gain":0.0,"event_name":"The Woman in Blue","player_choice":"Bought 3 Potions","floor":2.0,"gold_loss":0.0,"damage_taken":0.0},{"damage_healed":0.0,"max_hp_gain":0.0,"max_hp_loss":0.0,"gold_gain":0.0,"event_name":"Big Fish","player_choice":"Box","floor":4.0,"gold_loss":0.0,"damage_taken":0.0,"relics_obtained":["Vajra"],"cards_obtained":["Regret"]},{"damage_healed":0.0,"max_hp_gain":0.0,"max_hp_loss":0.0,"gold_gain":0.0,"event_name":"Scrap Ooze","player_choice":"Success","floor":5.0,"gold_loss":0.0,"damage_taken":7.0,"relics_obtained":["Strawberry"]},{"damage_healed":0.0,"max_hp_gain":0.0,"max_hp_loss":0.0,"gold_gain":0.0,"event_name":"Vampires","player_choice":"Ignored","floor":22.0,"gold_loss":0.0,"damage_taken":0.0},{"damage_healed":0.0,"max_hp_gain":0.0,"max_hp_loss":0.0,"gold_gain":0.0,"event_name":"The Library","player_choice":"Read","floor":24.0,"gold_loss":0.0,"damage_taken":0.0,"cards_obtained":["Undo"]},{"damage_healed":0.0,"max_hp_gain":0.0,"max_hp_loss":0.0,"gold_gain":999.0,"event_name":"MindBloom","player_choice":"Gold","floor":36.0,"gold_loss":0.0,"damage_taken":0.0,"cards_obtained":["Normality","Normality"]},{"damage_healed":0.0,"max_hp_gain":0.0,"max_hp_loss":0.0,"gold_gain":0.0,"event_name":"Mysterious Sphere","player_choice":"Ignored","floor":37.0,"gold_loss":0.0,"damage_taken":0.0},{"cards_removed":["Normality","Normality"],"damage_healed":0.0,"max_hp_gain":0.0,"max_hp_loss":0.0,"gold_gain":0.0,"event_name":"Fountain of Cleansing","player_choice":"Removed Curses","floor":38.0,"gold_loss":0.0,"damage_taken":0.0}],"is_beta":false,"boss_relics":[{"not_picked":["Empty Cage","Philosopher\u0027s Stone"],"picked":"Snecko Eye"},{"not_picked":["Calling Bell","Cursed Key"],"picked":"Lizard Tail"}],"items_purged_floors":[10,21,39,46,53],"is_endless":false,"potions_floor_spawned":[6,11,18,28,33,45],"ascension_level":1}