{"gold_per_floor":[111,125,142,142,160,160,39,50,123,143,173,173,189,206,206,309,309,322,322,224,243,258,258,258],"floor_reached":24,"playtime":1502,"items_purged":["Strike_R"],"score":227,"play_id":"67d1ad9a-48c5-45d7-a20e-e86351a2142a","local_time":"20190531001440","is_ascension_mode":false,"campfire_choices":[{"data":"Body Slam","floor":6,"key":"SMITH"},{"data":"Demon Form","floor":12,"key":"SMITH"},{"data":"Heavy Blade","floor":15,"key":"SMITH"},{"data":"Limit Break","floor":23,"key":"SMITH"}],"neow_cost":"NONE","seed_source_timestamp":2878741906600,"circlet_count":0,"master_deck":["Strike_R+1","Strike_R","Strike_R","Strike_R","Defend_R","Defend_R","Defend_R","Defend_R+1","Bash","Finesse","Body Slam+1","Inflame","Inflame","Shrug It Off","Demon Form+1","Inflame","Heavy Blade+1","Heavy Blade","Limit Break+1","Shrug It Off"],"relics":["Burning Blood","The Courier","Sozu","Nloth\u0027s Gift"],"potions_floor_usage":[24],"damage_taken":[{"damage":3,"enemies":"Cultist","floor":1,"turns":4},{"damage":2,"enemies":"Jaw Worm","floor":2,"turns":5},{"damage":0,"enemies":"Small Slimes","floor":3,"turns":4},{"damage":5,"enemies":"Exordium Thugs","floor":5,"turns":6},{"damage":0,"enemies":"Red Slaver","floor":8,"turns":3},{"damage":4,"enemies":"Large Slime","floor":10,"turns":5},{"damage":8,"enemies":"Lagavulin","floor":11,"turns":6},{"damage":6,"enemies":"2 Fungi Beasts","floor":13,"turns":4},{"damage":22,"enemies":"Exordium Wildlife","floor":14,"turns":6},{"damage":35,"enemies":"Slime Boss","floor":16,"turns":9},{"damage":22,"enemies":"Shell Parasite","floor":18,"turns":3},{"damage":2,"enemies":"Spheric Guardian","floor":21,"turns":3},{"damage":20,"enemies":"Chosen and Byrds","floor":22,"turns":6},{"damage":49,"enemies":"Slavers","floor":24,"turns":4}],"seed_played":"7296380353596494471","potions_obtained":[{"floor":3,"key":"Dexterity Potion"},{"floor":8,"key":"AttackPotion"}],"is_trial":false,"path_per_floor":["M","M","M","?","M","R","$","M","T","M","E","R","M","M","R","B",null,"M","?","$","M","M","R","E"],"character_chosen":"IRONCLAD","items_purchased":["Dexterity Potion","Inflame","Shrug It Off"],"campfire_rested":0,"item_purchase_floors":[7,7,20],"current_hp_per_floor":[80,80,80,64,65,65,65,71,71,73,71,71,71,55,55,26,80,64,64,64,68,54,54,5],"gold":258,"neow_bonus":"RANDOM_COLORLESS","is_prod":false,"is_daily":false,"chose_seed":false,"campfire_upgraded":4,"win_rate":0,"timestamp":1559279680,"path_taken":["M","?","M","?","M","R","?","M","T","M","E","R","M","?","R","BOSS","M","?","$","M","M","R","E"],"build_version":"2019-01-23","purchased_purges":1,"victory":false,"max_hp_per_floor":[80,80,80,80,80,80,80,80,80,80,80,80,80,80,80,80,80,80,80,80,80,80,80,80],"card_choices":[{"not_picked":["Warcry","Thunderclap"],"picked":"Body Slam","floor":1},{"not_picked":["Iron Wave","Headbutt","Pummel"],"picked":"SKIP","floor":2},{"not_picked":["Sword Boomerang","Headbutt"],"picked":"Inflame","floor":3},{"not_picked":["Iron Wave","Whirlwind","Headbutt"],"picked":"SKIP","floor":5},{"not_picked":["Pommel Strike","Power Through"],"picked":"Shrug It Off","floor":8},{"not_picked":["Headbutt","Corruption"],"picked":"Demon Form","floor":10},{"not_picked":["Offering","Sword Boomerang"],"picked":"Inflame","floor":11},{"not_picked":["Thunderclap","Anger"],"picked":"Heavy Blade","floor":13},{"not_picked":["Headbutt","Sword Boomerang"],"picked":"Heavy Blade","floor":14},{"not_picked":["Reaper","Demon Form"],"picked":"Limit Break","floor":16},{"not_picked":["Uppercut+1","True Grit","Twin Strike"],"picked":"SKIP","floor":18},{"not_picked":["Clothesline","Blood for Blood","Armaments"],"picked":"SKIP","floor":21},{"not_picked":["Armaments","Warcry","Clash"],"picked":"SKIP","floor":22}],"player_experience":292585,"relics_obtained":[{"floor":9,"key":"The Courier"},{"floor":11,"key":"Du-Vu Doll"}],"event_choices":[{"damage_healed":0,"gold_gain":0,"player_choice":"Entered Light","damage_taken":16,"max_hp_gain":0,"max_hp_loss":0,"event_name":"Shining Light","floor":4,"gold_loss":0,"cards_upgraded":["Defend_R","Strike_R"]},{"damage_healed":0,"gold_gain":0,"player_choice":"Traded Relic","damage_taken":0,"relics_obtained":["Nloth\u0027s Gift"],"max_hp_gain":0,"max_hp_loss":0,"event_name":"N\u0027loth","floor":19,"relics_lost":["Du-Vu Doll"],"gold_loss":0}],"is_beta":false,"boss_relics":[{"not_picked":["Philosopher\u0027s Stone","Eternal Feather"],"picked":"Sozu"}],"items_purged_floors":[20],"is_endless":false,"potions_floor_spawned":[3,8,11,13,16,21],"killed_by":"Slavers","ascension_level":0}