{"gold_per_floor":[110,185,335,117,127,127,127,127,196,207,238,268,280,305,305,305],"floor_reached":16,"playtime":281,"items_purged":["Doubt"],"score":189,"play_id":"d479c7c9-8af4-4e4b-a67b-5c4341f9f871","local_time":"20190407001919","is_ascension_mode":true,"campfire_choices":[{"data":"Shockwave","floor":6,"key":"SMITH"},{"data":"Bash","floor":8,"key":"SMITH"},{"data":"Uppercut","floor":15,"key":"SMITH"}],"neow_cost":"NONE","seed_source_timestamp":6937160590213,"circlet_count":0,"master_deck":["AscendersBane","Strike_R","Strike_R","Strike_R","Strike_R","Strike_R","Defend_R","Defend_R","Defend_R","Defend_R","Bash+1","Shockwave+1","Feel No Pain","Feed","Inflame","Uppercut+1"],"relics":["Burning Blood","NeowsBlessing","Vajra","Happy Flower","Singing Bowl","Anchor","Odd Mushroom","Red Skull"],"potions_floor_usage":[],"damage_taken":[{"damage":0,"enemies":"Cultist","floor":1,"turns":1},{"damage":0,"enemies":"2 Louse","floor":5,"turns":1},{"damage":0,"enemies":"Jaw Worm","floor":10,"turns":1},{"damage":32,"enemies":"Gremlin Nob","floor":11,"turns":4},{"damage":28,"enemies":"The Mushroom Lair","floor":12,"turns":5},{"damage":2,"enemies":"Exordium Wildlife","floor":13,"turns":3},{"damage":25,"enemies":"Lagavulin","floor":14,"turns":6},{"damage":26,"enemies":"The Guardian","floor":16,"turns":2}],"seed_played":"-1658194461113245894","potions_obtained":[{"floor":5,"key":"Ancient Potion"},{"floor":12,"key":"SmokeBomb"}],"is_trial":false,"path_per_floor":["M","?","?","$","M","R","T","R","T","M","E","?","M","E","R","B"],"character_chosen":"IRONCLAD","items_purchased":["Vajra"],"campfire_rested":0,"item_purchase_floors":[4],"current_hp_per_floor":[74,63,63,63,69,69,69,69,69,75,51,29,36,20,20,0],"gold":305,"neow_bonus":"THREE_ENEMY_KILL","is_prod":false,"is_daily":false,"chose_seed":false,"campfire_upgraded":3,"win_rate":0,"timestamp":1554563959,"path_taken":["M","?","?","$","?","R","?","R","T","M","E","?","M","E","R","BOSS"],"build_version":"2019-01-23","purchased_purges":1,"victory":false,"max_hp_per_floor":[75,75,75,75,75,75,75,75,75,75,77,77,80,83,83,83],"card_choices":[{"not_picked":["Thunderclap","Blood for Blood","Clash"],"picked":"SKIP","floor":1},{"not_picked":["Burning Pact","Clothesline"],"picked":"Shockwave","floor":5},{"not_picked":["Clash","Twin Strike"],"picked":"Feel No Pain","floor":10},{"not_picked":["Flex","Twin Strike","Clothesline"],"picked":"Singing Bowl","floor":11},{"not_picked":["Second Wind","Thunderclap"],"picked":"Feed","floor":12},{"not_picked":["Pummel","Anger"],"picked":"Inflame","floor":13},{"not_picked":["Havoc","Carnage"],"picked":"Uppercut","floor":14}],"player_experience":433606,"relics_obtained":[{"floor":7,"key":"Happy Flower"},{"floor":9,"key":"Singing Bowl"},{"floor":11,"key":"Anchor"},{"floor":12,"key":"Odd Mushroom"},{"floor":14,"key":"Red Skull"}],"event_choices":[{"damage_healed":0,"gold_gain":75,"player_choice":"Gather Gold","damage_taken":11,"max_hp_gain":0,"max_hp_loss":0,"event_name":"World of Goop","floor":2,"gold_loss":0},{"damage_healed":0,"gold_gain":150,"player_choice":"AGREE","damage_taken":0,"max_hp_gain":0,"max_hp_loss":0,"event_name":"Liars Game","floor":3,"gold_loss":0,"cards_obtained":["Doubt"]},{"damage_healed":0,"gold_gain":0,"player_choice":"Fought Mushrooms","damage_taken":0,"max_hp_gain":0,"max_hp_loss":0,"event_name":"Mushrooms","floor":12,"gold_loss":0}],"is_beta":false,"boss_relics":[],"items_purged_floors":[4],"is_endless":false,"potions_floor_spawned":[5,12,13],"killed_by":"The Guardian","ascension_level":15}