{"gold_per_floor":[110,110,123,135,135,166,166,185,237,249,266,266,299,315,315,414,414,434,447,461,139,153,179,179,204,228,228,246,246,264,281,281,376,376,394,394],"floor_reached":36,"playtime":5724,"items_purged":["Regret"],"score":420,"play_id":"d0124d46-dc16-4969-8c75-1a7fd9dc7018","local_time":"20190219183954","is_ascension_mode":false,"campfire_choices":[{"data":"Power Through","floor":7,"key":"SMITH"},{"floor":12,"key":"REST"},{"data":"Reaper","floor":15,"key":"SMITH"},{"floor":24,"key":"REST"},{"floor":27,"key":"REST"},{"data":"Limit Break","floor":32,"key":"SMITH"}],"neow_cost":"NONE","seed_source_timestamp":591283549119684,"circlet_count":0,"master_deck":["Strike_R+1","Strike_R","Strike_R","Strike_R","Defend_R","Defend_R","Defend_R","Defend_R","Bash","Cleave","Cleave","Fire Breathing","Power Through+1","Combust","Flame Barrier","Battle Trance","Second Wind","Reaper+1","Berserk","Anger","Double Tap","Whirlwind","Metallicize","Shrug It Off","Warcry+1","Blood for Blood","Spot Weakness","Limit Break+1","Second Wind","Second Wind","Limit Break","Flame Barrier"],"relics":["Burning Blood","Pantograph","Orichalcum","Bronze Scales","Matryoshka","Mark of Pain","Happy Flower","Smiling Mask","Omamori","Lantern","Oddly Smooth Stone","Cursed Key"],"potions_floor_usage":[6,16,16,33,33],"damage_taken":[{"damage":2,"enemies":"2 Louse","floor":1,"turns":4},{"damage":1,"enemies":"Jaw Worm","floor":3,"turns":3},{"damage":1,"enemies":"Cultist","floor":4,"turns":3},{"damage":30,"enemies":"Gremlin Nob","floor":6,"turns":5},{"damage":6,"enemies":"Looter","floor":8,"turns":4},{"damage":17,"enemies":"Large Slime","floor":10,"turns":6},{"damage":15,"enemies":"3 Louse","floor":11,"turns":3},{"damage":6,"enemies":"3 Sentries","floor":13,"turns":5},{"damage":1,"enemies":"Lots of Slimes","floor":14,"turns":2},{"damage":48,"enemies":"Slime Boss","floor":16,"turns":9},{"damage":15,"enemies":"Chosen","floor":18,"turns":6},{"damage":4,"enemies":"3 Byrds","floor":19,"turns":4},{"damage":40,"enemies":"Snake Plant","floor":20,"turns":5},{"damage":21,"enemies":"Centurion and Healer","floor":22,"turns":7},{"damage":16,"enemies":"Gremlin Leader","floor":23,"turns":8},{"damage":33,"enemies":"Book of Stabbing","floor":25,"turns":6},{"damage":28,"enemies":"Shelled Parasite and Fungi","floor":28,"turns":7},{"damage":9,"enemies":"3 Cultists","floor":30,"turns":4},{"damage":12,"enemies":"Centurion and Healer","floor":31,"turns":4},{"damage":74,"enemies":"Collector","floor":33,"turns":8},{"damage":53,"enemies":"3 Shapes","floor":35,"turns":8},{"damage":49,"enemies":"2 Orb Walkers","floor":36,"turns":4}],"seed_played":"-7321375987005985878","potions_obtained":[{"floor":3,"key":"AttackPotion"},{"floor":4,"key":"Ancient Potion"},{"floor":13,"key":"AttackPotion"},{"floor":14,"key":"Swift Potion"},{"floor":16,"key":"PowerPotion"},{"floor":19,"key":"PowerPotion"},{"floor":33,"key":"Dexterity Potion"}],"is_trial":false,"path_per_floor":["?","?","?","?"],"character_chosen":"IRONCLAD","items_purchased":["Metallicize","Happy Flower","Shrug It Off"],"campfire_rested":3,"item_purchase_floors":[21,21,21],"current_hp_per_floor":[80,73,78,80,80,56,56,56,56,45,36,60,60,65,65,48,80,74,78,47,47,42,42,66,39,39,63,46,46,58,69,69,25,80,33,0],"gold":394,"neow_bonus":"UPGRADE_CARD","is_prod":false,"is_daily":false,"chose_seed":false,"campfire_upgraded":3,"win_rate":0.0,"timestamp":1550619594,"path_taken":["M","?","M","M","?","E","R","M","T","M","M","R","E","M","R","BOSS","M","M","M","$","M","E","R","E","T","R","M","?","M","M","R","BOSS","M","?"],"build_version":"2019-01-23","purchased_purges":1,"victory":false,"max_hp_per_floor":[80,80,80,80,80,80,80,80,80,80,80,80,80,80,80,80,80,80,80,80,80,80,80,80,80,80,80,80,80,80,80,80,80,80,80,80],"card_choices":[{"not_picked":["Sever Soul","Pummel"],"picked":"Cleave","floor":1},{"not_picked":["Anger","True Grit"],"picked":"Cleave","floor":3},{"not_picked":["Flex","Headbutt"],"picked":"Fire Breathing","floor":4},{"not_picked":["Second Wind","Rupture"],"picked":"Power Through","floor":6},{"not_picked":["True Grit","Clash"],"picked":"Combust","floor":8},{"not_picked":["Feel No Pain","Armaments"],"picked":"Flame Barrier","floor":10},{"not_picked":["Combust","Armaments"],"picked":"Battle Trance","floor":11},{"not_picked":["Pommel Strike","Iron Wave"],"picked":"Second Wind","floor":13},{"not_picked":["Blood for Blood","Clash"],"picked":"Reaper","floor":14},{"not_picked":["Offering","Brutality"],"picked":"Berserk","floor":16},{"not_picked":["Perfected Strike","Feel No Pain"],"picked":"Anger","floor":18},{"not_picked":["Headbutt","Blood for Blood"],"picked":"Double Tap","floor":19},{"not_picked":["Clothesline","Heavy Blade"],"picked":"Whirlwind","floor":20},{"not_picked":["Power Through","Perfected Strike"],"picked":"Warcry+1","floor":22},{"not_picked":["Cleave","Wild Strike"],"picked":"Blood for Blood","floor":23},{"not_picked":["Anger","Ghostly Armor"],"picked":"Spot Weakness","floor":25},{"not_picked":["Wild Strike+1","Fire Breathing+1"],"picked":"Limit Break","floor":28},{"not_picked":["Pommel Strike","Twin Strike"],"picked":"Second Wind","floor":30},{"not_picked":["Clash","Pommel Strike+1"],"picked":"Second Wind","floor":31},{"not_picked":["Dark Embrace","Berserk"],"picked":"Limit Break","floor":33},{"not_picked":["Pummel+1","Metallicize"],"picked":"Flame Barrier","floor":35}],"player_experience":117549,"relics_obtained":[{"floor":6,"key":"Orichalcum"},{"floor":9,"key":"Bronze Scales"},{"floor":13,"key":"Matryoshka"},{"floor":23,"key":"Smiling Mask"},{"floor":25,"key":"Omamori"},{"floor":26,"key":"Lantern"},{"floor":26,"key":"Oddly Smooth Stone"}],"event_choices":[{"cards_removed":["Strike_R"],"damage_healed":0,"gold_gain":0,"player_choice":"Card Removal","damage_taken":7,"max_hp_gain":0,"max_hp_loss":0,"event_name":"Golden Wing","floor":2,"gold_loss":0},{"damage_healed":0,"gold_gain":0,"player_choice":"Box","damage_taken":0,"relics_obtained":["Pantograph"],"max_hp_gain":0,"max_hp_loss":0,"event_name":"Big Fish","floor":5,"gold_loss":0,"cards_obtained":["Regret"]},{"damage_healed":0,"gold_gain":0,"player_choice":"Ignored","damage_taken":0,"max_hp_gain":0,"max_hp_loss":0,"event_name":"Ghosts","floor":29,"gold_loss":0},{"damage_healed":0,"gold_gain":0,"player_choice":"Fight","damage_taken":0,"max_hp_gain":0,"max_hp_loss":0,"event_name":"Mysterious Sphere","floor":36,"gold_loss":0}],"is_beta":false,"boss_relics":[{"not_picked":["Lizard Tail","Coffee Dripper"],"picked":"Mark of Pain"},{"not_picked":["Eternal Feather","Calling Bell"],"picked":"Cursed Key"}],"items_purged_floors":[21],"is_endless":false,"potions_floor_spawned":[3,4,13,14,16,19,28,31,33],"killed_by":"2 Orb Walkers","ascension_level":0}