{"gold_per_floor":[112,112,128,142,156,156,175,175,220,220,98,173,198,212,212,212],"floor_reached":16,"playtime":507,"items_purged":["Strike_R"],"score":158,"play_id":"62f74656-ecda-4736-9512-0ce63a4277b4","local_time":"20190404005538","is_ascension_mode":true,"campfire_choices":[{"data":"Body Slam","floor":6,"key":"SMITH"},{"data":"Bash","floor":8,"key":"SMITH"},{"data":"Corruption","floor":10,"key":"SMITH"},{"floor":15,"key":"REST"}],"neow_cost":"TEN_PERCENT_HP_LOSS","seed_source_timestamp":1388436405638872,"circlet_count":0,"master_deck":["AscendersBane","Strike_R+1","Strike_R+1","Defend_R","Defend_R","Defend_R","Defend_R","Bash+1","Corruption+1","Brutality","Body Slam+1","Intimidate","Infernal Blade","Seeing Red","Sentinel","Shrug It Off","Clothesline","Metallicize"],"relics":["Burning Blood","Bag of Marbles","Shuriken"],"potions_floor_usage":[16,16],"damage_taken":[{"damage":7,"enemies":"2 Louse","floor":1,"turns":4},{"damage":6,"enemies":"Small Slimes","floor":3,"turns":5},{"damage":19,"enemies":"Jaw Worm","floor":4,"turns":5},{"damage":18,"enemies":"Exordium Wildlife","floor":5,"turns":5},{"damage":8,"enemies":"2 Fungi Beasts","floor":7,"turns":4},{"damage":13,"enemies":"Gremlin Nob","floor":13,"turns":3},{"damage":7,"enemies":"Lots of Slimes","floor":14,"turns":5},{"damage":34,"enemies":"The Guardian","floor":16,"turns":16}],"seed_played":"-6160471739334254322","potions_obtained":[{"floor":7,"key":"LiquidBronze"},{"floor":13,"key":"EssenceOfSteel"}],"is_trial":false,"path_per_floor":["M","?","M","M","M","R","M","R","T","R","$","?","E","M","R","B"],"character_chosen":"IRONCLAD","items_purchased":["Shrug It Off"],"campfire_rested":1,"item_purchase_floors":[11],"current_hp_per_floor":[71,57,57,44,32,32,30,30,30,30,30,19,12,11,32,0],"gold":212,"neow_bonus":"TRANSFORM_TWO_CARDS","is_prod":false,"is_daily":false,"chose_seed":false,"campfire_upgraded":3,"win_rate":0,"timestamp":1554306938,"path_taken":["M","?","M","M","M","R","M","R","T","R","$","?","E","M","R","BOSS"],"build_version":"2019-01-23","purchased_purges":1,"victory":false,"max_hp_per_floor":[72,72,72,72,72,72,72,72,72,72,72,72,72,72,72,72],"card_choices":[{"not_picked":["Perfected Strike","Pommel Strike"],"picked":"Body Slam","floor":1},{"not_picked":["Wild Strike","Headbutt"],"picked":"Intimidate","floor":3},{"not_picked":["Warcry","Intimidate"],"picked":"Infernal Blade","floor":4},{"not_picked":["Pummel","Twin Strike"],"picked":"Seeing Red","floor":5},{"not_picked":["Warcry","Blood for Blood"],"picked":"Sentinel","floor":7},{"not_picked":["Warcry","Sentinel"],"picked":"Clothesline","floor":13},{"not_picked":["Clash","Entrench"],"picked":"Metallicize","floor":14}],"player_experience":412041,"relics_obtained":[{"floor":9,"key":"Bag of Marbles"},{"floor":13,"key":"Shuriken"}],"event_choices":[{"damage_healed":0,"gold_gain":0,"player_choice":"Entered Light","damage_taken":14,"max_hp_gain":0,"max_hp_loss":0,"event_name":"Shining Light","floor":2,"gold_loss":0,"cards_upgraded":["Strike_R","Strike_R"]},{"damage_healed":0,"gold_gain":75,"player_choice":"Gather Gold","damage_taken":11,"max_hp_gain":0,"max_hp_loss":0,"event_name":"World of Goop","floor":12,"gold_loss":0}],"is_beta":false,"boss_relics":[],"items_purged_floors":[11],"is_endless":false,"potions_floor_spawned":[7,13],"killed_by":"The Guardian","ascension_level":11}