{"gold_per_floor":[18,37,55,73,92,92,104,104,104,104],"floor_reached":10,"playtime":231,"items_purged":[],"score":115,"play_id":"efff06a4-0c96-4b30-acc2-54a123b17d75","local_time":"20190409030510","is_ascension_mode":true,"campfire_choices":[{"data":"Armaments","floor":6.0,"key":"SMITH"}],"neow_cost":"NO_GOLD","seed_source_timestamp":189696811175259,"circlet_count":0,"master_deck":["AscendersBane","Strike_R","Strike_R","Strike_R","Strike_R","Defend_R","Defend_R","Defend_R","Bash","Spot Weakness","Reaper","Sword Boomerang","Sword Boomerang","Armaments+1","Shrug It Off","True Grit","Cleave"],"special_seed":0,"relics":["Burning Blood","Self Forming Clay","Ancient Tea Set"],"potions_floor_usage":[10,10,10],"damage_taken":[{"damage":6.0,"enemies":"Cultist","floor":1.0,"turns":3.0},{"damage":12.0,"enemies":"Jaw Worm","floor":2.0,"turns":2.0},{"damage":7.0,"enemies":"Small Slimes","floor":3.0,"turns":4.0},{"damage":13.0,"enemies":"3 Louse","floor":4.0,"turns":3.0},{"damage":31.0,"enemies":"Exordium Thugs","floor":5.0,"turns":6.0},{"damage":9.0,"enemies":"Blue Slaver","floor":7.0,"turns":3.0},{"damage":44,"enemies":"Gremlin Nob","floor":10,"turns":4}],"seed_played":"25260881490247511","potions_obtained":[{"floor":1.0,"key":"SneckoOil"},{"floor":4.0,"key":"EntropicBrew"},{"floor":7.0,"key":"GamblersBrew"}],"is_trial":false,"path_per_floor":["M","M","M","M","M","R","M","?","T","E"],"character_chosen":"IRONCLAD","items_purchased":[],"campfire_rested":0,"item_purchase_floors":[],"current_hp_per_floor":[68,62,69,68,43,43,40,22,22,0],"gold":104,"neow_bonus":"TRANSFORM_TWO_CARDS","is_prod":false,"is_daily":false,"chose_seed":false,"campfire_upgraded":1,"win_rate":0,"timestamp":1554746710,"path_taken":["M","M","M","M","?","R","?","?","T","E"],"build_version":"2019-01-23","purchased_purges":0,"victory":false,"max_hp_per_floor":[75,75,75,75,75,75,75,75,75,75],"card_choices":[{"not_picked":["Pummel","Twin Strike"],"picked":"Sword Boomerang","floor":1.0},{"not_picked":["Body Slam","Flex"],"picked":"Sword Boomerang","floor":2.0},{"not_picked":["Sword Boomerang","Perfected Strike"],"picked":"Armaments","floor":3.0},{"not_picked":["Warcry","Perfected Strike"],"picked":"Shrug It Off","floor":4.0},{"not_picked":["Anger","Rage"],"picked":"True Grit","floor":5.0},{"not_picked":["Ghostly Armor","Feel No Pain"],"picked":"Cleave","floor":7.0}],"player_experience":440362,"relics_obtained":[{"floor":9.0,"key":"Ancient Tea Set"}],"event_choices":[{"damage_healed":0.0,"max_hp_gain":0.0,"max_hp_loss":0.0,"gold_gain":0.0,"event_name":"Scrap Ooze","player_choice":"Success","floor":8.0,"gold_loss":0.0,"damage_taken":18.0,"relics_obtained":["Self Forming Clay"]}],"is_beta":false,"boss_relics":[],"items_purged_floors":[],"is_endless":false,"potions_floor_spawned":[1,4,7],"killed_by":"Gremlin Nob","ascension_level":17}