{"gold_per_floor":[117,117,135,154,169,169,182,217,217,217,241,275,275,294,294,415,415,439,36,61,75,0,0],"floor_reached":23,"playtime":1587,"items_purged":["Strike_B"],"score":246,"play_id":"8127c4bb-9b5a-4eea-93b5-fd517ec4e69d","local_time":"20190326190305","is_ascension_mode":true,"campfire_choices":[{"data":"Double Energy","floor":6,"key":"SMITH"},{"floor":13,"key":"REST"},{"floor":15,"key":"REST"}],"neow_cost":"NONE","seed_source_timestamp":424583773674909,"circlet_count":0,"master_deck":["Strike_B+1","Strike_B","Strike_B+1","Defend_B","Defend_B","Defend_B","Defend_B","Zap+1","Dualcast","Doom and Gloom","Steam Power","Force Field","Undo","Double Energy+1","Static Discharge","Ball Lightning","Creative AI","Tempest","Leap","Echo Form","Force Field","Defragment+1","Turbo","Self Repair+1","Force Field"],"relics":["Cracked Core","Whetstone","Shuriken","Golden Idol","Blood Vial","Cursed Key","Frozen Egg 2"],"potions_floor_usage":[8,8,12,18],"damage_taken":[{"damage":7,"enemies":"Small Slimes","floor":1,"turns":3},{"damage":1,"enemies":"Cultist","floor":3,"turns":3},{"damage":0,"enemies":"2 Louse","floor":4,"turns":1},{"damage":6,"enemies":"Blue Slaver","floor":5,"turns":4},{"damage":0,"enemies":"Lots of Slimes","floor":7,"turns":1},{"damage":10,"enemies":"3 Sentries","floor":8,"turns":5},{"damage":1,"enemies":"3 Louse","floor":11,"turns":4},{"damage":30,"enemies":"Lagavulin","floor":12,"turns":5},{"damage":3,"enemies":"Blue Slaver","floor":14,"turns":4},{"damage":24,"enemies":"Slime Boss","floor":16,"turns":6},{"damage":17,"enemies":"3 Byrds","floor":18,"turns":5},{"damage":14,"enemies":"Chosen","floor":20,"turns":4},{"damage":38,"enemies":"3 Cultists","floor":21,"turns":4},{"damage":30,"enemies":"Book of Stabbing","floor":23,"turns":5}],"seed_played":"4689590462169233611","potions_obtained":[{"floor":1,"key":"AttackPotion"},{"floor":5,"key":"Explosive Potion"},{"floor":7,"key":"Fire Potion"},{"floor":12,"key":"FearPotion"},{"floor":14,"key":"Block Potion"},{"floor":20,"key":"FairyPotion"}],"is_trial":false,"path_per_floor":["?","M","?","?"],"character_chosen":"DEFECT","items_purchased":["Frozen Egg 2","Defragment+1","Turbo"],"campfire_rested":2,"item_purchase_floors":[19,19,19],"current_hp_per_floor":[68,68,67,67,61,61,61,51,51,51,50,20,42,41,63,41,75,58,58,46,20,20,0],"gold":0,"neow_bonus":"THREE_CARDS","is_prod":false,"is_daily":false,"chose_seed":false,"campfire_upgraded":1,"win_rate":0,"timestamp":1553641385,"path_taken":["M","?","?","M","M","R","M","E","T","?","M","E","R","M","R","BOSS","M","$","M","M","?","E"],"build_version":"2019-01-23","purchased_purges":1,"victory":false,"max_hp_per_floor":[75,75,75,75,75,75,75,75,75,75,75,75,75,75,75,75,75,75,75,75,75,75,75],"card_choices":[{"not_picked":["Sweeping Beam","Streamline"],"picked":"Doom and Gloom","floor":0},{"not_picked":["Reprogram","Barrage"],"picked":"Steam Power","floor":1},{"not_picked":["Aggregate","Rebound"],"picked":"Force Field","floor":3},{"not_picked":["Leap","Beam Cell"],"picked":"Undo","floor":4},{"not_picked":["Barrage","Streamline"],"picked":"Double Energy","floor":5},{"not_picked":["Gash","Go for the Eyes"],"picked":"Static Discharge","floor":7},{"not_picked":["Steam","Coolheaded"],"picked":"Ball Lightning","floor":8},{"not_picked":["Steam","Compile Driver"],"picked":"Creative AI","floor":11},{"not_picked":["Redo","Recycle"],"picked":"Tempest","floor":12},{"not_picked":["Sweeping Beam","Biased Cognition"],"picked":"Leap","floor":14},{"not_picked":["Reboot","Core Surge"],"picked":"Echo Form","floor":16},{"not_picked":["Barrage","Hologram"],"picked":"Force Field","floor":18},{"not_picked":["Turbo","Consume"],"picked":"Self Repair+1","floor":20},{"not_picked":["Leap+1","Hello World+1"],"picked":"Force Field","floor":21}],"player_experience":331482,"relics_obtained":[{"floor":8,"key":"Whetstone"},{"floor":9,"key":"Shuriken"},{"floor":12,"key":"Blood Vial"}],"event_choices":[{"damage_healed":0,"gold_gain":0,"player_choice":"Upgraded","damage_taken":0,"max_hp_gain":0,"max_hp_loss":0,"event_name":"Upgrade Shrine","floor":2,"gold_loss":0,"cards_upgraded":["Zap"]},{"damage_healed":0,"gold_gain":0,"player_choice":"Take Wound","damage_taken":0,"relics_obtained":["Golden Idol"],"max_hp_gain":0,"max_hp_loss":0,"event_name":"Golden Idol","floor":10,"gold_loss":0,"cards_obtained":["Injury"]},{"cards_removed":["Injury"],"damage_healed":0,"gold_gain":0,"player_choice":"Gave Gold","damage_taken":0,"max_hp_gain":0,"max_hp_loss":0,"event_name":"Beggar","floor":22,"gold_loss":75}],"is_beta":false,"boss_relics":[{"not_picked":["Lizard Tail","FrozenCore"],"picked":"Cursed Key"}],"items_purged_floors":[19],"is_endless":false,"potions_floor_spawned":[1,5,7,12,14,20],"killed_by":"Book of Stabbing","ascension_level":4}