{"gold_per_floor":[119,136,86,86,86,120,100,132,158,169,169,24,51,61,61,159,159,173,187,200,218,237,271,0,0,0,0,33,133,147,159,159,262,262,275,289,17,37,37,63,63,63,63,63,98,114,114,32,32,32],"floor_reached":50,"playtime":3843,"items_purged":[],"score":635,"play_id":"6b1ebb16-607e-4ed6-ad04-ee992aa3c450","local_time":"20190310204355","is_ascension_mode":false,"campfire_choices":[{"floor":11,"key":"RECALL"},{"floor":15,"key":"REST"},{"data":"Buffer","floor":25,"key":"SMITH"},{"data":"Storm","floor":27,"key":"SMITH"},{"floor":32,"key":"REST"},{"data":"Meteor Strike","floor":41,"key":"SMITH"},{"data":"Thunder Strike","floor":44,"key":"SMITH"},{"data":"Sunder","floor":47,"key":"SMITH"},{"data":"Defragment","floor":49,"key":"SMITH"}],"neow_cost":"NONE","seed_source_timestamp":0,"circlet_count":0,"master_deck":["Strike_B","Defend_B","Dualcast","Conserve Battery","Cold Snap","Tempest","Rebound","Sunder+1","Tempest","Turbo","Self Repair","Streamline","Turbo","Double Energy","Glacier+1","Buffer+1","Loop+1","Conserve Battery+1","Defragment+1","Conserve Battery","Turbo+1","Capacitor","Stack","Aggregate+1","Streamline","Storm+1","Doom and Gloom","Master of Strategy","Fusion","Self Repair","Streamline","White Noise","Leap","Thunder Strike+1","BootSequence+1","Stack+1","Buffer+1","Static Discharge","Meteor Strike+1","Blizzard+1","Defragment+1"],"special_seed":0,"relics":["Cracked Core","NeowsBlessing","Oddly Smooth Stone","Dream Catcher","Turnip","Symbiotic Virus","Astrolabe","War Paint","Nunchaku","Torii","Thread and Needle","Mummified Hand","Philosopher\u0027s Stone","DollysMirror","Regal Pillow","Potion Belt","DataDisk"],"potions_floor_usage":[16,23,23,28,40,40,40,45],"damage_taken":[{"damage":0,"enemies":"Small Slimes","floor":1,"turns":1},{"damage":0,"enemies":"2 Louse","floor":2,"turns":1},{"damage":0,"enemies":"Gremlin Nob","floor":6,"turns":1},{"damage":12,"enemies":"3 Sentries","floor":8,"turns":6},{"damage":0,"enemies":"Jaw Worm","floor":10,"turns":3},{"damage":18,"enemies":"Gremlin Nob","floor":13,"turns":3},{"damage":0,"enemies":"Large Slime","floor":14,"turns":3},{"damage":31,"enemies":"The Guardian","floor":16,"turns":9},{"damage":6,"enemies":"Chosen","floor":18,"turns":7},{"damage":4,"enemies":"Shell Parasite","floor":19,"turns":5},{"damage":10,"enemies":"Centurion and Healer","floor":20,"turns":4},{"damage":8,"enemies":"Snake Plant","floor":21,"turns":4},{"damage":0,"enemies":"Sentry and Sphere","floor":22,"turns":2},{"damage":6,"enemies":"Gremlin Leader","floor":23,"turns":5},{"damage":17,"enemies":"Slavers","floor":28,"turns":5},{"damage":14,"enemies":"Colosseum Slavers","floor":29,"turns":4},{"damage":8,"enemies":"Colosseum Nobs","floor":29,"turns":5},{"damage":0,"enemies":"3 Cultists","floor":30,"turns":4},{"damage":30,"enemies":"Snake Plant","floor":31,"turns":3},{"damage":6,"enemies":"Champ","floor":33,"turns":7},{"damage":10,"enemies":"Orb Walker","floor":35,"turns":3},{"damage":0,"enemies":"3 Shapes","floor":36,"turns":3},{"damage":0,"enemies":"Transient","floor":38,"turns":5},{"damage":20,"enemies":"Giant Head","floor":40,"turns":8},{"damage":0,"enemies":"Nemesis","floor":45,"turns":7},{"damage":1,"enemies":"Jaw Worm Horde","floor":46,"turns":3},{"damage":82,"enemies":"Awakened One","floor":50,"turns":6}],"seed_played":"3211092425219365315","potions_obtained":[{"floor":2,"key":"Swift Potion"},{"floor":7,"key":"AttackPotion"},{"floor":8,"key":"Regen Potion"},{"floor":20,"key":"AttackPotion"},{"floor":23,"key":"EssenceOfSteel"},{"floor":29,"key":"Block Potion"},{"floor":31,"key":"EssenceOfSteel"},{"floor":40,"key":"Swift Potion"}],"is_trial":false,"path_per_floor":["?","?","?","?","M","?","?","?","M"],"character_chosen":"DEFECT","items_purchased":["Turbo","Self Repair","Streamline","Storm","Doom and Gloom","Master of Strategy","DollysMirror","Static Discharge","Defragment"],"campfire_rested":2,"item_purchase_floors":[12,12,12,24,24,24,37,37,48],"current_hp_per_floor":[75,75,75,75,72,72,72,60,60,60,60,60,42,49,71,40,75,75,75,65,64,64,65,65,65,65,65,55,47,61,38,60,68,75,72,72,72,72,72,75,75,75,75,75,75,74,74,74,74,0],"gold":32,"neow_bonus":"THREE_ENEMY_KILL","is_prod":false,"is_daily":false,"chose_seed":false,"campfire_upgraded":6,"win_rate":0,"timestamp":1552265035,"path_taken":["M","M","?","?","?","E","?","E","T","M","R","$","E","?","R","BOSS","M","M","M","M","M","E","$","R","T","R","E","?","M","M","R","BOSS","M","M","$","M","?","E","R","?","T","R","E","?","R","$","R","BOSS"],"build_version":"2019-01-23","purchased_purges":0,"victory":false,"max_hp_per_floor":[75,75,75,75,75,75,75,75,75,75,75,75,75,75,75,75,75,75,75,75,75,75,75,75,75,75,75,75,75,75,75,75,75,75,75,75,75,75,75,75,75,75,75,75,75,75,75,75,75,75],"card_choices":[{"not_picked":["Hologram","Compile Driver"],"picked":"Conserve Battery","floor":1},{"not_picked":["BootSequence","Biased Cognition"],"picked":"Cold Snap","floor":2},{"not_picked":["Coolheaded","Compile Driver"],"picked":"Rebound","floor":6},{"not_picked":["Force Field","Lockon"],"picked":"Sunder","floor":8},{"not_picked":["Barrage","Streamline"],"picked":"Tempest","floor":10},{"not_picked":["Beam Cell","Reboot"],"picked":"Turbo","floor":13},{"not_picked":["Reprogram","Skim"],"picked":"Double Energy","floor":14},{"not_picked":["Redo","Force Field"],"picked":"Glacier","floor":15},{"not_picked":["Core Surge","Meteor Strike"],"picked":"Buffer","floor":16},{"not_picked":["Double Energy","BootSequence"],"picked":"Conserve Battery","floor":18},{"not_picked":["Conserve Battery","Sweeping Beam"],"picked":"Turbo+1","floor":19},{"not_picked":["Ball Lightning","Hologram+1"],"picked":"Capacitor","floor":20},{"not_picked":["Rebound","Go for the Eyes"],"picked":"Stack","floor":21},{"not_picked":["Hologram","Turbo"],"picked":"Aggregate","floor":22},{"not_picked":["Stack","Hyperbeam"],"picked":"Streamline","floor":23},{"not_picked":["Melter","Barrage"],"picked":"Fusion","floor":28},{"not_picked":["Heatsinks+1","Hologram"],"picked":"Self Repair","floor":29},{"not_picked":["Compile Driver","Rebound"],"picked":"Streamline","floor":30},{"not_picked":["Melter","Beam Cell+1"],"picked":"White Noise","floor":31},{"not_picked":["Streamline","Sweeping Beam"],"picked":"Leap","floor":32},{"not_picked":["Hyperbeam","All For One"],"picked":"Thunder Strike","floor":33},{"not_picked":["Compile Driver+1","Genetic Algorithm"],"picked":"BootSequence+1","floor":35},{"not_picked":["Turbo","Redo"],"picked":"Stack+1","floor":36},{"not_picked":["Compile Driver","Stack+1","Cold Snap+1"],"picked":"SKIP","floor":38},{"not_picked":["Sunder","Stack+1"],"picked":"Meteor Strike","floor":40},{"not_picked":["Go for the Eyes","Stack"],"picked":"Blizzard+1","floor":45},{"not_picked":["Cold Snap+1","Stack+1","Rebound+1"],"picked":"SKIP","floor":46}],"player_experience":263557,"relics_obtained":[{"floor":6,"key":"Dream Catcher"},{"floor":8,"key":"Turnip"},{"floor":13,"key":"Symbiotic Virus"},{"floor":23,"key":"War Paint"},{"floor":26,"key":"Nunchaku"},{"floor":28,"key":"Torii"},{"floor":29,"key":"Thread and Needle"},{"floor":29,"key":"Mummified Hand"},{"floor":40,"key":"Regal Pillow"},{"floor":43,"key":"Potion Belt"},{"floor":45,"key":"DataDisk"}],"event_choices":[{"cards_removed":["Strike_B"],"damage_healed":0,"gold_gain":0,"player_choice":"Card Removal","damage_taken":0,"max_hp_gain":0,"max_hp_loss":0,"event_name":"The Cleric","floor":3,"gold_loss":50},{"damage_healed":0,"gold_gain":0,"cards_transformed":["Strike_B"],"player_choice":"Change","damage_taken":0,"max_hp_gain":0,"max_hp_loss":0,"event_name":"Living Wall","floor":4,"gold_loss":0,"cards_obtained":["Tempest"]},{"damage_healed":0,"gold_gain":0,"player_choice":"Success","damage_taken":3,"relics_obtained":["Oddly Smooth Stone"],"max_hp_gain":0,"max_hp_loss":0,"event_name":"Scrap Ooze","floor":5,"gold_loss":0},{"damage_healed":0,"gold_gain":0,"player_choice":"Bought 1 Potion","damage_taken":0,"max_hp_gain":0,"max_hp_loss":0,"event_name":"The Woman in Blue","floor":7,"gold_loss":0},{"damage_healed":0,"gold_gain":0,"player_choice":"Fight","damage_taken":0,"max_hp_gain":0,"max_hp_loss":0,"event_name":"Colosseum","floor":29,"gold_loss":0},{"damage_healed":0,"gold_gain":0,"player_choice":"Fought Nobs","damage_taken":0,"max_hp_gain":0,"max_hp_loss":0,"event_name":"Colosseum","floor":29,"gold_loss":0},{"cards_removed":["Zap"],"damage_healed":0,"gold_gain":0,"player_choice":"Removed Skill","damage_taken":0,"max_hp_gain":0,"max_hp_loss":0,"event_name":"Falling","floor":39,"gold_loss":0},{"cards_removed":["Defend_B"],"damage_healed":0,"gold_gain":0,"player_choice":"Purged","damage_taken":0,"max_hp_gain":0,"max_hp_loss":0,"event_name":"Purifier","floor":42,"gold_loss":0}],"is_beta":false,"boss_relics":[{"not_picked":["Velvet Choker","Runic Dome"],"picked":"Astrolabe"},{"not_picked":["Cursed Key","Nuclear Battery"],"picked":"Philosopher\u0027s Stone"}],"items_purged_floors":[],"is_endless":false,"potions_floor_spawned":[2,8,13,20,22,23,29,29,31,36,38,40],"killed_by":"Awakened One","ascension_level":0}