{"gold_per_floor":[111,111,127,146,68,103,118,149,149,224,224,72,97,116,116,195,195,211,222,222,236,255,283,283,283,332,346,379,399,417,445,445,519,519,530,43,43,56,70,70,100,111,136,13,13,27,58,75,75,75],"floor_reached":51,"playtime":7218,"items_purged":["Strike_B","Normality"],"score":1561,"play_id":"a74030ef-c9e1-4859-92a1-c7f96bb8846d","local_time":"20190604084454","is_ascension_mode":true,"campfire_choices":[{"data":"Biased Cognition","floor":11.0,"key":"SMITH"},{"data":"Barrage","floor":15.0,"key":"SMITH"},{"data":"Seek","floor":32.0,"key":"SMITH"},{"data":"Capacitor","floor":40.0,"key":"SMITH"},{"data":"Capacitor","floor":45.0,"key":"SMITH"},{"data":"Seek","floor":49,"key":"SMITH"}],"neow_cost":"NONE","seed_source_timestamp":124567526912961,"circlet_count":0,"master_deck":["AscendersBane","Strike_B","Strike_B","Strike_B","Defend_B","Defend_B","Defend_B","Defend_B","Zap","Dualcast","Biased Cognition+1","Panacea","Coolheaded","Glacier","Self Repair","Glacier","Multi-Cast","Capacitor+1","Capacitor+1","Barrage+1","Seek+1","Seek","Doom and Gloom","Seek+1","Ball Lightning","Chill+1","BootSequence","Coolheaded","Seek","Blizzard","Ball Lightning+1","Go for the Eyes+1","Skim","Core Surge","Core Surge"],"special_seed":0,"relics":["Cracked Core","NeowsBlessing","Pantograph","Gremlin Horn","Happy Flower","keyreminder:keyreminder","Coffee Dripper","Lantern","Enchiridion","Blood Vial","Cables","Oddly Smooth Stone","Cursed Key","DataDisk","Bottled Lightning","StoneCalendar","Smiling Mask","Dream Catcher"],"potions_floor_usage":[],"damage_taken":[{"damage":0.0,"enemies":"Small Slimes","floor":1.0,"turns":1.0},{"damage":0.0,"enemies":"Cultist","floor":3.0,"turns":1.0},{"damage":0.0,"enemies":"Jaw Worm","floor":4.0,"turns":1.0},{"damage":0.0,"enemies":"Lagavulin","floor":6.0,"turns":9.0},{"damage":8.0,"enemies":"Large Slime","floor":7.0,"turns":7.0},{"damage":1.0,"enemies":"3 Sentries","floor":8.0,"turns":12.0},{"damage":29.0,"enemies":"Gremlin Nob","floor":13.0,"turns":6.0},{"damage":26.0,"enemies":"Gremlin Gang","floor":14.0,"turns":11.0},{"damage":3.0,"enemies":"Slime Boss","floor":16.0,"turns":13.0},{"damage":1.0,"enemies":"3 Byrds","floor":18.0,"turns":6.0},{"damage":47.0,"enemies":"2 Thieves","floor":19.0,"turns":4.0},{"damage":11.0,"enemies":"3 Cultists","floor":21.0,"turns":7.0},{"damage":0.0,"enemies":"Centurion and Healer","floor":22.0,"turns":8.0},{"damage":3.0,"enemies":"Book of Stabbing","floor":23.0,"turns":6.0},{"damage":0.0,"enemies":"Chosen and Byrds","floor":27.0,"turns":7.0},{"damage":33.0,"enemies":"Slavers","floor":28.0,"turns":7.0},{"damage":6.0,"enemies":"Snake Plant","floor":29.0,"turns":4.0},{"damage":0.0,"enemies":"Cultist and Chosen","floor":30.0,"turns":6.0},{"damage":13.0,"enemies":"Book of Stabbing","floor":31.0,"turns":5.0},{"damage":0.0,"enemies":"Champ","floor":33.0,"turns":9.0},{"damage":0.0,"enemies":"3 Shapes","floor":35.0,"turns":7.0},{"damage":0.0,"enemies":"3 Darklings","floor":38.0,"turns":5.0},{"damage":0.0,"enemies":"Jaw Worm Horde","floor":39.0,"turns":4.0},{"damage":0.0,"enemies":"Giant Head","floor":41.0,"turns":8.0},{"damage":1.0,"enemies":"4 Shapes","floor":42.0,"turns":6.0},{"damage":0.0,"enemies":"Transient","floor":46.0,"turns":5.0},{"damage":0.0,"enemies":"Reptomancer","floor":47.0,"turns":6.0},{"damage":0.0,"enemies":"Jaw Worm Horde","floor":48.0,"turns":4.0},{"damage":0,"enemies":"Awakened One","floor":50,"turns":11}],"seed_played":"-3131215056367534140","potions_obtained":[{"floor":3.0,"key":"Poison Potion"},{"floor":4.0,"key":"Swift Potion"},{"floor":6.0,"key":"FearPotion"},{"floor":14.0,"key":"Ancient Potion"},{"floor":21.0,"key":"PowerPotion"},{"floor":23.0,"key":"LiquidBronze"},{"floor":28.0,"key":"GamblersBrew"},{"floor":29.0,"key":"Poison Potion"},{"floor":31.0,"key":"Block Potion"},{"floor":35.0,"key":"Weak Potion"},{"floor":46.0,"key":"GamblersBrew"}],"is_trial":false,"path_per_floor":["M","?","M","M","$","E","M","E","T","?","R","$","E","M","R","B",null,"M","M","?","M","M","E","?","$","T","M","E","M","M","E","R","B",null,"M","$","?","M","M","R","E","M","T","$","R","M","E","M","R","B",null],"character_chosen":"DEFECT","items_purchased":["Self Repair","Capacitor","Blizzard","DataDisk","Bottled Lightning","Core Surge"],"campfire_rested":0,"item_purchase_floors":[5,12,36,36,36,44],"current_hp_per_floor":[68,68,68,68,68,75,74,75,75,64,64,64,42,23,23,52,69,75,35,35,31,38,49,33,33,33,42,11,14,23,19,19,53,70,75,75,71,71,71,71,71,71,71,71,71,71,71,71,71,71],"gold":75,"neow_bonus":"THREE_ENEMY_KILL","is_prod":false,"is_daily":false,"chose_seed":false,"campfire_upgraded":6,"win_rate":0,"timestamp":1559618094,"path_taken":["M","?","?","M","$","E","M","E","T","?","R","?","E","M","R","BOSS","M","M","?","M","?","E","?","$","T","M","E","M","M","E","R","BOSS","M","$","?","M","M","R","E","M","T","$","R","M","E","M","R","BOSS"],"build_version":"2019-01-23","purchased_purges":2,"victory":true,"max_hp_per_floor":[75,75,75,75,75,75,75,75,75,75,75,75,75,75,75,75,75,75,75,75,75,75,75,75,75,75,75,75,75,75,75,75,75,75,75,75,71,71,71,71,71,71,71,71,71,71,71,71,71,71],"card_choices":[{"not_picked":["Steam","Gash","Go for the Eyes"],"picked":"SKIP","floor":1.0},{"not_picked":["Chaos","Conserve Battery"],"picked":"Coolheaded","floor":3.0},{"not_picked":["Aggregate","Rebound"],"picked":"Glacier","floor":4.0},{"not_picked":["Compile Driver","Leap"],"picked":"Glacier","floor":6.0},{"not_picked":["Conserve Battery","Skim","Stack"],"picked":"SKIP","floor":7.0},{"not_picked":["Streamline","Ball Lightning"],"picked":"Multi-Cast","floor":8.0},{"not_picked":["Turbo","Barrage"],"picked":"Capacitor","floor":13.0},{"not_picked":["Rebound","Lockon"],"picked":"Barrage","floor":14.0},{"not_picked":["Biased Cognition","Core Surge"],"picked":"Seek","floor":16.0},{"not_picked":["Compile Driver+1","Stack+1","Chill"],"picked":"SKIP","floor":18.0},{"not_picked":["Aggregate","Chaos","Scrape"],"picked":"SKIP","floor":19.0},{"not_picked":["Lockon","Reinforced Body"],"picked":"Doom and Gloom","floor":21.0},{"not_picked":["Stack","FTL","Force Field"],"picked":"SKIP","floor":22.0},{"not_picked":["Self Repair+1","Turbo"],"picked":"Seek","floor":23.0},{"not_picked":["Fusion","Skim"],"picked":"Ball Lightning","floor":27.0},{"not_picked":["Turbo","Buffer"],"picked":"Chill+1","floor":28.0},{"not_picked":["Reprogram","Ball Lightning"],"picked":"BootSequence","floor":29.0},{"not_picked":["Heatsinks+1","Force Field+1","Rip and Tear"],"picked":"SKIP","floor":30.0},{"not_picked":["Streamline","Reboot"],"picked":"Coolheaded","floor":31.0},{"not_picked":["Thunder Strike","Amplify"],"picked":"Seek","floor":33.0},{"not_picked":["Leap+1","Compile Driver","Turbo"],"picked":"SKIP","floor":35.0},{"not_picked":["Stack","Redo"],"picked":"Ball Lightning+1","floor":38.0},{"not_picked":["Conserve Battery","Cold Snap","Chaos"],"picked":"SKIP","floor":39.0},{"not_picked":["Ball Lightning+1","White Noise"],"picked":"Go for the Eyes+1","floor":41.0},{"not_picked":["Rebound+1","Conserve Battery"],"picked":"Skim","floor":42.0},{"not_picked":["Stack","Leap+1"],"picked":"Core Surge","floor":46.0},{"not_picked":["BootSequence","Cold Snap+1","All For One"],"picked":"SKIP","floor":47.0},{"not_picked":["Sweeping Beam","Go for the Eyes","Coolheaded"],"picked":"SKIP","floor":48.0}],"player_experience":1164440,"relics_obtained":[{"floor":6.0,"key":"Pantograph"},{"floor":9.0,"key":"Gremlin Horn"},{"floor":13.0,"key":"Happy Flower"},{"floor":23.0,"key":"Lantern"},{"floor":24.0,"key":"Enchiridion"},{"floor":26.0,"key":"Blood Vial"},{"floor":28.0,"key":"Cables"},{"floor":31.0,"key":"Oddly Smooth Stone"},{"floor":41.0,"key":"StoneCalendar"},{"floor":43.0,"key":"Smiling Mask"},{"floor":47.0,"key":"Dream Catcher"}],"event_choices":[{"damage_healed":0.0,"max_hp_gain":0.0,"max_hp_loss":0.0,"gold_gain":0.0,"event_name":"Match and Keep!","player_choice":"2 cards matched","floor":2.0,"gold_loss":0.0,"damage_taken":0.0,"cards_obtained":["Biased Cognition","Panacea"]},{"damage_healed":0.0,"max_hp_gain":0.0,"max_hp_loss":0.0,"gold_gain":75.0,"event_name":"World of Goop","player_choice":"Gather Gold","floor":10.0,"gold_loss":0.0,"damage_taken":11.0},{"damage_healed":0.0,"max_hp_gain":0.0,"max_hp_loss":0.0,"gold_gain":0.0,"event_name":"Duplicator","player_choice":"Copied","floor":20.0,"gold_loss":0.0,"damage_taken":0.0,"cards_obtained":["Seek"]},{"damage_healed":0.0,"max_hp_gain":0.0,"max_hp_loss":0.0,"gold_gain":0.0,"event_name":"Cursed Tome","player_choice":"Obtained Book","floor":24.0,"gold_loss":0.0,"damage_taken":16.0},{"damage_healed":0.0,"max_hp_gain":0.0,"max_hp_loss":4.0,"gold_gain":0.0,"event_name":"Winding Halls","player_choice":"Max HP","floor":37.0,"gold_loss":0.0,"damage_taken":0.0}],"is_beta":false,"boss_relics":[{"not_picked":["Velvet Choker","Nuclear Battery"],"picked":"Coffee Dripper"},{"not_picked":["Fusion Hammer","Orrery"],"picked":"Cursed Key"}],"items_purged_floors":[12,44],"is_endless":false,"potions_floor_spawned":[3,4,6,14,21,23,28,29,31,35,46,47,48],"ascension_level":13}