{"gold_per_floor":[109,109,37,37,56,56,56,81,81,81,115,115,129,129,129,226,226,238,256,275,6,6,6,6,6,6,6,6,6,106,120,120,120],"floor_reached":33,"playtime":2653,"items_purged":["Defend_R"],"score":389,"play_id":"306514a8-3bb3-42ae-8b9e-74750660d004","local_time":"20190529011508","is_ascension_mode":true,"campfire_choices":[{"data":"Bash","floor":6.0,"key":"SMITH"},{"floor":10.0,"key":"REST"},{"data":"True Grit","floor":12.0,"key":"SMITH"},{"floor":15.0,"key":"RECALL"},{"floor":23,"key":"REST"},{"data":"Trip","floor":25,"key":"SMITH"},{"data":"RitualDagger","floor":27,"key":"SMITH"},{"data":"Immolate","floor":29,"key":"SMITH"},{"floor":32,"key":"REST"}],"neow_cost":"NONE","seed_source_timestamp":1949116257859593,"circlet_count":0,"master_deck":["Strike_R+1","Strike_R+1","Strike_R+1","Strike_R+1","Strike_R+1","Defend_R+1","Defend_R+1","Defend_R+1","Bash+1","Trip+1","True Grit+1","Inflame","Iron Wave","Sword Boomerang","Immolate+1","Second Wind","Shrug It Off","Double Tap","Spot Weakness","Iron Wave","Dual Wield","Feel No Pain","Evolve","Burning Pact+1","Metallicize","RitualDagger+1","Cleave+1","Iron Wave+1","Warcry"],"special_seed":0,"relics":["Burning Blood","Bronze Scales","PreservedInsect","Prayer Wheel","Dodecahedron","Mummified Hand","Lizard Tail","Membership Card","Mercury Hourglass","Unceasing Top","Question Card"],"potions_floor_usage":[31],"damage_taken":[{"damage":6.0,"enemies":"Jaw Worm","floor":1.0,"turns":4.0},{"damage":6.0,"enemies":"2 Louse","floor":5.0,"turns":3.0},{"damage":27.0,"enemies":"Gremlin Nob","floor":8.0,"turns":4.0},{"damage":10.0,"enemies":"Lagavulin","floor":11.0,"turns":4.0},{"damage":0.0,"enemies":"Small Slimes","floor":13.0,"turns":3.0},{"damage":0.0,"enemies":"Slime Boss","floor":16.0,"turns":6.0},{"damage":32.0,"enemies":"Shell Parasite","floor":18.0,"turns":5.0},{"damage":20.0,"enemies":"2 Thieves","floor":19.0,"turns":3.0},{"damage":12.0,"enemies":"3 Cultists","floor":20.0,"turns":4.0},{"damage":19,"enemies":"Colosseum Slavers","floor":30,"turns":4},{"damage":18,"enemies":"Colosseum Nobs","floor":30,"turns":3},{"damage":6,"enemies":"Centurion and Healer","floor":31,"turns":5},{"damage":116,"enemies":"Champ","floor":33,"turns":11}],"seed_played":"-7237075435878089451","potions_obtained":[{"floor":1.0,"key":"Regen Potion"},{"floor":8.0,"key":"SteroidPotion"},{"floor":11.0,"key":"Explosive Potion"},{"floor":30,"key":"AttackPotion"}],"is_trial":false,"path_per_floor":["M","?","$","?","M","R","?","E","T","R","E","R","M","T","R","B",null,"M","M","M","$","?","R","T","R","T","R","?","R","?","M","R","B"],"character_chosen":"IRONCLAD","items_purchased":["Inflame","Membership Card","Metallicize"],"campfire_rested":3,"item_purchase_floors":[3,21,21],"current_hp_per_floor":[72,60,60,60,60,60,44,32,32,56,52,52,58,58,58,64,76,50,36,30,30,24,48,48,48,48,48,48,48,23,23,47,0],"gold":120,"neow_bonus":"RANDOM_COLORLESS","is_prod":false,"is_daily":false,"chose_seed":false,"campfire_upgraded":5,"win_rate":0,"timestamp":1559106908,"path_taken":["M","?","$","?","M","R","?","E","T","R","E","R","M","?","R","BOSS","M","M","M","$","?","R","?","R","T","R","?","R","?","?","R","BOSS"],"build_version":"2019-01-23","purchased_purges":1,"victory":false,"max_hp_per_floor":[80,80,80,80,80,80,80,80,80,80,80,80,80,80,80,80,80,80,80,80,80,80,80,80,80,80,80,80,80,80,80,80,80],"card_choices":[{"not_picked":["Havoc","Seeing Red"],"picked":"True Grit","floor":1.0},{"not_picked":["Flex","Perfected Strike"],"picked":"Iron Wave","floor":5.0},{"not_picked":["Pommel Strike","Infernal Blade"],"picked":"Sword Boomerang","floor":8.0},{"not_picked":["Havoc","Combust"],"picked":"Immolate","floor":11.0},{"not_picked":["Wild Strike","Havoc"],"picked":"Second Wind","floor":13.0},{"not_picked":["Pummel","Sword Boomerang"],"picked":"Shrug It Off","floor":13.0},{"not_picked":["Exhume","Berserk"],"picked":"Double Tap","floor":16.0},{"not_picked":["Clothesline","Sword Boomerang"],"picked":"Spot Weakness","floor":18.0},{"not_picked":["Infernal Blade","Anger"],"picked":"Iron Wave","floor":18.0},{"not_picked":["Corruption","Blood for Blood+1"],"picked":"Dual Wield","floor":19.0},{"not_picked":["Shrug It Off","Body Slam+1"],"picked":"Feel No Pain","floor":19.0},{"not_picked":["Clash","True Grit"],"picked":"Evolve","floor":20.0},{"not_picked":["Blood for Blood","Warcry"],"picked":"Burning Pact+1","floor":20.0},{"not_picked":["Twin Strike","Hemokinesis"],"picked":"Cleave+1","floor":30},{"not_picked":["Hemokinesis","Havoc","Infernal Blade+1"],"picked":"Iron Wave+1","floor":31},{"not_picked":["Clash","Shockwave","Combust"],"picked":"Warcry","floor":31}],"player_experience":289851,"relics_obtained":[{"floor":8.0,"key":"PreservedInsect"},{"floor":9.0,"key":"Prayer Wheel"},{"floor":11.0,"key":"Dodecahedron"},{"floor":14.0,"key":"Mummified Hand"},{"floor":24,"key":"Mercury Hourglass"},{"floor":30,"key":"Unceasing Top"},{"floor":30,"key":"Question Card"}],"event_choices":[{"damage_healed":0.0,"max_hp_gain":0.0,"max_hp_loss":0.0,"gold_gain":0.0,"event_name":"Scrap Ooze","player_choice":"Success","floor":2.0,"gold_loss":0.0,"damage_taken":12.0,"relics_obtained":["Bronze Scales"]},{"damage_healed":0.0,"max_hp_gain":0.0,"max_hp_loss":0.0,"gold_gain":0.0,"event_name":"The Cleric","player_choice":"Leave","floor":4.0,"gold_loss":0.0,"damage_taken":0.0},{"damage_healed":0.0,"max_hp_gain":0.0,"max_hp_loss":0.0,"gold_gain":0.0,"event_name":"Shining Light","player_choice":"Entered Light","floor":7.0,"gold_loss":0.0,"damage_taken":16.0,"cards_upgraded":["Strike_R","Defend_R"]},{"damage_healed":0,"gold_gain":0,"player_choice":"Joined the Cult","damage_taken":6,"max_hp_gain":0,"max_hp_loss":0,"event_name":"Nest","floor":22,"gold_loss":0,"cards_obtained":["RitualDagger"]},{"damage_healed":0,"gold_gain":0,"player_choice":"Simplicity","damage_taken":0,"max_hp_gain":0,"max_hp_loss":0,"event_name":"Back to Basics","floor":28,"gold_loss":0,"cards_upgraded":["Strike_R","Strike_R","Strike_R","Strike_R","Defend_R","Defend_R"]},{"damage_healed":0,"gold_gain":0,"player_choice":"Fight","damage_taken":0,"max_hp_gain":0,"max_hp_loss":0,"event_name":"Colosseum","floor":30,"gold_loss":0},{"damage_healed":0,"gold_gain":0,"player_choice":"Fought Nobs","damage_taken":0,"max_hp_gain":0,"max_hp_loss":0,"event_name":"Colosseum","floor":30,"gold_loss":0}],"is_beta":false,"boss_relics":[{"not_picked":["Runic Dome","White Beast Statue"],"picked":"Lizard Tail"}],"items_purged_floors":[21],"is_endless":false,"potions_floor_spawned":[1,8,11,30,30],"killed_by":"Champ","ascension_level":6}