{"gold_per_floor":[362,362,362,15,34,47,73,83,83,83],"floor_reached":10,"playtime":791,"items_purged":["Regret"],"score":99,"play_id":"c6142b16-e43b-4e8d-b927-38f6961e209b","local_time":"20190528085651","is_ascension_mode":true,"campfire_choices":[],"neow_cost":"TEN_PERCENT_HP_LOSS","seed_source_timestamp":795562612992292,"circlet_count":0,"master_deck":["Defend_G","Defend_G","Defend_G","Defend_G","Defend_G","Strike_G","Strike_G","Strike_G","Strike_G","Strike_G","Survivor","Neutralize","Endless Agony","Decay","Well Laid Plans+1","Mayhem+1","Deadly Poison","Terror","Dagger Spray"],"special_seed":0,"relics":["Ring of the Snake","Frozen Egg 2","Darkstone Periapt","Meat on the Bone"],"potions_floor_usage":[7,7],"damage_taken":[{"damage":0.0,"enemies":"2 Louse","floor":1.0,"turns":3.0},{"damage":0.0,"enemies":"Jaw Worm","floor":5.0,"turns":4.0},{"damage":0.0,"enemies":"Cultist","floor":6.0,"turns":4.0},{"damage":9,"enemies":"3 Sentries","floor":7,"turns":8},{"damage":26,"enemies":"Gremlin Gang","floor":8,"turns":5},{"damage":30,"enemies":"Gremlin Nob","floor":10,"turns":3}],"seed_played":"-5922240830094830252","potions_obtained":[{"floor":1.0,"key":"Strength Potion"},{"floor":6.0,"key":"Strength Potion"}],"is_trial":false,"path_per_floor":["M","?","?","$","M","M","E","M","T","E"],"character_chosen":"THE_SILENT","items_purchased":["Well Laid Plans+1","Mayhem+1"],"campfire_rested":0,"item_purchase_floors":[4,4],"current_hp_per_floor":[63,63,63,63,63,63,54,28,28,0],"gold":83,"neow_bonus":"TWO_FIFTY_GOLD","is_prod":false,"is_daily":false,"chose_seed":false,"campfire_upgraded":0,"win_rate":0,"timestamp":1559014011,"path_taken":["M","?","?","$","M","?","E","?","T","E"],"build_version":"2019-01-23","purchased_purges":1,"victory":false,"max_hp_per_floor":[63,63,63,63,63,63,63,63,63,63],"card_choices":[{"not_picked":["Dagger Throw","Flying Knee"],"picked":"Endless Agony","floor":1.0},{"not_picked":["Prepared","Slice"],"picked":"Deadly Poison","floor":5.0},{"not_picked":["Predator","PiercingWail"],"picked":"Terror","floor":6.0},{"not_picked":["Well Laid Plans+1","Tactician"],"picked":"Dagger Spray","floor":7},{"not_picked":["Outmaneuver","Deflect","Dagger Throw"],"picked":"SKIP","floor":8}],"player_experience":862714,"relics_obtained":[{"floor":7,"key":"Darkstone Periapt"},{"floor":9,"key":"Meat on the Bone"}],"event_choices":[{"damage_healed":0.0,"max_hp_gain":0.0,"max_hp_loss":0.0,"gold_gain":0.0,"event_name":"Big Fish","player_choice":"Box","floor":2.0,"gold_loss":0.0,"damage_taken":0.0,"relics_obtained":["Frozen Egg 2"],"cards_obtained":["Regret"]},{"damage_healed":0.0,"max_hp_gain":0.0,"max_hp_loss":0.0,"gold_gain":0.0,"event_name":"Wheel of Change","player_choice":"Cursed","floor":3.0,"gold_loss":0.0,"damage_taken":0.0,"cards_obtained":["Decay"]}],"is_beta":false,"boss_relics":[],"items_purged_floors":[4],"is_endless":false,"potions_floor_spawned":[1,6],"killed_by":"Gremlin Nob","ascension_level":9}