{"gold_per_floor":[110,110,21,32,50,50,69,102,102,135,148,165,165,165,165,262,262,280,295,313,333,104,104,161,161,161,161,174,207,207,222,222,327,327,346,249,268,282,308,336,336,51,121,121,132,407,134,161,161,161,161,161,61,96,96],"floor_reached":55,"playtime":4450,"items_purged":["Regret","Beam Cell"],"score":861,"play_id":"f183024b-9682-45f5-b0ad-84344b0c2d32","local_time":"20190322175400","is_ascension_mode":true,"campfire_choices":[{"data":"Sunder","floor":13.0,"key":"SMITH"},{"data":"Steam","floor":15.0,"key":"SMITH"},{"floor":23.0,"key":"REST"},{"data":"Fission","floor":25.0,"key":"SMITH"},{"data":"Seek","floor":27.0,"key":"SMITH"},{"floor":30.0,"key":"REST"},{"data":"Creative AI","floor":32.0,"key":"SMITH"},{"floor":41.0,"key":"RECALL"},{"data":"Defragment","floor":49,"key":"SMITH"},{"data":"Storm","floor":52,"key":"SMITH"}],"neow_cost":"NONE","seed_source_timestamp":0,"circlet_count":0,"master_deck":["Zap","Dualcast","Storm","Reboot","Self Repair","Coolheaded","Ball Lightning","Sunder+1","Chill","Tempest","Chill","Steam+1","Fission+1","Melter","Leap","Lockon","Creative AI+1","Chill","Thunder Strike","Storm+1","Turbo","Turbo+1","Force Field","Self Repair","Seek+1","Sunder","Glacier+1","Defragment+1","Coolheaded+1","Rainbow+1","Steam+1","Capacitor","Self Repair+1","Capacitor","Apotheosis+1","Hello World","Force Field+1","Turbo+1"],"special_seed":0,"relics":["Cracked Core","NeowsBlessing","Orichalcum","Bottled Tornado","Kunai","Pandora\u0027s Box","Tiny Chest","Toxic Egg 2","Calipers","Busted Crown","Art of War","PreservedInsect","Gremlin Horn","Boot","Strawberry"],"potions_floor_usage":[48,54],"damage_taken":[{"damage":0.0,"enemies":"2 Louse","floor":1.0,"turns":1.0},{"damage":0.0,"enemies":"Cultist","floor":4.0,"turns":1.0},{"damage":0.0,"enemies":"Jaw Worm","floor":5.0,"turns":1.0},{"damage":0.0,"enemies":"Gremlin Nob","floor":6.0,"turns":2.0},{"damage":13.0,"enemies":"Red Slaver","floor":7.0,"turns":3.0},{"damage":23.0,"enemies":"Lagavulin","floor":8.0,"turns":6.0},{"damage":16.0,"enemies":"Gremlin Nob","floor":10.0,"turns":4.0},{"damage":0.0,"enemies":"Large Slime","floor":11.0,"turns":3.0},{"damage":6.0,"enemies":"2 Fungi Beasts","floor":12.0,"turns":3.0},{"damage":9.0,"enemies":"The Guardian","floor":16.0,"turns":8.0},{"damage":20.0,"enemies":"3 Byrds","floor":18.0,"turns":5.0},{"damage":2.0,"enemies":"Chosen","floor":19.0,"turns":4.0},{"damage":33.0,"enemies":"Snake Plant","floor":20.0,"turns":4.0},{"damage":17.0,"enemies":"Centurion and Healer","floor":21.0,"turns":5.0},{"damage":13.0,"enemies":"Book of Stabbing","floor":24.0,"turns":4.0},{"damage":0.0,"enemies":"Chosen and Byrds","floor":28.0,"turns":4.0},{"damage":31.0,"enemies":"Slavers","floor":29.0,"turns":4.0},{"damage":0.0,"enemies":"Snecko","floor":31.0,"turns":3.0},{"damage":10.0,"enemies":"Champ","floor":33.0,"turns":7.0},{"damage":15.0,"enemies":"Orb Walker","floor":35.0,"turns":3.0},{"damage":3.0,"enemies":"3 Shapes","floor":37.0,"turns":5.0},{"damage":5.0,"enemies":"Jaw Worm Horde","floor":38.0,"turns":4.0},{"damage":37.0,"enemies":"Reptomancer","floor":40.0,"turns":5.0},{"damage":27,"enemies":"Writhing Mass","floor":45,"turns":4},{"damage":5,"enemies":"Giant Head","floor":48,"turns":7},{"damage":22,"enemies":"Time Eater","floor":50,"turns":8},{"damage":70,"enemies":"Shield and Spear","floor":54,"turns":4},{"damage":85,"enemies":"The Heart","floor":55,"turns":5}],"seed_played":"-623254931434475773","potions_obtained":[{"floor":1.0,"key":"PowerPotion"},{"floor":5.0,"key":"SmokeBomb"},{"floor":8.0,"key":"FairyPotion"},{"floor":10.0,"key":"PowerPotion"},{"floor":14.0,"key":"LiquidBronze"},{"floor":14.0,"key":"LiquidBronze"},{"floor":19.0,"key":"Poison Potion"},{"floor":20.0,"key":"Strength Potion"},{"floor":21.0,"key":"Poison Potion"},{"floor":24.0,"key":"Strength Potion"},{"floor":33.0,"key":"FocusPotion"},{"floor":37.0,"key":"FairyPotion"},{"floor":38.0,"key":"Ancient Potion"},{"floor":45,"key":"Block Potion"},{"floor":54,"key":"Fruit Juice"}],"is_trial":false,"path_per_floor":["?","M","M","?","M","T","$","M","?"],"character_chosen":"DEFECT","items_purchased":["Self Repair","Coolheaded","Self Repair","Seek","Steam+1","Capacitor","Gremlin Horn","Capacitor","Apotheosis+1","Hello World"],"campfire_rested":2,"item_purchase_floors":[3,3,22,22,36,36,42,42,47,47],"current_hp_per_floor":[75,75,75,75,75,75,69,53,53,44,51,52,52,52,52,50,75,62,67,41,31,31,53,54,54,54,54,68,44,66,73,73,75,75,74,74,75,75,75,62,62,62,62,62,59,59,59,75,75,75,75,75,75,44,0],"gold":96,"neow_bonus":"THREE_ENEMY_KILL","is_prod":false,"is_daily":false,"chose_seed":false,"campfire_upgraded":7,"win_rate":0,"timestamp":1553291640,"path_taken":["M","?","$","?","M","E","M","E","T","E","?","M","R","?","R","BOSS","M","M","M","M","$","R","E","R","T","R","?","E","R","M","R","BOSS","M","$","M","M","?","E","R","$","T","?","?","?","$","E","R","BOSS","R","$","E","BOSS"],"build_version":"2019-01-23","purchased_purges":2,"victory":false,"max_hp_per_floor":[75,75,75,75,75,75,75,75,75,75,75,75,75,75,75,75,75,75,75,75,75,75,75,75,75,75,75,75,75,75,75,75,75,75,75,75,75,75,75,75,75,75,75,75,75,75,75,75,75,75,75,75,75,87,87],"card_choices":[{"not_picked":["Sweeping Beam","Barrage"],"picked":"Storm","floor":1.0},{"not_picked":["Go for the Eyes","FTL"],"picked":"Ball Lightning","floor":4.0},{"not_picked":["Rebound","Streamline"],"picked":"Sunder","floor":5.0},{"not_picked":["Turbo","Steam Power"],"picked":"Chill","floor":7.0},{"not_picked":["Sweeping Beam","Coolheaded"],"picked":"Tempest","floor":8.0},{"not_picked":["Multi-Cast","Steam Power"],"picked":"Chill","floor":10.0},{"not_picked":["Barrage","Go for the Eyes"],"picked":"Steam","floor":11.0},{"not_picked":["Sweeping Beam","Barrage","Compile Driver"],"picked":"SKIP","floor":12.0},{"not_picked":["Multi-Cast","Machine Learning"],"picked":"Fission","floor":16.0},{"not_picked":["Genetic Algorithm","Streamline"],"picked":"Storm","floor":18.0},{"not_picked":["Gash+1","Barrage"],"picked":"Turbo","floor":19.0},{"not_picked":["Stack","Heatsinks"],"picked":"Turbo+1","floor":20.0},{"not_picked":["Steam","Hologram"],"picked":"Force Field","floor":21.0},{"not_picked":["Steam Power","Static Discharge+1"],"picked":"Sunder","floor":24.0},{"not_picked":["Barrage","Rebound"],"picked":"Glacier+1","floor":28.0},{"not_picked":["Reboot+1","Chill+1"],"picked":"Defragment","floor":29.0},{"not_picked":["Scrape","Static Discharge"],"picked":"Coolheaded+1","floor":31.0},{"not_picked":["Multi-Cast+1","Seek+1"],"picked":"Rainbow+1","floor":33.0},{"not_picked":["Compile Driver"],"picked":"SKIP","floor":35.0},{"not_picked":[],"picked":"Self Repair+1","floor":37.0},{"not_picked":["Recycle+1"],"picked":"SKIP","floor":38.0},{"not_picked":["Hologram+1"],"picked":"SKIP","floor":40.0},{"not_picked":["FTL+1"],"picked":"SKIP","floor":45},{"not_picked":[],"picked":"Force Field+1","floor":48},{"not_picked":[],"picked":"Turbo+1","floor":54}],"player_experience":309390,"relics_obtained":[{"floor":8.0,"key":"Orichalcum"},{"floor":9.0,"key":"Bottled Tornado"},{"floor":10.0,"key":"Kunai"},{"floor":24.0,"key":"Tiny Chest"},{"floor":26.0,"key":"Toxic Egg 2"},{"floor":29.0,"key":"Calipers"},{"floor":39.0,"key":"Art of War"},{"floor":40.0,"key":"PreservedInsect"},{"floor":48,"key":"Boot"},{"floor":54,"key":"Strawberry"}],"event_choices":[{"damage_healed":0.0,"max_hp_gain":0.0,"max_hp_loss":0.0,"gold_gain":0.0,"cards_transformed":["Strike_B"],"event_name":"Transmorgrifier","player_choice":"Transformed","floor":2.0,"gold_loss":0.0,"damage_taken":0.0,"cards_obtained":["Reboot"]},{"damage_healed":0.0,"max_hp_gain":0.0,"max_hp_loss":0.0,"gold_gain":0.0,"event_name":"Lab","player_choice":"Got Potions","floor":14.0,"gold_loss":0.0,"damage_taken":0.0},{"damage_healed":0,"gold_gain":275,"player_choice":"Desecrate","damage_taken":0,"max_hp_gain":0,"max_hp_loss":0,"event_name":"Golden Shrine","floor":46,"gold_loss":0,"cards_obtained":["Regret"]}],"is_beta":false,"boss_relics":[{"not_picked":["Empty Cage","Inserter"],"picked":"Pandora\u0027s Box"},{"not_picked":["Tiny House","Black Star"],"picked":"Busted Crown"}],"items_purged_floors":[47,53],"is_endless":false,"potions_floor_spawned":[1,5,6,8,10,19,20,21,24,33,37,38,45,54],"killed_by":"The Heart","ascension_level":2}