{"gold_per_floor":[115,133,144,144,194,194,209,226,226,108,120,120,20,20],"floor_reached":14,"playtime":268,"items_purged":["Strike_R","Strike_R"],"score":156,"play_id":"79dde5a1-01e1-48eb-b2f5-ad126bea3bdb","local_time":"20190424010544","is_ascension_mode":true,"campfire_choices":[{"data":"Demon Form","floor":6.0,"key":"SMITH"},{"floor":12.0,"key":"REST"}],"neow_cost":"NONE","seed_source_timestamp":898290711570724,"circlet_count":0,"master_deck":["AscendersBane","Strike_R","Strike_R","Defend_R","Defend_R","Defend_R","Defend_R","Bash","Pommel Strike","Flex","Whirlwind","Demon Form+1","Warcry","Thunderclap","Inflame","Disarm","Shrug It Off"],"special_seed":0,"relics":["Burning Blood","Molten Egg 2"],"potions_floor_usage":[],"damage_taken":[{"damage":6.0,"enemies":"Cultist","floor":1.0,"turns":3.0},{"damage":12.0,"enemies":"Jaw Worm","floor":2.0,"turns":2.0},{"damage":4.0,"enemies":"Small Slimes","floor":3.0,"turns":3.0},{"damage":49.0,"enemies":"Exordium Thugs","floor":7.0,"turns":4.0},{"damage":12.0,"enemies":"2 Fungi Beasts","floor":8.0,"turns":2.0},{"damage":11.0,"enemies":"3 Louse","floor":11.0,"turns":4.0},{"damage":52,"enemies":"Gremlin Nob","floor":14,"turns":4}],"seed_played":"-2964033950879424430","potions_obtained":[{"floor":8.0,"key":"EssenceOfSteel"}],"is_trial":false,"path_per_floor":["M","M","M","?","?","R","M","M","T","$","M","R","$","E"],"character_chosen":"IRONCLAD","items_purchased":["Disarm"],"campfire_rested":1,"item_purchase_floors":[10],"current_hp_per_floor":[68,62,64,64,64,64,21,15,15,15,10,32,32,0],"gold":20,"neow_bonus":"THREE_CARDS","is_prod":false,"is_daily":false,"chose_seed":false,"campfire_upgraded":1,"win_rate":0,"timestamp":1556035544,"path_taken":["M","M","M","?","?","R","M","M","T","$","?","R","$","E"],"build_version":"2019-01-23","purchased_purges":2,"victory":false,"max_hp_per_floor":[75,75,75,75,75,75,75,75,75,75,75,75,75,75],"card_choices":[{"not_picked":["Sever Soul","Warcry"],"picked":"Pommel Strike","floor":0.0},{"not_picked":["Anger","Heavy Blade"],"picked":"Flex","floor":1.0},{"not_picked":["Warcry","Shrug It Off"],"picked":"Whirlwind","floor":2.0},{"not_picked":["Seeing Red","Flex"],"picked":"Demon Form","floor":3.0},{"not_picked":["Havoc","Entrench"],"picked":"Thunderclap","floor":7.0},{"not_picked":["Anger","Intimidate"],"picked":"Inflame","floor":8.0},{"not_picked":["Perfected Strike+1","Shockwave"],"picked":"Shrug It Off","floor":11.0}],"player_experience":457803,"relics_obtained":[{"floor":9.0,"key":"Molten Egg 2"}],"event_choices":[{"damage_healed":0.0,"max_hp_gain":0.0,"max_hp_loss":0.0,"gold_gain":0.0,"cards_transformed":["Strike_R"],"event_name":"Living Wall","player_choice":"Change","floor":4.0,"gold_loss":0.0,"damage_taken":0.0,"cards_obtained":["Warcry"]},{"damage_healed":0.0,"max_hp_gain":0.0,"max_hp_loss":0.0,"gold_gain":50.0,"event_name":"Golden Shrine","player_choice":"Pray","floor":5.0,"gold_loss":0.0,"damage_taken":0.0}],"is_beta":false,"boss_relics":[],"items_purged_floors":[10,13],"is_endless":false,"potions_floor_spawned":[8],"killed_by":"Gremlin Nob","ascension_level":18}