{"path_per_floor":["M","?","$","?","$","E","?","R","T","E","M","R","?","M","R","B",null,"M","M","$","?","M","R","M","M","T","?","M","R","?","E","R","B",null,"M","$","M","M","M","R"],"character_chosen":"DEFECT","items_purchased":["Defragment","Cold Snap","Defragment","Glacier","Skim"],"gold_per_floor":[109,284,120,195,19,45,45,45,45,71,83,83,83,95,95,197,197,210,222,26,26,44,44,60,74,74,74,84,84,84,114,114,213,213,226,9,22,41,56,56,56],"floor_reached":41,"campfire_rested":4,"playtime":3097,"item_purchase_floors":[3,3,5,20,36],"current_hp_per_floor":[68,68,68,57,57,14,7,29,36,22,22,22,82,82,82,39,82,70,65,65,65,65,65,41,31,31,15,8,34,34,30,56,48,87,52,52,41,38,5,31,0],"items_purged":["Doubt","Strike_B","Strike_B","Defend_B"],"gold":56,"score":421,"play_id":"9feec364-5e65-4b62-8c54-de4b90569121","local_time":"20180601093604","is_prod":false,"is_daily":false,"chose_seed":false,"is_ascension_mode":false,"campfire_upgraded":3,"win_rate":0.0,"timestamp":1527860164,"campfire_choices":[{"floor":8,"key":"REST"},{"data":"Defragment","floor":12,"key":"SMITH"},{"data":"Fusion","floor":15,"key":"SMITH"},{"data":"Hologram","floor":23,"key":"SMITH"},{"floor":29,"key":"REST"},{"floor":32,"key":"REST"},{"floor":40,"key":"REST"}],"path_taken":["M","?","$","?","$","E","?","R","T","E","M","R","?","M","R","BOSS","M","M","$","?","M","R","?","M","T","?","M","R","?","E","R","BOSS","M","$","M","M","M","R","M"],"build_version":"2018-05-31","seed_source_timestamp":2383815554816338,"purchased_purges":4,"victory":false,"master_deck":["Defend_B","Defend_B","Defend_B","Zap","Dualcast","Genetic Algorithm","Defragment","Cold Snap","Defragment+1","Doom and Gloom+1","Loop","Multi-Cast","Fusion+1","Seek","Hologram+1","Glacier","Loop","Defragment+1","Capacitor","Regret","Go for the Eyes+1","Amplify","Fission","Hologram","Skim","Beam Cell+1","Barrage+1","Conserve Battery+1"],"max_hp_per_floor":[75,75,75,75,75,75,75,75,82,82,82,82,82,82,82,82,82,82,82,82,82,82,82,82,82,82,87,87,87,87,87,87,87,87,87,87,87,87,87,87,87],"relics":["Cracked Core","Oddly Smooth Stone","Strawberry","Whetstone","Cursed Key","Pantograph","Unceasing Top","Inserter"],"card_choices":[{"not_picked":["Coolheaded","Steam Power"],"picked":"Genetic Algorithm","floor":1},{"not_picked":["Aggregate","Conserve Battery"],"picked":"Doom and Gloom","floor":6},{"not_picked":["Defragment","Stack"],"picked":"Loop","floor":10},{"not_picked":["Redo","Storm"],"picked":"Multi-Cast","floor":11},{"not_picked":["Sweeping Beam","Gash"],"picked":"Fusion","floor":14},{"not_picked":["Rainbow","Reboot"],"picked":"Seek","floor":16},{"not_picked":["Stack+1","Rip and Tear"],"picked":"Hologram","floor":18},{"not_picked":["Gash","Tempest","Sweeping Beam"],"picked":"SKIP","floor":19},{"not_picked":["Hologram+1","Reinforced Body"],"picked":"Loop","floor":22},{"not_picked":["Steam","Streamline"],"picked":"Defragment+1","floor":24},{"not_picked":["Stack+1","Rip and Tear"],"picked":"Capacitor","floor":25},{"not_picked":["Stack","Capacitor"],"picked":"Go for the Eyes+1","floor":28},{"not_picked":["Hologram","Chill"],"picked":"Amplify","floor":31},{"not_picked":["Reboot","Amplify"],"picked":"Fission","floor":33},{"not_picked":["Cold Snap","Capacitor+1"],"picked":"Hologram","floor":35},{"not_picked":["Consume","Blizzard+1"],"picked":"Beam Cell+1","floor":37},{"not_picked":["Scrape","FTL+1"],"picked":"Barrage+1","floor":38},{"not_picked":["Beam Cell+1","Auto Shields"],"picked":"Conserve Battery+1","floor":39}],"player_experience":118189,"potions_floor_usage":[16,19,28,31,31,41,41],"damage_taken":[{"damage":7,"enemies":"Small Slimes","floor":1,"turns":4},{"damage":43,"enemies":"Gremlin Nob","floor":6,"turns":6},{"damage":14,"enemies":"3 Sentries","floor":10,"turns":5},{"damage":0,"enemies":"Jaw Worm","floor":11,"turns":4},{"damage":0,"enemies":"Cultist","floor":14,"turns":3},{"damage":43,"enemies":"Hexaghost","floor":16,"turns":9},{"damage":12,"enemies":"3 Byrds","floor":18,"turns":4},{"damage":17,"enemies":"Shell Parasite","floor":19,"turns":5},{"damage":0,"enemies":"Sentry and Sphere","floor":22,"turns":6},{"damage":24,"enemies":"Centurion and Healer","floor":24,"turns":4},{"damage":10,"enemies":"Snake Plant","floor":25,"turns":4},{"damage":7,"enemies":"Sentry and Sphere","floor":28,"turns":6},{"damage":18,"enemies":"Gremlin Leader","floor":31,"turns":7},{"damage":33,"enemies":"Collector","floor":33,"turns":6},{"damage":35,"enemies":"3 Shapes","floor":35,"turns":5},{"damage":11,"enemies":"Orb Walker","floor":37,"turns":4},{"damage":3,"enemies":"3 Darklings","floor":38,"turns":7},{"damage":33,"enemies":"4 Shapes","floor":39,"turns":5},{"damage":54,"enemies":"Sphere and 2 Shapes","floor":41,"turns":3}],"relics_obtained":[{"floor":6,"key":"Oddly Smooth Stone"},{"floor":9,"key":"Strawberry"},{"floor":10,"key":"Whetstone"},{"floor":26,"key":"Pantograph"},{"floor":31,"key":"Unceasing Top"}],"event_choices":[{"event_name":"Liars Game","player_choice":"agreed","floor":2,"damage_taken":0},{"event_name":"World of Goop","player_choice":"Gather Gold","floor":4,"damage_taken":0},{"event_name":"Golden Wing","player_choice":"Card Removal","floor":7,"damage_taken":0},{"event_name":"Wheel of Change","player_choice":"Full Heal","floor":13,"damage_taken":0},{"event_name":"Drug Dealer","player_choice":"Ignored","floor":21,"damage_taken":0},{"event_name":"Forgotten Altar","player_choice":"Shed Blood","floor":27,"damage_taken":0},{"event_name":"Back to Basics","player_choice":"Elegance","floor":30,"damage_taken":0}],"boss_relics":[{"not_picked":["Runic Dome","Lizard Tail"],"picked":"Cursed Key"},{"not_picked":["White Beast Statue","Runic Pyramid"],"picked":"Inserter"}],"items_purged_floors":[3,5,20,36],"potions_floor_spawned":[1,10,16,18,22,28,33,37],"seed_played":"3945636503636507142","killed_by":"Sphere and 2 Shapes","ascension_level":0,"potions_obtained":[{"floor":1,"key":"LiquidBronze"},{"floor":10,"key":"Energy Potion"},{"floor":16,"key":"FearPotion"},{"floor":18,"key":"Regen Potion"},{"floor":22,"key":"EssenceOfSteel"},{"floor":28,"key":"Regen Potion"},{"floor":33,"key":"GamblersBrew"},{"floor":37,"key":"PowerPotion"}],"is_trial":false}