{"gold_per_floor":[114,132,207,46,46,72,72,89,89,116,131,131,147,172,172,270,270,282,282,293,253,264,293,293,208,208,258,278,307,307,26,26,129,129,141,189,205,205,9,37,37,37],"floor_reached":42,"playtime":5280,"items_purged":["Strike_G"],"score":770,"play_id":"be5f5332-2be0-45a8-882b-c85806457317","local_time":"20190527100733","is_ascension_mode":true,"campfire_choices":[{"floor":7.0,"key":"DIG"},{"floor":12.0,"key":"DIG"},{"floor":15.0,"key":"DIG"},{"floor":24.0,"key":"DIG"},{"floor":30.0,"key":"DIG"},{"floor":32.0,"key":"DIG"},{"floor":41,"key":"DIG"}],"neow_cost":"NONE","seed_source_timestamp":708719886774573,"circlet_count":0,"master_deck":["Defend_G","Defend_G","Defend_G","Defend_G","Defend_G","Strike_G","Strike_G","Strike_G+1","Survivor","Neutralize+1","Blur","Bouncing Flask","Infinite Blades","Quick Slash","Skewer","Glass Knife","Terror","Cloak And Dagger","After Image","Ghostly+1","Ghostly","Ghostly","Ghostly","Ghostly","Deadly Poison","Noxious Fumes+1","Deadly Poison+1","Bouncing Flask","Footwork+1","Envenom+1","Catalyst+1","Blade Dance+1","Bouncing Flask+1","Infinite Blades+1"],"special_seed":0,"relics":["Ring of the Snake","NeowsBlessing","Shovel","Whetstone","Bottled Lightning","Potion Belt","Snake Skull","Vajra","Omamori","Runic Pyramid","Meat on the Bone","Strawberry","Boot","Frozen Egg 2","Dodecahedron","Bag of Marbles","Bag of Preparation","Bottled Flame","Fusion Hammer","Ginger","Lantern","PreservedInsect"],"potions_floor_usage":[36,37,40,42,42],"damage_taken":[{"damage":0.0,"enemies":"Cultist","floor":1.0,"turns":1.0},{"damage":0.0,"enemies":"Jaw Worm","floor":2.0,"turns":1.0},{"damage":0.0,"enemies":"3 Sentries","floor":6.0,"turns":2.0},{"damage":0.0,"enemies":"2 Louse","floor":8.0,"turns":3.0},{"damage":15.0,"enemies":"Lagavulin","floor":10.0,"turns":5.0},{"damage":0.0,"enemies":"Red Slaver","floor":11.0,"turns":4.0},{"damage":8.0,"enemies":"Exordium Wildlife","floor":13.0,"turns":3.0},{"damage":12.0,"enemies":"Gremlin Nob","floor":14.0,"turns":3.0},{"damage":10.0,"enemies":"The Guardian","floor":16.0,"turns":8.0},{"damage":5.0,"enemies":"Chosen","floor":18.0,"turns":5.0},{"damage":11.0,"enemies":"3 Byrds","floor":20.0,"turns":9.0},{"damage":5.0,"enemies":"Snake Plant","floor":22.0,"turns":6.0},{"damage":0.0,"enemies":"Book of Stabbing","floor":23.0,"turns":7.0},{"damage":7.0,"enemies":"Centurion and Healer","floor":28.0,"turns":5.0},{"damage":30.0,"enemies":"Gremlin Leader","floor":29.0,"turns":6.0},{"damage":7.0,"enemies":"Champ","floor":33.0,"turns":10.0},{"damage":0.0,"enemies":"3 Darklings","floor":35.0,"turns":7.0},{"damage":4,"enemies":"2 Orb Walkers","floor":36,"turns":6},{"damage":4,"enemies":"3 Shapes","floor":37,"turns":4},{"damage":14,"enemies":"Nemesis","floor":40,"turns":5},{"damage":58,"enemies":"Reptomancer","floor":42,"turns":4}],"seed_played":"-7527140433720498970","potions_obtained":[{"floor":2.0,"key":"Strength Potion"},{"floor":8.0,"key":"AttackPotion"},{"floor":13.0,"key":"AttackPotion"},{"floor":23.0,"key":"PowerPotion"},{"floor":28.0,"key":"SteroidPotion"},{"floor":29.0,"key":"GamblersBrew"},{"floor":36,"key":"EssenceOfSteel"},{"floor":37,"key":"Strength Potion"}],"is_trial":false,"path_per_floor":["M","M","?","$","?","E","R","M","T","E","M","R","M","E","R","B",null,"M","?","M","?","M","E","R","?","T","?","M","E","R","$","R","B",null,"M","?","M","?","$","E","R","E"],"character_chosen":"THE_SILENT","items_purchased":["Infinite Blades","Energy Potion","Footwork+1","Bag of Preparation","Block Potion","Infinite Blades+1","GhostInAJar","Strength Potion"],"campfire_rested":0,"item_purchase_floors":[4,4,31,31,31,39,39,39],"current_hp_per_floor":[63,63,52,52,52,52,52,52,52,37,37,37,29,17,17,7,54,49,35,24,24,19,19,26,26,26,26,31,13,13,13,13,18,36,36,32,28,28,28,26,26,0],"gold":37,"neow_bonus":"THREE_ENEMY_KILL","is_prod":false,"is_daily":false,"chose_seed":false,"campfire_upgraded":0,"win_rate":0,"timestamp":1558931853,"path_taken":["M","?","?","?","?","E","R","M","T","E","M","R","?","E","R","BOSS","M","?","M","?","?","E","R","?","T","?","M","E","R","$","R","BOSS","M","?","M","?","?","E","R","E"],"build_version":"2019-01-23","purchased_purges":1,"victory":false,"max_hp_per_floor":[70,70,70,70,70,70,70,70,70,70,70,70,70,70,70,70,70,70,35,35,35,35,35,42,42,42,42,42,42,42,42,42,42,42,42,42,42,42,42,42,42,42],"card_choices":[{"not_picked":["Underhanded Strike","Tactician"],"picked":"Blur","floor":1.0},{"not_picked":["Backflip","Terror"],"picked":"Bouncing Flask","floor":2.0},{"not_picked":["Finisher","Dodge and Roll"],"picked":"Quick Slash","floor":6.0},{"not_picked":["Underhanded Strike","Flying Knee"],"picked":"Skewer","floor":8.0},{"not_picked":["Dodge and Roll","Poisoned Stab"],"picked":"Glass Knife","floor":10.0},{"not_picked":["PiercingWail","Underhanded Strike"],"picked":"Terror","floor":11.0},{"not_picked":["Deflect","Skewer"],"picked":"Cloak And Dagger","floor":13.0},{"not_picked":["Quick Slash","Outmaneuver","Slice"],"picked":"SKIP","floor":14.0},{"not_picked":["Bullet Time","Unload"],"picked":"After Image","floor":16.0},{"not_picked":["Deflect","Distraction+1"],"picked":"Prepared+1","floor":18.0},{"not_picked":["Outmaneuver","Sucker Punch+1"],"picked":"Deadly Poison","floor":20.0},{"not_picked":["Blur","Underhanded Strike+1","Expertise"],"picked":"SKIP","floor":22.0},{"not_picked":["Backstab","Backflip"],"picked":"Noxious Fumes+1","floor":23.0},{"not_picked":["Predator","Choke"],"picked":"Deadly Poison+1","floor":28.0},{"not_picked":["Dagger Throw","Riddle With Holes"],"picked":"Bouncing Flask","floor":29.0},{"not_picked":["Night Terror","Unload"],"picked":"Envenom+1","floor":33.0},{"not_picked":["Bane+1","Dodge and Roll"],"picked":"Catalyst+1","floor":35.0},{"not_picked":["Backstab","Dagger Throw"],"picked":"Blade Dance+1","floor":36},{"not_picked":["Predator+1","Reflex+1"],"picked":"Bouncing Flask+1","floor":37},{"not_picked":["Finisher+1","Dagger Throw+1","Cloak And Dagger+1"],"picked":"SKIP","floor":40}],"player_experience":820053,"relics_obtained":[{"floor":6.0,"key":"Shovel"},{"floor":7.0,"key":"Whetstone"},{"floor":9.0,"key":"Bottled Lightning"},{"floor":10.0,"key":"Potion Belt"},{"floor":12.0,"key":"Snake Skull"},{"floor":14.0,"key":"Vajra"},{"floor":15.0,"key":"Omamori"},{"floor":23.0,"key":"Meat on the Bone"},{"floor":24.0,"key":"Strawberry"},{"floor":26.0,"key":"Frozen Egg 2"},{"floor":29.0,"key":"Dodecahedron"},{"floor":30.0,"key":"Bag of Marbles"},{"floor":32.0,"key":"Bottled Flame"},{"floor":36,"key":"Ginger"},{"floor":40,"key":"Lantern"},{"floor":41,"key":"PreservedInsect"}],"event_choices":[{"damage_healed":0.0,"max_hp_gain":0.0,"max_hp_loss":0.0,"gold_gain":75.0,"event_name":"World of Goop","player_choice":"Gather Gold","floor":3.0,"gold_loss":0.0,"damage_taken":11.0},{"cards_removed":["Strike_G"],"damage_healed":0.0,"max_hp_gain":0.0,"max_hp_loss":0.0,"gold_gain":0.0,"event_name":"Purifier","player_choice":"Purged","floor":5.0,"gold_loss":0.0,"damage_taken":0.0},{"damage_healed":0.0,"max_hp_gain":0.0,"max_hp_loss":35.0,"gold_gain":0.0,"event_name":"Ghosts","player_choice":"Became a Ghost","floor":19.0,"gold_loss":0.0,"damage_taken":0.0,"cards_obtained":["Ghostly","Ghostly","Ghostly","Ghostly","Ghostly"]},{"damage_healed":0.0,"max_hp_gain":0.0,"max_hp_loss":0.0,"gold_gain":0.0,"event_name":"Designer","player_choice":"Upgrade","floor":21.0,"gold_loss":40.0,"damage_taken":0.0,"cards_upgraded":["Ghostly"]},{"damage_healed":0.0,"max_hp_gain":0.0,"max_hp_loss":0.0,"gold_gain":0.0,"event_name":"Addict","player_choice":"Obtained Relic","floor":25.0,"gold_loss":85.0,"damage_taken":0.0,"relics_obtained":["Boot"]},{"damage_healed":0.0,"max_hp_gain":0.0,"max_hp_loss":0.0,"gold_gain":100.0,"event_name":"The Joust","player_choice":"Bet on Murderer","floor":27.0,"gold_loss":50.0,"damage_taken":0.0},{"damage_healed":0,"gold_gain":0,"player_choice":"Fight","damage_taken":0,"max_hp_gain":0,"max_hp_loss":0,"event_name":"Mysterious Sphere","floor":36,"gold_loss":0},{"cards_removed":["Prepared"],"damage_healed":0,"gold_gain":0,"player_choice":"Removed Skill","damage_taken":0,"max_hp_gain":0,"max_hp_loss":0,"event_name":"Falling","floor":38,"gold_loss":0}],"is_beta":false,"boss_relics":[{"not_picked":["Ring of the Serpent","Philosopher\u0027s Stone"],"picked":"Runic Pyramid"},{"not_picked":["Lizard Tail","WristBlade"],"picked":"Fusion Hammer"}],"items_purged_floors":[4],"is_endless":false,"potions_floor_spawned":[2,8,13,23,28,29,36,37],"killed_by":"Reptomancer","ascension_level":8}