{"gold_per_floor":[118,128,143,143,156,156,190,365,365,365,365],"floor_reached":11,"playtime":235,"items_purged":[],"score":124,"play_id":"87bbe499-8e3e-452f-8d95-c428bc63eb4d","local_time":"20190406021445","is_ascension_mode":true,"campfire_choices":[{"data":"True Grit","floor":6,"key":"SMITH"},{"data":"Rupture","floor":10,"key":"SMITH"}],"neow_cost":"NONE","seed_source_timestamp":1566264927070547,"circlet_count":0,"master_deck":["AscendersBane","Strike_R","Strike_R","Strike_R","Strike_R","Defend_R","Defend_R","Defend_R","Defend_R","Bash","Inflame","Seeing Red","True Grit+1","Clothesline","Twin Strike","Rupture+1","Doubt"],"relics":["Burning Blood","Vajra","Bottled Tornado","Sundial"],"potions_floor_usage":[7],"damage_taken":[{"damage":5,"enemies":"Small Slimes","floor":1,"turns":4},{"damage":11,"enemies":"2 Louse","floor":2,"turns":2},{"damage":4,"enemies":"Jaw Worm","floor":3,"turns":4},{"damage":11,"enemies":"Looter","floor":5,"turns":3},{"damage":28,"enemies":"Gremlin Nob","floor":7,"turns":4},{"damage":38,"enemies":"Lagavulin","floor":11,"turns":6}],"seed_played":"-8948936865552500803","potions_obtained":[{"floor":2,"key":"Poison Potion"},{"floor":3,"key":"AttackPotion"},{"floor":5,"key":"SpeedPotion"}],"is_trial":false,"path_per_floor":["M","M","M","?","M","R","E","?","T","R","E"],"character_chosen":"IRONCLAD","items_purchased":[],"campfire_rested":0,"item_purchase_floors":[],"current_hp_per_floor":[69,64,66,54,49,49,27,27,27,27,0],"gold":365,"neow_bonus":"TRANSFORM_CARD","is_prod":false,"is_daily":false,"chose_seed":false,"campfire_upgraded":2,"win_rate":0,"timestamp":1554484485,"path_taken":["M","M","M","?","M","R","E","?","T","R","E"],"build_version":"2019-01-23","purchased_purges":0,"victory":false,"max_hp_per_floor":[75,75,75,75,75,75,75,75,75,75,75],"card_choices":[{"not_picked":["Clothesline","True Grit"],"picked":"Seeing Red","floor":1},{"not_picked":["Hemokinesis","Thunderclap"],"picked":"True Grit","floor":2},{"not_picked":["Body Slam","Warcry"],"picked":"Clothesline","floor":3},{"not_picked":["Uppercut","Perfected Strike"],"picked":"Twin Strike","floor":5},{"not_picked":["Fiend Fire","Dark Embrace"],"picked":"Rupture","floor":7}],"player_experience":426333,"relics_obtained":[{"floor":7,"key":"Bottled Tornado"},{"floor":9,"key":"Sundial"}],"event_choices":[{"damage_healed":0,"gold_gain":0,"player_choice":"Success","damage_taken":12,"relics_obtained":["Vajra"],"max_hp_gain":0,"max_hp_loss":0,"event_name":"Scrap Ooze","floor":4,"gold_loss":0},{"damage_healed":0,"gold_gain":175,"player_choice":"AGREE","damage_taken":0,"max_hp_gain":0,"max_hp_loss":0,"event_name":"Liars Game","floor":8,"gold_loss":0,"cards_obtained":["Doubt"]}],"is_beta":false,"boss_relics":[],"items_purged_floors":[],"is_endless":false,"potions_floor_spawned":[2,3,5],"killed_by":"Lagavulin","ascension_level":14}