{"gold_per_floor":[114,114,134,153,78,78,141,141,192,208,223,249,249,263,263,366,366,383,393,419,433,447,447,131,131,182,199,209,209,209],"floor_reached":30,"playtime":2092,"items_purged":["Strike_B","Strike_B"],"score":234,"play_id":"68bf0eb9-0be4-403f-93f9-ac573b61f889","local_time":"20190307164748","is_ascension_mode":false,"campfire_choices":[{"data":"Zap","floor":6.0,"key":"SMITH"},{"data":"Conserve Battery","floor":8.0,"key":"SMITH"},{"data":"Seek","floor":15.0,"key":"SMITH"},{"data":"White Noise","floor":23.0,"key":"SMITH"},{"floor":29,"key":"REST"}],"neow_cost":"NONE","seed_source_timestamp":315511025237884,"circlet_count":0,"master_deck":["Strike_B+1","Strike_B+1","Defend_B+1","Defend_B+1","Defend_B+1","Defend_B+1","Zap+1","Dualcast","Seek+1","Self Repair","Gash","Conserve Battery+1","White Noise+1","Gash","Beam Cell","Seek","Sweeping Beam","White Noise","Steam","Gash","Beam Cell","Conserve Battery","Purity","Capacitor+1","Hologram"],"special_seed":0,"relics":["Cracked Core","NeowsBlessing","Singing Bowl","Happy Flower","Nuclear Battery","Red Mask","Regal Pillow"],"potions_floor_usage":[27,27],"damage_taken":[{"damage":0.0,"enemies":"2 Louse","floor":1.0,"turns":1.0},{"damage":0.0,"enemies":"Cultist","floor":3.0,"turns":1.0},{"damage":0.0,"enemies":"Jaw Worm","floor":4.0,"turns":1.0},{"damage":25.0,"enemies":"3 Sentries","floor":7.0,"turns":7.0},{"damage":0.0,"enemies":"Looter","floor":10.0,"turns":4.0},{"damage":4.0,"enemies":"Exordium Wildlife","floor":11.0,"turns":4.0},{"damage":14.0,"enemies":"Lagavulin","floor":12.0,"turns":8.0},{"damage":8.0,"enemies":"Large Slime","floor":14.0,"turns":5.0},{"damage":39.0,"enemies":"Hexaghost","floor":16.0,"turns":10.0},{"damage":17.0,"enemies":"Spheric Guardian","floor":18.0,"turns":4.0},{"damage":9.0,"enemies":"Chosen","floor":19.0,"turns":5.0},{"damage":5.0,"enemies":"Masked Bandits","floor":20.0,"turns":2.0},{"damage":23.0,"enemies":"Shelled Parasite and Fungi","floor":21.0,"turns":8.0},{"damage":40.0,"enemies":"3 Cultists","floor":22.0,"turns":5.0},{"damage":27,"enemies":"Cultist and Chosen","floor":27,"turns":6},{"damage":9,"enemies":"Centurion and Healer","floor":28,"turns":7},{"damage":47,"enemies":"Slavers","floor":30,"turns":4}],"seed_played":"-1704023366335595780","potions_obtained":[{"floor":3.0,"key":"Explosive Potion"},{"floor":4.0,"key":"Regen Potion"},{"floor":10.0,"key":"Explosive Potion"},{"floor":19.0,"key":"SkillPotion"},{"floor":21.0,"key":"Explosive Potion"},{"floor":22.0,"key":"Poison Potion"}],"is_trial":false,"path_per_floor":["M","?","M","M","$","R","?","R","T","M","M","E","?","M","R","B",null,"M","M","?","M","M","R","$","?","T","M","M","R","E"],"character_chosen":"DEFECT","items_purchased":["Gash","Beam Cell","Conserve Battery","Purity"],"campfire_rested":1,"item_purchase_floors":[24,24,24,24],"current_hp_per_floor":[75,75,75,75,75,75,57,57,57,57,60,55,60,59,59,27,82,74,72,81,65,32,32,32,32,32,12,10,50,3],"gold":209,"neow_bonus":"THREE_ENEMY_KILL","is_prod":false,"is_daily":false,"chose_seed":false,"campfire_upgraded":4,"win_rate":0,"timestamp":1551998868,"path_taken":["M","?","?","M","$","R","?","R","T","M","M","E","?","M","R","BOSS","M","M","?","M","M","R","$","?","T","M","M","R","E"],"build_version":"2019-01-23","purchased_purges":2,"victory":false,"max_hp_per_floor":[75,75,75,75,75,75,75,75,75,75,75,77,82,82,82,82,82,84,84,86,86,86,86,86,86,86,86,86,86,86],"card_choices":[{"not_picked":["Go for the Eyes","Darkness","Recycle"],"picked":"SKIP","floor":1.0},{"not_picked":["Sunder","Cold Snap"],"picked":"Self Repair","floor":3.0},{"not_picked":["Coolheaded","Ball Lightning"],"picked":"Gash","floor":4.0},{"not_picked":["Sunder","Recycle"],"picked":"Conserve Battery","floor":7.0},{"not_picked":["Compile Driver","Multi-Cast"],"picked":"White Noise","floor":10.0},{"not_picked":["Streamline","Conserve Battery"],"picked":"Gash","floor":11.0},{"not_picked":["Blizzard","Steam","Go for the Eyes"],"picked":"Singing Bowl","floor":12.0},{"not_picked":["Blizzard","Consume"],"picked":"Beam Cell","floor":14.0},{"not_picked":["Rainbow","Buffer"],"picked":"Seek","floor":16.0},{"not_picked":["Aggregate","Barrage","Double Energy"],"picked":"Singing Bowl","floor":18.0},{"not_picked":["Undo","Auto Shields"],"picked":"Sweeping Beam","floor":19.0},{"not_picked":["Coolheaded","Redo+1","Ball Lightning"],"picked":"Singing Bowl","floor":20.0},{"not_picked":["Sweeping Beam","Undo+1"],"picked":"White Noise","floor":21.0},{"not_picked":["Chill+1","Reinforced Body+1"],"picked":"Steam","floor":22.0},{"not_picked":["Static Discharge","Hello World"],"picked":"Capacitor+1","floor":27},{"not_picked":["Go for the Eyes","Chill"],"picked":"Hologram","floor":28}],"player_experience":208881,"relics_obtained":[{"floor":7.0,"key":"Singing Bowl"},{"floor":12.0,"key":"Happy Flower"},{"floor":20.0,"key":"Red Mask"},{"floor":26.0,"key":"Regal Pillow"}],"event_choices":[{"damage_healed":0.0,"max_hp_gain":0.0,"max_hp_loss":0.0,"gold_gain":0.0,"event_name":"Match and Keep!","player_choice":"1 cards matched","floor":2.0,"gold_loss":0.0,"damage_taken":0.0,"cards_obtained":["Seek"]},{"damage_healed":0.0,"max_hp_gain":0.0,"max_hp_loss":0.0,"gold_gain":0.0,"event_name":"Dead Adventurer","player_choice":"Searched \u00271\u0027 times","floor":7.0,"gold_loss":0.0,"damage_taken":0.0},{"damage_healed":0.0,"max_hp_gain":5.0,"max_hp_loss":0.0,"gold_gain":0.0,"event_name":"Big Fish","player_choice":"Donut","floor":13.0,"gold_loss":0.0,"damage_taken":0.0},{"damage_healed":0.0,"max_hp_gain":0.0,"max_hp_loss":0.0,"gold_gain":0.0,"event_name":"Masked Bandits","player_choice":"Fought Bandits","floor":20.0,"gold_loss":0.0,"damage_taken":0.0},{"damage_healed":0.0,"max_hp_gain":0.0,"max_hp_loss":0.0,"gold_gain":0.0,"event_name":"Back to Basics","player_choice":"Simplicity","floor":25.0,"gold_loss":0.0,"damage_taken":0.0,"cards_upgraded":["Strike_B","Strike_B","Defend_B","Defend_B","Defend_B","Defend_B"]}],"is_beta":false,"boss_relics":[{"not_picked":["Velvet Choker","Inserter"],"picked":"Nuclear Battery"}],"items_purged_floors":[5,24],"is_endless":false,"potions_floor_spawned":[3,4,10,19,21,22],"killed_by":"Slavers","ascension_level":0}