{"gold_per_floor":[111,111,126,51,51,86,161,174,200,38,66,66,66,94,94,198,198,210,135,135,155,174,174,190,209,232,243,258,277,277,127,127,227,227,240,115,115,115,135,135,145,161,161,174,184,184,202,0,0,0,0,0,0,27,27],"floor_reached":55,"playtime":7042,"items_purged":["Strike_R","Strike_R","Strike_R"],"score":841,"play_id":"421f70f1-51d4-4f2a-a99a-08752da117ad","local_time":"20190429173802","is_ascension_mode":false,"campfire_choices":[{"data":"Deep Breath","floor":13.0,"key":"SMITH"},{"data":"Warcry","floor":15.0,"key":"SMITH"},{"data":"Offering","floor":23.0,"key":"SMITH"},{"data":"Hemokinesis","floor":30.0,"key":"SMITH"},{"data":"Dropkick","floor":32.0,"key":"SMITH"},{"floor":40.0,"key":"RECALL"},{"data":"Defend_R","floor":46.0,"key":"SMITH"},{"data":"Defend_R","floor":49.0,"key":"SMITH"},{"data":"Defend_R","floor":52,"key":"SMITH"}],"neow_cost":"NONE","seed_source_timestamp":0,"circlet_count":0,"master_deck":["Defend_R","Defend_R+1","Defend_R+1","Defend_R+1","Bash","Warcry+1","Hemokinesis+1","Offering+1","Deep Breath+1","Dropkick+1","Warcry+1","Thunderclap+1"],"special_seed":0,"relics":["Black Blood","NeowsBlessing","Centennial Puzzle","Anchor","Matryoshka","Sundial","Coffee Dripper","CultistMask","Red Skull","Dream Catcher","Bag of Preparation","Red Mask","Shuriken"],"potions_floor_usage":[55],"damage_taken":[{"damage":0.0,"enemies":"Jaw Worm","floor":1.0,"turns":1.0},{"damage":0.0,"enemies":"Small Slimes","floor":3.0,"turns":1.0},{"damage":0.0,"enemies":"Lagavulin","floor":6.0,"turns":1.0},{"damage":7.0,"enemies":"2 Louse","floor":8.0,"turns":3.0},{"damage":36.0,"enemies":"3 Sentries","floor":11.0,"turns":6.0},{"damage":6.0,"enemies":"Lagavulin","floor":14.0,"turns":2.0},{"damage":34.0,"enemies":"Hexaghost","floor":16.0,"turns":9.0},{"damage":6.0,"enemies":"Shell Parasite","floor":18.0,"turns":2.0},{"damage":6.0,"enemies":"2 Thieves","floor":21.0,"turns":1.0},{"damage":9.0,"enemies":"Snake Plant","floor":22.0,"turns":1.0},{"damage":6.0,"enemies":"Shelled Parasite and Fungi","floor":24.0,"turns":2.0},{"damage":63.0,"enemies":"Sentry and Sphere","floor":25.0,"turns":7.0},{"damage":6.0,"enemies":"Centurion and Healer","floor":27.0,"turns":1.0},{"damage":6.0,"enemies":"Chosen and Byrds","floor":28.0,"turns":1.0},{"damage":0.0,"enemies":"Snecko","floor":29.0,"turns":3.0},{"damage":6.0,"enemies":"Champ","floor":33.0,"turns":1.0},{"damage":6.0,"enemies":"Orb Walker","floor":35.0,"turns":1.0},{"damage":6.0,"enemies":"3 Darklings","floor":39.0,"turns":1.0},{"damage":8.0,"enemies":"Transient","floor":41.0,"turns":1.0},{"damage":8.0,"enemies":"Maw","floor":42.0,"turns":1.0},{"damage":2.0,"enemies":"3 Darklings","floor":44.0,"turns":1.0},{"damage":15.0,"enemies":"Transient","floor":45.0,"turns":5.0},{"damage":2.0,"enemies":"Maw","floor":47.0,"turns":1.0},{"damage":8,"enemies":"Awakened One","floor":50,"turns":2},{"damage":2,"enemies":"Shield and Spear","floor":54,"turns":1},{"damage":101,"enemies":"The Heart","floor":55,"turns":3}],"seed_played":"2242673154247257732","potions_obtained":[{"floor":6.0,"key":"Explosive Potion"},{"floor":8.0,"key":"Ancient Potion"},{"floor":25.0,"key":"SpeedPotion"},{"floor":27.0,"key":"Energy Potion"},{"floor":29.0,"key":"PowerPotion"},{"floor":33.0,"key":"Fire Potion"},{"floor":42.0,"key":"FearPotion"}],"is_trial":false,"path_per_floor":["M","?","M","$","?","E","?","M","T","$","E","?","R","E","R","B",null,"M","?","?","M","M","R","M","M","T","M","M","M","R","$","R","B",null,"M","$","?","?","M","R","M","M","T","M","M","R","M","?","R","B",null,"R","$","E","B"],"character_chosen":"IRONCLAD","items_purchased":["Offering","Deep Breath","FearPotion"],"campfire_rested":0,"item_purchase_floors":[10,10,31],"current_hp_per_floor":[80,80,80,80,85,85,74,73,73,73,43,36,36,36,36,8,85,85,85,85,85,82,82,82,25,25,25,25,31,31,31,31,31,85,85,85,81,81,81,81,81,81,81,81,76,76,81,81,81,81,81,81,81,81,0],"gold":27,"neow_bonus":"THREE_ENEMY_KILL","is_prod":false,"is_daily":false,"chose_seed":false,"campfire_upgraded":8,"win_rate":0,"timestamp":1556573882,"path_taken":["M","?","M","$","?","E","?","M","T","?","E","?","R","E","R","BOSS","M","?","?","M","?","R","M","M","T","M","M","M","R","$","R","BOSS","M","$","?","?","M","R","M","?","T","M","M","R","M","?","R","BOSS","R","$","E","BOSS"],"build_version":"2019-01-23","purchased_purges":3,"victory":false,"max_hp_per_floor":[80,80,80,80,85,85,85,85,85,85,85,85,85,85,85,85,85,85,85,85,85,85,85,85,85,85,85,85,85,85,85,85,85,85,85,85,81,81,81,81,81,81,81,81,81,81,81,81,81,81,81,81,81,81,81],"card_choices":[{"not_picked":["Twin Strike","Iron Wave","Flame Barrier"],"picked":"SKIP","floor":1.0},{"not_picked":["Evolve","Second Wind","Armaments"],"picked":"SKIP","floor":3.0},{"not_picked":["Cleave","Pommel Strike"],"picked":"Warcry","floor":6.0},{"not_picked":["Flex","Armaments"],"picked":"Hemokinesis","floor":8.0},{"not_picked":["Entrench","Rage"],"picked":"Dropkick","floor":11.0},{"not_picked":["Rage","Berserk","Flex"],"picked":"SKIP","floor":14.0},{"not_picked":["Uppercut","Headbutt","Power Through"],"picked":"SKIP","floor":18.0},{"not_picked":["Shrug It Off","Anger","Havoc"],"picked":"SKIP","floor":21.0},{"not_picked":["Heavy Blade","Limit Break","Iron Wave"],"picked":"SKIP","floor":22.0},{"not_picked":["Headbutt","Thunderclap"],"picked":"Warcry+1","floor":24.0},{"not_picked":["Sword Boomerang+1","Anger","Clothesline+1"],"picked":"SKIP","floor":25.0},{"not_picked":["Entrench","Armaments","Warcry"],"picked":"SKIP","floor":27.0},{"not_picked":["Twin Strike","Warcry+1","Dark Embrace"],"picked":"SKIP","floor":28.0},{"not_picked":["Reckless Charge","Wild Strike+1","Clash"],"picked":"SKIP","floor":29.0},{"not_picked":["Shrug It Off","Searing Blow"],"picked":"Thunderclap+1","floor":35.0},{"not_picked":["Flex","Clothesline","Clash+1"],"picked":"SKIP","floor":39.0},{"not_picked":["Sword Boomerang+1","Bloodletting","Clash"],"picked":"SKIP","floor":41.0},{"not_picked":["Headbutt","Searing Blow","Pommel Strike+1"],"picked":"SKIP","floor":42.0},{"not_picked":["Feel No Pain+1","Impervious","Armaments+1"],"picked":"SKIP","floor":44.0},{"not_picked":["Combust+1","Heavy Blade+1","Havoc"],"picked":"SKIP","floor":45.0},{"not_picked":["Sword Boomerang+1","Iron Wave","Armaments"],"picked":"SKIP","floor":47.0},{"not_picked":["Heavy Blade+1","Rage+1","Clash+1"],"picked":"SKIP","floor":54},{"not_picked":["Heavy Blade+1","Rage+1","Clash+1"],"picked":"SKIP","floor":54},{"not_picked":["Heavy Blade+1","Rage+1","Clash+1"],"picked":"SKIP","floor":54}],"player_experience":718551,"relics_obtained":[{"floor":6.0,"key":"Centennial Puzzle"},{"floor":9.0,"key":"Anchor"},{"floor":11.0,"key":"Matryoshka"},{"floor":14.0,"key":"Sundial"},{"floor":26.0,"key":"Red Skull"},{"floor":26.0,"key":"Dream Catcher"},{"floor":43.0,"key":"Bag of Preparation"},{"floor":54,"key":"Shuriken"}],"event_choices":[{"damage_healed":0.0,"max_hp_gain":0.0,"max_hp_loss":0.0,"gold_gain":0.0,"event_name":"Golden Idol","player_choice":"Ignored","floor":2.0,"gold_loss":0.0,"damage_taken":0.0},{"damage_healed":0.0,"max_hp_gain":5.0,"max_hp_loss":0.0,"gold_gain":0.0,"event_name":"Big Fish","player_choice":"Donut","floor":5.0,"gold_loss":0.0,"damage_taken":0.0},{"damage_healed":0.0,"max_hp_gain":0.0,"max_hp_loss":0.0,"gold_gain":75.0,"event_name":"World of Goop","player_choice":"Gather Gold","floor":7.0,"gold_loss":0.0,"damage_taken":11.0},{"cards_removed":["Strike_R"],"damage_healed":0.0,"max_hp_gain":0.0,"max_hp_loss":0.0,"gold_gain":0.0,"event_name":"Golden Wing","player_choice":"Card Removal","floor":12.0,"gold_loss":0.0,"damage_taken":7.0},{"cards_removed":["Strike_R"],"damage_healed":0.0,"max_hp_gain":0.0,"max_hp_loss":0.0,"gold_gain":0.0,"event_name":"Beggar","player_choice":"Gave Gold","floor":19.0,"gold_loss":75.0,"damage_taken":0.0},{"damage_healed":0.0,"max_hp_gain":0.0,"max_hp_loss":0.0,"gold_gain":0.0,"event_name":"FaceTrader","player_choice":"Trade","floor":20.0,"gold_loss":0.0,"damage_taken":0.0,"relics_obtained":["CultistMask"]},{"damage_healed":0.0,"max_hp_gain":0.0,"max_hp_loss":4.0,"gold_gain":0.0,"event_name":"Winding Halls","player_choice":"Max HP","floor":37.0,"gold_loss":0.0,"damage_taken":0.0},{"damage_healed":0.0,"max_hp_gain":0.0,"max_hp_loss":0.0,"gold_gain":0.0,"event_name":"The Woman in Blue","player_choice":"Bought 0 Potions","floor":38.0,"gold_loss":0.0,"damage_taken":0.0},{"damage_healed":0.0,"max_hp_gain":0.0,"max_hp_loss":0.0,"gold_gain":0.0,"event_name":"Tomb of Lord Red Mask","player_choice":"Paid","floor":48.0,"gold_loss":202.0,"damage_taken":0.0,"relics_obtained":["Red Mask"]}],"is_beta":false,"boss_relics":[{"not_picked":["Orrery","Ectoplasm"],"picked":"Coffee Dripper"},{"not_picked":["Calling Bell","Tiny House"],"picked":"Black Blood"}],"items_purged_floors":[4,31,36],"is_endless":false,"potions_floor_spawned":[6,8,25,27,29,33,42,44,45,47,54],"killed_by":"The Heart","ascension_level":0}