{"gold_per_floor":[113,124,135,147,163,163,195,195,195,215,90,154,154,254,254,349,349,364,289,262,262,19,19,36,36,36,36,36,54,72,90,90,194,194,204,204,31,44,55,86,86,86,160,171,0,0,0,10,10,10,10,10,10,37,37],"floor_reached":55,"playtime":4289,"items_purged":["Strike_B","Pain"],"score":774,"play_id":"11ed5b7b-64d7-4405-9962-b720f23501ad","local_time":"20190427185055","is_ascension_mode":false,"campfire_choices":[{"data":"Defragment","floor":6.0,"key":"SMITH"},{"data":"Streamline","floor":8.0,"key":"SMITH"},{"data":"Chill","floor":13.0,"key":"SMITH"},{"data":"Leap","floor":15.0,"key":"SMITH"},{"data":"Conserve Battery","floor":23.0,"key":"SMITH"},{"data":"Defend_B","floor":28.0,"key":"SMITH"},{"data":"Capacitor","floor":32.0,"key":"SMITH"},{"floor":41.0,"key":"RECALL"},{"data":"Glacier","floor":46.0,"key":"SMITH"},{"data":"Defend_B","floor":49.0,"key":"SMITH"},{"data":"Defend_B","floor":52.0,"key":"SMITH"}],"neow_cost":"NONE","seed_source_timestamp":176331495703700,"circlet_count":0,"master_deck":["Strike_B","Strike_B","Defend_B+1","Defend_B+1","Defend_B+1","Defend_B","Zap","Dualcast","Glacier+1","Conserve Battery+1","Defragment+1","Streamline+1","Capacitor+1","Chill+1","Leap+1","Cold Snap","Creative AI","Cold Snap","Fusion","Self Repair+1","Hello World+1","Buffer+1","Capacitor+1","Heatsinks+1"],"special_seed":0,"relics":["Snecko Eye","Art of War","Emotion Chip","Incense Burner","Sozu","Frozen Egg 2","Busted Crown","WarpedTongs","Nunchaku","Bottled Lightning","Red Mask","Happy Flower"],"potions_floor_usage":[55],"damage_taken":[{"damage":1.0,"enemies":"Cultist","floor":1.0,"turns":4.0},{"damage":0.0,"enemies":"2 Louse","floor":2.0,"turns":2.0},{"damage":1.0,"enemies":"Small Slimes","floor":3.0,"turns":4.0},{"damage":5.0,"enemies":"Exordium Wildlife","floor":4.0,"turns":5.0},{"damage":0.0,"enemies":"Large Slime","floor":5.0,"turns":5.0},{"damage":16.0,"enemies":"Gremlin Nob","floor":7.0,"turns":6.0},{"damage":2.0,"enemies":"Blue Slaver","floor":10.0,"turns":4.0},{"damage":13.0,"enemies":"Gremlin Nob","floor":12.0,"turns":7.0},{"damage":0.0,"enemies":"Hexaghost","floor":16.0,"turns":16.0},{"damage":0.0,"enemies":"3 Byrds","floor":18.0,"turns":3.0},{"damage":9.0,"enemies":"2 Thieves","floor":20.0,"turns":5.0},{"damage":0.0,"enemies":"Snecko","floor":24.0,"turns":6.0},{"damage":18.0,"enemies":"Snake Plant","floor":29.0,"turns":8.0},{"damage":0.0,"enemies":"Centurion and Healer","floor":30.0,"turns":7.0},{"damage":0.0,"enemies":"Snecko","floor":31.0,"turns":7.0},{"damage":4.0,"enemies":"Champ","floor":33.0,"turns":14.0},{"damage":6.0,"enemies":"Orb Walker","floor":35.0,"turns":5.0},{"damage":0.0,"enemies":"3 Shapes","floor":38.0,"turns":11.0},{"damage":0.0,"enemies":"3 Darklings","floor":39.0,"turns":7.0},{"damage":0.0,"enemies":"Giant Head","floor":40.0,"turns":10.0},{"damage":0.0,"enemies":"Maw","floor":44.0,"turns":7.0},{"damage":0.0,"enemies":"Transient","floor":48.0,"turns":5.0},{"damage":0.0,"enemies":"Time Eater","floor":50.0,"turns":14.0},{"damage":27.0,"enemies":"Shield and Spear","floor":54.0,"turns":9.0},{"damage":54,"enemies":"The Heart","floor":55,"turns":15}],"seed_played":"-2146631397040325544","potions_obtained":[{"floor":1.0,"key":"SkillPotion"},{"floor":3.0,"key":"LiquidBronze"},{"floor":10.0,"key":"AttackPotion"}],"is_trial":false,"path_per_floor":["M","M","M","M","M","R","E","R","T","M","$","?","R","?","R","B",null,"M","?","M","?","$","R","M","$","T","?","R","M","M","M","R","B",null,"M","?","$","M","M","E","R","?","T","M","?","R","?","M","R","B",null,"R","$","E","B"],"character_chosen":"DEFECT","items_purchased":["Leap","Frozen Egg 2","Capacitor+1"],"campfire_rested":0,"item_purchase_floors":[11,22,37],"current_hp_per_floor":[74,74,73,68,68,68,52,52,52,50,50,37,37,37,37,37,75,75,75,66,66,66,66,66,66,66,66,66,58,68,75,75,75,75,75,75,75,75,75,75,75,75,75,75,75,75,71,71,71,71,71,71,71,54,0],"gold":37,"neow_bonus":"BOSS_RELIC","is_prod":false,"is_daily":false,"chose_seed":false,"campfire_upgraded":10,"win_rate":0,"timestamp":1556405455,"path_taken":["M","M","M","M","?","R","E","R","T","M","$","?","R","?","R","BOSS","M","?","M","?","?","R","M","$","T","?","R","?","M","M","R","BOSS","M","?","$","M","?","E","R","?","T","M","?","R","?","M","R","BOSS","R","$","E","BOSS"],"build_version":"2019-01-23","purchased_purges":2,"victory":false,"max_hp_per_floor":[75,75,75,75,75,75,75,75,75,75,75,75,75,75,75,75,75,75,75,75,75,75,75,75,75,75,75,75,75,75,75,75,75,75,75,75,75,75,75,75,75,75,75,75,75,75,71,71,71,71,71,71,71,71,71],"card_choices":[{"not_picked":["Darkness","Sweeping Beam"],"picked":"Glacier","floor":1.0},{"not_picked":["Chill","Redo"],"picked":"Conserve Battery","floor":2.0},{"not_picked":["Turbo","Sweeping Beam"],"picked":"Defragment","floor":3.0},{"not_picked":["Rebound","Go for the Eyes"],"picked":"Streamline","floor":4.0},{"not_picked":["Tempest","Stack"],"picked":"Capacitor","floor":5.0},{"not_picked":["Gash","Beam Cell","Rebound"],"picked":"SKIP","floor":7.0},{"not_picked":["Hologram","Gash"],"picked":"Chill","floor":10.0},{"not_picked":["Hologram","Tempest"],"picked":"Cold Snap","floor":12.0},{"not_picked":["Fission","Hyperbeam"],"picked":"Creative AI","floor":16.0},{"not_picked":["Redo","Rebound"],"picked":"Cold Snap","floor":18.0},{"not_picked":["Hello World","Rebound","Steam"],"picked":"SKIP","floor":20.0},{"not_picked":["Ball Lightning+1","Tempest"],"picked":"Self Repair+1","floor":24.0},{"not_picked":["BootSequence","Sweeping Beam","Darkness"],"picked":"SKIP","floor":29.0},{"not_picked":["Redo","Sweeping Beam+1"],"picked":"Hello World+1","floor":30.0},{"not_picked":["Stack","Barrage","FTL"],"picked":"SKIP","floor":31.0},{"not_picked":["Multi-Cast","Fission"],"picked":"Buffer+1","floor":33.0},{"not_picked":["Ball Lightning"],"picked":"SKIP","floor":35.0},{"not_picked":["Rebound+1"],"picked":"SKIP","floor":38.0},{"not_picked":[],"picked":"Heatsinks+1","floor":39.0},{"not_picked":["Gash+1"],"picked":"SKIP","floor":40.0},{"not_picked":["Gash+1"],"picked":"SKIP","floor":40.0},{"not_picked":["Coolheaded"],"picked":"SKIP","floor":44.0},{"not_picked":["Redo"],"picked":"SKIP","floor":48.0},{"not_picked":["Self Repair+1"],"picked":"SKIP","floor":54.0}],"player_experience":707768,"relics_obtained":[{"floor":7.0,"key":"Art of War"},{"floor":9.0,"key":"Emotion Chip"},{"floor":12.0,"key":"Incense Burner"},{"floor":40.0,"key":"Nunchaku"},{"floor":43.0,"key":"Bottled Lightning"},{"floor":54.0,"key":"Happy Flower"}],"event_choices":[{"damage_healed":0.0,"max_hp_gain":0.0,"max_hp_loss":0.0,"gold_gain":30.0,"event_name":"Dead Adventurer","player_choice":"Searched \u00272\u0027 times","floor":12.0,"gold_loss":0.0,"damage_taken":0.0},{"damage_healed":0.0,"max_hp_gain":0.0,"max_hp_loss":0.0,"gold_gain":100.0,"event_name":"Golden Shrine","player_choice":"Pray","floor":14.0,"gold_loss":0.0,"damage_taken":0.0},{"cards_removed":["Strike_B"],"damage_healed":0.0,"max_hp_gain":0.0,"max_hp_loss":0.0,"gold_gain":0.0,"event_name":"Beggar","player_choice":"Gave Gold","floor":19.0,"gold_loss":75.0,"damage_taken":0.0},{"damage_healed":0.0,"max_hp_gain":0.0,"max_hp_loss":0.0,"gold_gain":0.0,"event_name":"The Library","player_choice":"Read","floor":21.0,"gold_loss":0.0,"damage_taken":0.0,"cards_obtained":["Fusion"]},{"damage_healed":0.0,"max_hp_gain":0.0,"max_hp_loss":0.0,"gold_gain":0.0,"event_name":"Vampires","player_choice":"Ignored","floor":27.0,"gold_loss":0.0,"damage_taken":0.0},{"damage_healed":0.0,"max_hp_gain":0.0,"max_hp_loss":0.0,"gold_gain":0.0,"event_name":"Accursed Blacksmith","player_choice":"Rummage","floor":36.0,"gold_loss":0.0,"damage_taken":0.0,"relics_obtained":["WarpedTongs"],"cards_obtained":["Pain"]},{"damage_healed":0.0,"max_hp_gain":0.0,"max_hp_loss":0.0,"gold_gain":0.0,"event_name":"SensoryStone","player_choice":"Memory 1","floor":42.0,"gold_loss":0.0,"damage_taken":0.0},{"damage_healed":0.0,"max_hp_gain":0.0,"max_hp_loss":0.0,"gold_gain":0.0,"event_name":"Tomb of Lord Red Mask","player_choice":"Paid","floor":45.0,"gold_loss":171.0,"damage_taken":0.0,"relics_obtained":["Red Mask"]},{"damage_healed":0.0,"max_hp_gain":0.0,"max_hp_loss":4.0,"gold_gain":0.0,"event_name":"Winding Halls","player_choice":"Max HP","floor":47.0,"gold_loss":0.0,"damage_taken":0.0}],"is_beta":false,"boss_relics":[{"not_picked":["Empty Cage","Astrolabe"],"picked":"Sozu"},{"not_picked":["Nuclear Battery","Runic Dome"],"picked":"Busted Crown"}],"items_purged_floors":[11,37],"is_endless":false,"potions_floor_spawned":[1,3,10,20,24,31,33,38,48],"killed_by":"The Heart","ascension_level":0}