{"gold_per_floor":[11,28,41,51,69,81,101,101,101,125,145,70,70,83,83,206,206,220,235,235,166,166,166,182,182,182,195,208,388,388,288,288,418,418,433,36,369,380,380,380],"floor_reached":40,"playtime":2640,"items_purged":["Injury","Strike_B"],"score":409,"play_id":"44f68bd6-8f02-483f-ab24-5290ad8ba362","local_time":"20190504231712","is_ascension_mode":false,"campfire_choices":[{"data":"Buffer","floor":13,"key":"SMITH"},{"data":"Defragment","floor":15,"key":"SMITH"},{"data":"Defragment","floor":23,"key":"SMITH"},{"data":"Strike_B","floor":25,"key":"PURGE"},{"floor":30,"key":"REST"},{"data":"Strike_B","floor":32,"key":"PURGE"}],"neow_cost":"NO_GOLD","seed_source_timestamp":188452629809602,"circlet_count":0,"master_deck":["Zap","Dualcast","Genetic Algorithm","Ball Lightning","Double Energy","Chill","Ball Lightning","Defragment+1","Buffer+1","Chill","Electrodynamics","Chaos+1","Ball Lightning","Defragment+1","Self Repair","Aggregate","Force Field","Buffer","Tempest","Multi-Cast","Hyperbeam","Leap","Electrodynamics","Cold Snap"],"relics":["Cracked Core","Peace Pipe","Symbiotic Virus","Nuclear Battery","Shuriken","Pandora\u0027s Box","Pear","Bag of Preparation"],"potions_floor_usage":[10,16,40,40,40],"damage_taken":[{"damage":1,"enemies":"2 Louse","floor":1,"turns":3},{"damage":0,"enemies":"Small Slimes","floor":2,"turns":3},{"damage":4,"enemies":"Cultist","floor":3,"turns":4},{"damage":0,"enemies":"Large Slime","floor":4,"turns":4},{"damage":4,"enemies":"Blue Slaver","floor":5,"turns":3},{"damage":0,"enemies":"2 Fungi Beasts","floor":6,"turns":4},{"damage":0,"enemies":"Looter","floor":7,"turns":3},{"damage":2,"enemies":"Gremlin Gang","floor":10,"turns":4},{"damage":0,"enemies":"Red Slaver","floor":11,"turns":3},{"damage":0,"enemies":"Blue Slaver","floor":14,"turns":4},{"damage":16,"enemies":"Slime Boss","floor":16,"turns":9},{"damage":0,"enemies":"Chosen","floor":18,"turns":5},{"damage":0,"enemies":"Spheric Guardian","floor":19,"turns":4},{"damage":1,"enemies":"Shelled Parasite and Fungi","floor":24,"turns":6},{"damage":0,"enemies":"3 Cultists","floor":27,"turns":3},{"damage":16,"enemies":"Chosen and Byrds","floor":28,"turns":5},{"damage":23,"enemies":"Collector","floor":33,"turns":9},{"damage":7,"enemies":"3 Shapes","floor":35,"turns":4},{"damage":25,"enemies":"3 Darklings","floor":38,"turns":3},{"damage":60,"enemies":"Giant Head","floor":40,"turns":11}],"seed_played":"5499926840693983530","potions_obtained":[{"floor":3,"key":"PowerPotion"},{"floor":6,"key":"FearPotion"},{"floor":7,"key":"Poison Potion"},{"floor":10,"key":"Weak Potion"},{"floor":18,"key":"FearPotion"},{"floor":19,"key":"LiquidBronze"},{"floor":35,"key":"Swift Potion"}],"is_trial":false,"path_per_floor":["?","?","?","?","?","?"],"character_chosen":"DEFECT","items_purchased":["Self Repair","Pear","Bag of Preparation"],"campfire_rested":1,"item_purchase_floors":[21,36,36],"current_hp_per_floor":[74,74,70,70,66,66,66,66,66,64,64,64,64,64,64,48,75,75,75,75,75,75,75,75,75,75,75,59,38,60,60,60,44,75,75,85,85,60,60,0],"gold":380,"neow_bonus":"ONE_RARE_RELIC","is_prod":false,"is_daily":false,"chose_seed":false,"campfire_upgraded":3,"win_rate":0,"timestamp":1557026232,"path_taken":["M","M","M","M","M","M","M","?","T","M","M","$","R","M","R","BOSS","M","M","?","$","?","R","M","R","T","M","M","?","R","$","R","BOSS","M","$","?","M","?","E"],"build_version":"2019-01-23","purchased_purges":2,"victory":false,"max_hp_per_floor":[75,75,75,75,75,75,75,75,75,75,75,75,75,75,75,75,75,75,75,75,75,75,75,75,75,75,75,75,75,75,75,75,75,75,75,85,85,85,85,85],"card_choices":[{"not_picked":["Beam Cell","Sweeping Beam"],"picked":"Genetic Algorithm","floor":1},{"not_picked":["White Noise","Rip and Tear"],"picked":"Ball Lightning","floor":2},{"not_picked":["BootSequence","Beam Cell"],"picked":"Double Energy","floor":3},{"not_picked":["Lockon","Compile Driver","Aggregate"],"picked":"SKIP","floor":4},{"not_picked":["Leap","Go for the Eyes"],"picked":"Chill","floor":5},{"not_picked":["Storm","Beam Cell"],"picked":"Ball Lightning","floor":6},{"not_picked":["Melter","Compile Driver","Barrage"],"picked":"SKIP","floor":7},{"not_picked":["Ball Lightning","Rip and Tear"],"picked":"Defragment","floor":10},{"not_picked":["Leap","Turbo"],"picked":"Buffer","floor":11},{"not_picked":["Compile Driver","Streamline"],"picked":"Chill","floor":14},{"not_picked":["Thunder Strike","Core Surge"],"picked":"Electrodynamics","floor":16},{"not_picked":["Tempest","Blizzard+1"],"picked":"Chaos+1","floor":18},{"not_picked":["Gash","Double Energy"],"picked":"Ball Lightning","floor":19},{"not_picked":["Hologram","Steam","Gash"],"picked":"SKIP","floor":24},{"not_picked":["Reinforced Body+1","Doom and Gloom"],"picked":"Aggregate","floor":27},{"not_picked":["Rebound","Reprogram"],"picked":"Force Field","floor":28},{"not_picked":["Echo Form","Electrodynamics"],"picked":"Buffer","floor":33},{"not_picked":["Sweeping Beam","Barrage+1"],"picked":"Cold Snap","floor":35},{"not_picked":["Compile Driver","Ball Lightning","Hologram"],"picked":"SKIP","floor":38}],"player_experience":472831,"relics_obtained":[{"floor":9,"key":"Symbiotic Virus"},{"floor":26,"key":"Shuriken"}],"event_choices":[{"damage_healed":0,"gold_gain":0,"player_choice":"Take Wound","damage_taken":0,"relics_obtained":["Golden Idol"],"max_hp_gain":0,"max_hp_loss":0,"event_name":"Golden Idol","floor":8,"gold_loss":0,"cards_obtained":["Injury"]},{"damage_healed":0,"gold_gain":0,"player_choice":"Read","damage_taken":0,"max_hp_gain":0,"max_hp_loss":0,"event_name":"The Library","floor":20,"gold_loss":0,"cards_obtained":["Defragment"]},{"damage_healed":0,"gold_gain":0,"player_choice":"Ignored","damage_taken":0,"max_hp_gain":0,"max_hp_loss":0,"event_name":"Ghosts","floor":22,"gold_loss":0},{"damage_healed":0,"gold_gain":180,"player_choice":"GOLD GOLD ","damage_taken":21,"max_hp_gain":0,"max_hp_loss":0,"event_name":"Knowing Skull","floor":29,"potions_obtained":[],"gold_loss":0,"cards_obtained":[]},{"damage_healed":0,"gold_gain":333,"player_choice":"Gave Idol","damage_taken":0,"max_hp_gain":0,"max_hp_loss":0,"event_name":"The Moai Head","floor":37,"relics_lost":["Golden Idol"],"gold_loss":0},{"damage_healed":0,"gold_gain":0,"player_choice":"Ignored","damage_taken":0,"max_hp_gain":0,"max_hp_loss":0,"event_name":"Tomb of Lord Red Mask","floor":39,"gold_loss":0}],"is_beta":false,"boss_relics":[{"not_picked":["Astrolabe","Inserter"],"picked":"Nuclear Battery"},{"not_picked":["Calling Bell","Runic Dome"],"picked":"Pandora\u0027s Box"}],"items_purged_floors":[12,31],"is_endless":false,"potions_floor_spawned":[3,6,7,10,18,19,33,35],"killed_by":"Giant Head","ascension_level":0}