{"gold_per_floor":[111,129,17,17,37,72,72,84,108,127,140,140,155,183,183,287,287,304,315,330,330],"floor_reached":21,"playtime":2350,"items_purged":[],"score":195,"play_id":"08b85566-3f17-48b0-a9ad-2d426a9dbbeb","local_time":"20190218201746","is_ascension_mode":false,"campfire_choices":[{"floor":7,"key":"REST"},{"data":"Flame Barrier","floor":12,"key":"SMITH"},{"data":"Metallicize","floor":15,"key":"SMITH"}],"neow_cost":"NONE","seed_source_timestamp":514143031167003,"circlet_count":0,"master_deck":["Strike_R","Strike_R","Strike_R","Strike_R","Strike_R","Defend_R","Defend_R","Defend_R","Defend_R","Bash","Disarm","Cleave","Carnage","Battle Trance","Limit Break","Metallicize+1","Carnage","Flame Barrier+1","Thunderclap","Cleave","Second Wind","Demon Form","Anger","Second Wind+1","Searing Blow+1"],"relics":["Black Blood","Art of War","Lantern","Orichalcum","Anchor"],"potions_floor_usage":[8],"damage_taken":[{"damage":0,"enemies":"Small Slimes","floor":1,"turns":3},{"damage":8,"enemies":"2 Louse","floor":2,"turns":4},{"damage":17,"enemies":"Jaw Worm","floor":5,"turns":4},{"damage":42,"enemies":"Lagavulin","floor":6,"turns":7},{"damage":6,"enemies":"3 Louse","floor":8,"turns":5},{"damage":1,"enemies":"Blue Slaver","floor":10,"turns":4},{"damage":0,"enemies":"Lots of Slimes","floor":11,"turns":3},{"damage":4,"enemies":"2 Fungi Beasts","floor":13,"turns":2},{"damage":22,"enemies":"3 Sentries","floor":14,"turns":5},{"damage":17,"enemies":"Slime Boss","floor":16,"turns":13},{"damage":22,"enemies":"3 Byrds","floor":18,"turns":4},{"damage":15,"enemies":"Spheric Guardian","floor":19,"turns":6},{"damage":22,"enemies":"Centurion and Healer","floor":20,"turns":10},{"damage":60,"enemies":"3 Cultists","floor":21,"turns":5}],"seed_played":"2578597966344141649","potions_obtained":[{"floor":1,"key":"Regen Potion"},{"floor":5,"key":"FearPotion"},{"floor":8,"key":"Explosive Potion"},{"floor":10,"key":"Dexterity Potion"}],"is_trial":false,"path_per_floor":["?"],"character_chosen":"IRONCLAD","items_purchased":["Carnage","Battle Trance"],"campfire_rested":1,"item_purchase_floors":[3,3],"current_hp_per_floor":[80,78,78,78,67,31,55,69,69,74,80,80,80,64,64,53,80,68,63,51,0],"gold":330,"neow_bonus":"RANDOM_COMMON_RELIC","is_prod":false,"is_daily":false,"chose_seed":false,"campfire_upgraded":2,"win_rate":0.0,"timestamp":1550539066,"path_taken":["M","M","$","?","M","E","R","M","T","M","M","R","M","E","R","BOSS","M","M","M","M"],"build_version":"2019-01-23","purchased_purges":0,"victory":false,"max_hp_per_floor":[80,80,80,80,80,80,80,80,80,80,80,80,80,80,80,80,80,80,80,80,80],"card_choices":[{"not_picked":["Iron Wave","Rampage"],"picked":"Disarm","floor":1},{"not_picked":["Clothesline","Armaments"],"picked":"Cleave","floor":2},{"not_picked":["Clash","Clothesline"],"picked":"Limit Break","floor":5},{"not_picked":["Power Through","Warcry"],"picked":"Metallicize","floor":6},{"not_picked":["Fire Breathing","Body Slam"],"picked":"Carnage","floor":8},{"not_picked":["Armaments","True Grit"],"picked":"Flame Barrier","floor":10},{"not_picked":["Twin Strike","Headbutt"],"picked":"Thunderclap","floor":11},{"not_picked":["Pummel","Intimidate"],"picked":"Cleave","floor":13},{"not_picked":["Twin Strike","Hemokinesis"],"picked":"Second Wind","floor":14},{"not_picked":["Fiend Fire","Dark Embrace"],"picked":"Demon Form","floor":16},{"not_picked":["Iron Wave+1","Pummel"],"picked":"Anger","floor":18},{"not_picked":["Armaments","Heavy Blade"],"picked":"Second Wind+1","floor":19},{"not_picked":["Perfected Strike","True Grit+1"],"picked":"Searing Blow+1","floor":20}],"player_experience":108076,"relics_obtained":[{"floor":6,"key":"Lantern"},{"floor":9,"key":"Orichalcum"},{"floor":14,"key":"Anchor"}],"event_choices":[{"damage_healed":0,"gold_gain":0,"player_choice":"Leave","damage_taken":0,"max_hp_gain":0,"max_hp_loss":0,"event_name":"The Cleric","floor":4,"gold_loss":0}],"is_beta":false,"boss_relics":[{"not_picked":["Orrery","Black Star"],"picked":"Black Blood"}],"items_purged_floors":[],"is_endless":false,"potions_floor_spawned":[1,5,8,10,19],"killed_by":"3 Cultists","ascension_level":0}