{"gold_per_floor":[116,116,131,206,206,206,233,250,250,29,94,94,109,144,144,144],"floor_reached":16,"playtime":1569,"items_purged":["Strike_R"],"score":133,"play_id":"3f7d2576-1646-4118-abca-858b3f4d504a","local_time":"20190514045410","is_ascension_mode":false,"campfire_choices":[{"data":"Shockwave","floor":6.0,"key":"SMITH"},{"data":"Carnage","floor":12.0,"key":"SMITH"},{"data":"True Grit","floor":15,"key":"SMITH"}],"neow_cost":"NONE","seed_source_timestamp":399920038895418,"circlet_count":0,"master_deck":["Strike_R","Strike_R","Strike_R","Defend_R","Defend_R","Defend_R","Defend_R","Bash","Shockwave+1","Feel No Pain","Regret","Carnage+1","Pommel Strike","Second Wind","Intimidate","True Grit+1"],"special_seed":0,"relics":["Burning Blood","Frozen Egg 2","Red Skull","Letter Opener","PreservedInsect","Lantern","Boot"],"potions_floor_usage":[],"damage_taken":[{"damage":6.0,"enemies":"Jaw Worm","floor":1.0,"turns":4.0},{"damage":5.0,"enemies":"Small Slimes","floor":3.0,"turns":6.0},{"damage":55.0,"enemies":"3 Sentries","floor":7.0,"turns":13.0},{"damage":0.0,"enemies":"2 Louse","floor":8.0,"turns":2.0},{"damage":0.0,"enemies":"Gremlin Nob","floor":11.0,"turns":2.0},{"damage":0.0,"enemies":"2 Fungi Beasts","floor":13.0,"turns":2.0},{"damage":0,"enemies":"Gremlin Nob","floor":14,"turns":2},{"damage":51,"enemies":"Slime Boss","floor":16,"turns":11}],"seed_played":"1802606412432146270","potions_obtained":[{"floor":1.0,"key":"LiquidBronze"},{"floor":8.0,"key":"Energy Potion"},{"floor":11.0,"key":"Dexterity Potion"}],"is_trial":false,"path_per_floor":["M","?","M","?","?","R","E","M","T","$","?","R","M","E","R","B"],"character_chosen":"IRONCLAD","items_purchased":["PreservedInsect"],"campfire_rested":0,"item_purchase_floors":[10],"current_hp_per_floor":[88,81,82,71,71,71,22,28,28,28,34,34,40,46,46,0],"gold":144,"neow_bonus":"TEN_PERCENT_HP_BONUS","is_prod":false,"is_daily":false,"chose_seed":false,"campfire_upgraded":3,"win_rate":0,"timestamp":1557789850,"path_taken":["M","?","M","?","?","R","E","M","T","$","?","R","M","E","R","BOSS"],"build_version":"2019-01-23","purchased_purges":1,"victory":false,"max_hp_per_floor":[88,88,88,88,88,88,88,88,88,88,88,88,88,88,88,88],"card_choices":[{"not_picked":["Rage","Headbutt"],"picked":"Shockwave","floor":1.0},{"not_picked":["Armaments","Shockwave"],"picked":"Feel No Pain","floor":3.0},{"not_picked":["Anger","Evolve+1"],"picked":"Carnage","floor":7.0},{"not_picked":["Anger","Bludgeon"],"picked":"Pommel Strike","floor":8.0},{"not_picked":["Bloodletting","Whirlwind"],"picked":"Second Wind","floor":11.0},{"not_picked":["Flex","Warcry"],"picked":"Intimidate","floor":13.0},{"not_picked":["Wild Strike","Pommel Strike"],"picked":"True Grit","floor":14}],"player_experience":257225,"relics_obtained":[{"floor":7.0,"key":"Red Skull"},{"floor":9.0,"key":"Letter Opener"},{"floor":11.0,"key":"Lantern"},{"floor":14,"key":"Boot"}],"event_choices":[{"cards_removed":["Strike_R"],"damage_healed":0.0,"max_hp_gain":0.0,"max_hp_loss":0.0,"gold_gain":0.0,"event_name":"Golden Wing","player_choice":"Card Removal","floor":2.0,"gold_loss":0.0,"damage_taken":7.0},{"damage_healed":0.0,"max_hp_gain":0.0,"max_hp_loss":0.0,"gold_gain":75.0,"event_name":"World of Goop","player_choice":"Gather Gold","floor":4.0,"gold_loss":0.0,"damage_taken":11.0},{"damage_healed":0.0,"max_hp_gain":0.0,"max_hp_loss":0.0,"gold_gain":0.0,"event_name":"Big Fish","player_choice":"Box","floor":5.0,"gold_loss":0.0,"damage_taken":0.0,"relics_obtained":["Frozen Egg 2"],"cards_obtained":["Regret"]},{"damage_healed":0.0,"max_hp_gain":0.0,"max_hp_loss":0.0,"gold_gain":0.0,"event_name":"Dead Adventurer","player_choice":"Searched \u00271\u0027 times","floor":11.0,"gold_loss":0.0,"damage_taken":0.0}],"is_beta":false,"boss_relics":[],"items_purged_floors":[10],"is_endless":false,"potions_floor_spawned":[1,8,11],"killed_by":"Slime Boss","ascension_level":0}