{"gold_per_floor":[118,133,149,37,54,86,97,97,97,110,110,145,157,2,2,105,105,75,75,95,20,35,35],"floor_reached":23,"playtime":2184,"items_purged":["Strike_B"],"score":205,"play_id":"939981db-47f0-4c05-9690-e53a366d66b6","local_time":"20190311204940","is_ascension_mode":false,"campfire_choices":[{"data":"Defragment","floor":8,"key":"SMITH"},{"floor":11,"key":"RECALL"},{"data":"Seek","floor":15,"key":"SMITH"}],"neow_cost":"NONE","seed_source_timestamp":2326723837715611,"circlet_count":0,"master_deck":["Strike_B","Strike_B","Strike_B","Defend_B","Defend_B","Defend_B","Defend_B","Zap","Dualcast","Seek+1","Coolheaded","White Noise","Self Repair","Glacier","Defragment+1","Ball Lightning","Self Repair","Undo","Sunder","Double Energy","Buffer","Turbo+1","Buffer","Double Energy","Lockon+1"],"relics":["Cracked Core","Meat on the Bone","Regal Pillow","Oddly Smooth Stone","Sozu"],"potions_floor_usage":[16,23],"damage_taken":[{"damage":6,"enemies":"Cultist","floor":1,"turns":4},{"damage":0,"enemies":"2 Louse","floor":2,"turns":3},{"damage":5,"enemies":"Small Slimes","floor":3,"turns":4},{"damage":8,"enemies":"Exordium Wildlife","floor":5,"turns":7},{"damage":19,"enemies":"Lagavulin","floor":6,"turns":10},{"damage":8,"enemies":"2 Fungi Beasts","floor":7,"turns":4},{"damage":5,"enemies":"Looter","floor":10,"turns":3},{"damage":14,"enemies":"3 Sentries","floor":12,"turns":8},{"damage":5,"enemies":"3 Louse","floor":13,"turns":3},{"damage":43,"enemies":"Hexaghost","floor":16,"turns":12},{"damage":14,"enemies":"2 Thieves","floor":18,"turns":5},{"damage":14,"enemies":"3 Byrds","floor":20,"turns":5},{"damage":0,"enemies":"Snecko","floor":22,"turns":5},{"damage":76,"enemies":"Gremlin Leader","floor":23,"turns":6}],"seed_played":"2742610592490360271","potions_obtained":[{"floor":2,"key":"GamblersBrew"},{"floor":5,"key":"Block Potion"},{"floor":6,"key":"Swift Potion"},{"floor":10,"key":"Energy Potion"},{"floor":16,"key":"Dexterity Potion"}],"is_trial":false,"path_per_floor":["M","?"],"character_chosen":"DEFECT","items_purchased":["Glacier","Defragment","Oddly Smooth Stone"],"campfire_rested":0,"item_purchase_floors":[4,4,14],"current_hp_per_floor":[69,69,64,64,63,51,57,57,57,59,59,59,68,68,68,51,75,75,75,75,75,75,0],"gold":35,"neow_bonus":"ONE_RANDOM_RARE_CARD","is_prod":false,"is_daily":false,"chose_seed":false,"campfire_upgraded":2,"win_rate":0,"timestamp":1552351780,"path_taken":["M","M","M","$","?","E","M","R","T","M","R","E","M","$","R","BOSS","M","?","M","$","M","E"],"build_version":"2019-01-23","purchased_purges":1,"victory":false,"max_hp_per_floor":[75,75,75,75,75,75,75,75,75,75,75,75,75,75,75,75,75,75,75,75,75,75,75],"card_choices":[{"not_picked":["Stack","Redo"],"picked":"Coolheaded","floor":1},{"not_picked":["Rip and Tear","Leap"],"picked":"White Noise","floor":2},{"not_picked":["Gash","Steam"],"picked":"Self Repair","floor":3},{"not_picked":["Lockon","Gash"],"picked":"Ball Lightning","floor":5},{"not_picked":["Static Discharge","Go for the Eyes"],"picked":"Self Repair","floor":6},{"not_picked":["Compile Driver","Steam Power"],"picked":"Undo","floor":7},{"not_picked":["Go for the Eyes","Steam","Barrage"],"picked":"SKIP","floor":10},{"not_picked":["Hologram","Doom and Gloom"],"picked":"Sunder","floor":12},{"not_picked":["Doom and Gloom","Ball Lightning"],"picked":"Double Energy","floor":13},{"not_picked":["Biased Cognition","Reboot"],"picked":"Buffer","floor":16},{"not_picked":["Chill","Conserve Battery+1"],"picked":"Turbo+1","floor":18},{"not_picked":["White Noise","Gash"],"picked":"Double Energy","floor":20},{"not_picked":["Cold Snap","Barrage"],"picked":"Lockon+1","floor":22}],"player_experience":270060,"relics_obtained":[{"floor":6,"key":"Meat on the Bone"},{"floor":12,"key":"Regal Pillow"}],"event_choices":[{"damage_healed":0,"gold_gain":0,"player_choice":"Copied","damage_taken":0,"max_hp_gain":0,"max_hp_loss":0,"event_name":"Duplicator","floor":19,"gold_loss":0,"cards_obtained":["Buffer"]}],"is_beta":false,"boss_relics":[{"not_picked":["Velvet Choker","Calling Bell"],"picked":"Sozu"}],"items_purged_floors":[21],"is_endless":false,"potions_floor_spawned":[2,5,6,10,16,20,22],"killed_by":"Gremlin Leader","ascension_level":0}