{"gold_per_floor":[219,230,50,70,85,120,120,120,120,120,120,135,163,238,238,333,333,350,59,75,88,53,53,72,72,151,162,194,69,79,178,178,282,282,295,73,73,36,36,36,54,108,108,141,157,157,174,0,0,0],"floor_reached":51,"playtime":6209,"items_purged":["Strike_G","Strike_G","Strike_G","Strike_G"],"score":739,"play_id":"d23a14ea-5dfe-4016-9359-e6aedd4b09d7","local_time":"20181210014954","is_ascension_mode":true,"campfire_choices":[{"data":"Neutralize","floor":7,"key":"SMITH"},{"floor":11,"key":"REST"},{"floor":15,"key":"REST"},{"data":"Noxious Fumes","floor":23,"key":"SMITH"},{"data":"Well Laid Plans","floor":25,"key":"SMITH"},{"data":"Blur","floor":32,"key":"SMITH"},{"data":"Footwork","floor":40,"key":"SMITH"},{"data":"Burst","floor":46,"key":"SMITH"},{"data":"Sadistic Nature","floor":49,"key":"SMITH"}],"neow_cost":"NONE","seed_source_timestamp":2730877331417122,"circlet_count":0,"master_deck":["Defend_G","Defend_G+1","Defend_G","Defend_G","Strike_G","Survivor","Neutralize+1","Cloak And Dagger","Dagger Spray+1","Well Laid Plans+1","Acrobatics","Crippling Poison","Prepared","Venomology","Terror","Deadly Poison","Burst+1","Bouncing Flask+1","Sadistic Nature+1","Cloak And Dagger","Deflect+1","Noxious Fumes+1","Escape Plan","Blur+1","Adrenaline","Crippling Poison+1","Footwork+1","Dash+1","Panache","Leg Sweep","A Thousand Cuts+1","Footwork+1","Blur+1"],"relics":["Ring of the Snake","Molten Egg 2","Question Card","Pear","Bronze Scales","Coffee Dripper","Tiny Chest","Oddly Smooth Stone","Velvet Choker","Incense Burner","Paper Crane","Frozen Egg 2","Red Mask"],"potions_floor_usage":[6,6,13,13,16,18,18,21,21,21,28,28,30,33,33,33,33,42,50,50],"damage_taken":[{"damage":0,"enemies":"Cultist","floor":1,"turns":5},{"damage":0,"enemies":"2 Louse","floor":2,"turns":3},{"damage":0,"enemies":"Small Slimes","floor":4,"turns":4},{"damage":6,"enemies":"3 Louse","floor":5,"turns":3},{"damage":27,"enemies":"Gremlin Nob","floor":6,"turns":5},{"damage":5,"enemies":"Blue Slaver","floor":12,"turns":5},{"damage":12,"enemies":"3 Sentries","floor":13,"turns":6},{"damage":8,"enemies":"The Guardian","floor":16,"turns":10},{"damage":8,"enemies":"2 Thieves","floor":18,"turns":4},{"damage":0,"enemies":"Chosen","floor":20,"turns":4},{"damage":39,"enemies":"Shelled Parasite and Fungi","floor":21,"turns":5},{"damage":17,"enemies":"Snake Plant","floor":24,"turns":3},{"damage":0,"enemies":"Snecko","floor":27,"turns":5},{"damage":10,"enemies":"Book of Stabbing","floor":28,"turns":5},{"damage":13,"enemies":"Chosen and Byrds","floor":30,"turns":6},{"damage":8,"enemies":"Collector","floor":33,"turns":8},{"damage":6,"enemies":"3 Darklings","floor":35,"turns":4},{"damage":0,"enemies":"3 Shapes","floor":41,"turns":3},{"damage":31,"enemies":"2 Orb Walkers","floor":42,"turns":5},{"damage":0,"enemies":"Giant Head","floor":44,"turns":9},{"damage":0,"enemies":"Jaw Worm Horde","floor":45,"turns":3},{"damage":0,"enemies":"Maw","floor":47,"turns":7},{"damage":3,"enemies":"Donu and Deca","floor":50,"turns":8}],"seed_played":"3761410959303295087","potions_obtained":[{"floor":2,"key":"PowerPotion"},{"floor":4,"key":"Fire Potion"},{"floor":5,"key":"Dexterity Potion"},{"floor":13,"key":"SkillPotion"},{"floor":18,"key":"Regen Potion"},{"floor":30,"key":"PowerPotion"}],"is_trial":false,"path_per_floor":["M","M","$","M","M","E","R","?","T","?","R","M","E","?","R","B",null,"M","$","M","M","$","R","M","R","T","M","E","$","M","?","R","B",null,"M","$","?","$","?","R","M","?","T","E","M","R","M","?","R","B",null],"character_chosen":"THE_SILENT","items_purchased":["Well Laid Plans","Acrobatics","Sadistic Nature","Noxious Fumes","Footwork","Dash+1"],"campfire_rested":2,"item_purchase_floors":[3,3,19,22,36,38],"current_hp_per_floor":[70,70,70,70,64,37,37,23,23,26,50,45,33,22,46,38,80,72,72,72,47,47,47,30,30,30,30,20,20,7,7,7,8,80,74,74,74,74,74,74,74,43,43,43,43,43,43,43,43,40],"gold":0,"neow_bonus":"HUNDRED_GOLD","is_prod":false,"is_daily":false,"chose_seed":false,"campfire_upgraded":7,"win_rate":0,"timestamp":1544424594,"path_taken":["M","M","$","M","M","E","R","?","T","?","R","M","E","?","R","BOSS","M","$","M","M","$","R","M","R","T","M","E","$","M","?","R","BOSS","M","$","?","$","?","R","M","?","T","E","?","R","M","?","R","BOSS"],"build_version":"2018-12-06","purchased_purges":4,"victory":true,"max_hp_per_floor":[70,70,70,70,70,70,70,70,70,80,80,80,80,80,80,80,80,80,80,80,80,80,80,80,80,80,80,80,80,80,80,80,80,80,80,80,80,80,80,80,80,80,80,80,80,80,80,80,80,80],"card_choices":[{"not_picked":["Poisoned Stab","Leg Sweep"],"picked":"Cloak And Dagger","floor":1},{"not_picked":["Reflex","Underhanded Strike"],"picked":"Dagger Spray","floor":2},{"not_picked":["Dodge and Roll","Blade Dance"],"picked":"Crippling Poison","floor":4},{"not_picked":["Distraction","Bane"],"picked":"Prepared","floor":5},{"not_picked":["All Out Attack","Sucker Punch"],"picked":"Venomology","floor":6},{"not_picked":["Dagger Spray+1","Skewer+1","Underhanded Strike+1"],"picked":"Terror","floor":12},{"not_picked":["Slice+1","Outmaneuver","Prepared"],"picked":"Deadly Poison","floor":13},{"not_picked":["Envenom","Phantasmal Killer","Night Terror"],"picked":"Burst","floor":16},{"not_picked":["Slice+1","Quick Slash+1","Blade Dance"],"picked":"Bouncing Flask+1","floor":18},{"not_picked":["Masterful Stab+1","Heel Hook+1","Accuracy"],"picked":"Cloak And Dagger","floor":20},{"not_picked":["Flying Knee+1","Sucker Punch+1","Quick Slash+1"],"picked":"Deflect+1","floor":21},{"not_picked":["Acrobatics","Underhanded Strike+1","Predator+1"],"picked":"Escape Plan","floor":24},{"not_picked":["Glass Knife+1","Choke+1","Underhanded Strike+1","Dagger Spray+1"],"picked":"SKIP","floor":27},{"not_picked":["Deadly Poison","Bane+1","All Out Attack+1"],"picked":"Blur","floor":28},{"not_picked":["Heel Hook+1","Cloak And Dagger","Dagger Spray+1","Distraction+1"],"picked":"SKIP","floor":30},{"not_picked":["A Thousand Cuts","Wraith Form v2","Corpse Explosion"],"picked":"Adrenaline","floor":33},{"not_picked":["Dodge and Roll+1","Prepared","Dagger Throw+1"],"picked":"Crippling Poison+1","floor":35},{"not_picked":["Impatience","Violence","Finesse"],"picked":"Panache","floor":39},{"not_picked":["Flying Knee+1","Outmaneuver+1","Poisoned Stab+1","Bane+1"],"picked":"SKIP","floor":41},{"not_picked":["Dagger Throw+1","Prepared+1","Deadly Poison"],"picked":"Leg Sweep","floor":42},{"not_picked":["Dodge and Roll+1","Sucker Punch+1","Deflect"],"picked":"A Thousand Cuts","floor":44},{"not_picked":["Poisoned Stab+1","Bane+1","Backstab+1"],"picked":"Footwork+1","floor":45},{"not_picked":["Bouncing Flask","Sucker Punch+1","Dagger Spray+1"],"picked":"Blur+1","floor":47}],"player_experience":178113,"relics_obtained":[{"floor":6,"key":"Molten Egg 2"},{"floor":9,"key":"Question Card"},{"floor":13,"key":"Bronze Scales"},{"floor":26,"key":"Tiny Chest"},{"floor":28,"key":"Oddly Smooth Stone"},{"floor":42,"key":"Incense Burner"},{"floor":43,"key":"Paper Crane"},{"floor":44,"key":"Frozen Egg 2"}],"event_choices":[{"damage_healed":0,"gold_gain":0,"player_choice":"Entered Light","damage_taken":14,"max_hp_gain":0,"max_hp_loss":0,"event_name":"Shining Light","floor":8,"gold_loss":0,"cards_upgraded":["Dagger Spray","Defend_G"]},{"damage_healed":0,"gold_gain":0,"player_choice":"Success","damage_taken":7,"relics_obtained":["Pear"],"max_hp_gain":0,"max_hp_loss":0,"event_name":"Scrap Ooze","floor":10,"gold_loss":0},{"damage_healed":0,"gold_gain":75,"player_choice":"Gather Gold","damage_taken":11,"max_hp_gain":0,"max_hp_loss":0,"event_name":"World of Goop","floor":14,"gold_loss":0},{"damage_healed":0,"gold_gain":99,"player_choice":"Stole From Cult","damage_taken":0,"max_hp_gain":0,"max_hp_loss":0,"event_name":"Nest","floor":31,"gold_loss":0},{"cards_removed":["Defend_G"],"damage_healed":0,"gold_gain":0,"player_choice":"Removed Skill","damage_taken":0,"max_hp_gain":0,"max_hp_loss":0,"event_name":"Falling","floor":37,"gold_loss":0},{"damage_healed":0,"gold_gain":0,"player_choice":"Memory 1","damage_taken":0,"max_hp_gain":0,"max_hp_loss":0,"event_name":"SensoryStone","floor":39,"gold_loss":0},{"damage_healed":0,"gold_gain":0,"player_choice":"Fight","damage_taken":0,"max_hp_gain":0,"max_hp_loss":0,"event_name":"Mysterious Sphere","floor":42,"gold_loss":0},{"damage_healed":0,"gold_gain":0,"player_choice":"Paid","damage_taken":0,"relics_obtained":["Red Mask"],"max_hp_gain":0,"max_hp_loss":0,"event_name":"Tomb of Lord Red Mask","floor":48,"gold_loss":174}],"is_beta":false,"boss_relics":[{"not_picked":["Astrolabe","Calling Bell"],"picked":"Coffee Dripper"},{"not_picked":["WristBlade","Ring of the Serpent"],"picked":"Velvet Choker"}],"items_purged_floors":[3,19,29,36],"is_endless":false,"potions_floor_spawned":[2,4,5,13,18,27,30,42,44],"ascension_level":1}