{"gold_per_floor":[109,123,143,159,178,178,208,208,208,225,260,270,270,301,301,399,399,412,412,424,437,454,488,488,64,64,64,64,92,109,32,32,136,136,149,66,79,79,99,99,127,143,216,216,216,229,246,258,258,258,258,258,64,93,93],"floor_reached":55,"playtime":4856,"items_purged":["Strike_B"],"score":916,"play_id":"f6afe849-cc7b-451e-b01b-954bdf11869c","local_time":"20190602012000","is_ascension_mode":true,"campfire_choices":[{"floor":6.0,"key":"REST"},{"floor":8.0,"key":"REST"},{"data":"Zap","floor":15.0,"key":"SMITH"},{"data":"Machine Learning","floor":24.0,"key":"SMITH"},{"floor":27.0,"key":"REST"},{"floor":32.0,"key":"REST"},{"floor":40.0,"key":"REST"},{"floor":44.0,"key":"RECALL"},{"floor":49.0,"key":"REST"},{"floor":52.0,"key":"REST"}],"neow_cost":"PERCENT_DAMAGE","seed_source_timestamp":2292820364148514,"circlet_count":0,"master_deck":["Strike_B","Strike_B","Defend_B","Defend_B","Defend_B","Defend_B","Zap+1","Dualcast","Redo+1","Gash","Capacitor","Cold Snap","Coolheaded+1","Redo","Streamline","Doom and Gloom","Conserve Battery","Sweeping Beam+1","Machine Learning+1","Hologram","Gash+1","Biased Cognition","Electrodynamics","Loop","Gash+1","Glacier","Heatsinks","Tempest","Consume","All For One+1","Go for the Eyes+1","Panacea","Reinforced Body+1","Hologram+1","Hologram+1","Loop+1"],"special_seed":0,"relics":["FrozenCore","Thread and Needle","Emotion Chip","War Paint","Strawberry","Molten Egg 2","Nuclear Battery","DataDisk","Pen Nib","Regal Pillow","Happy Flower","Ornamental Fan","Cables","Centennial Puzzle","Dodecahedron"],"potions_floor_usage":[55,55,55],"damage_taken":[{"damage":0.0,"enemies":"Small Slimes","floor":1.0,"turns":3.0},{"damage":0.0,"enemies":"Cultist","floor":2.0,"turns":4.0},{"damage":0.0,"enemies":"Jaw Worm","floor":3.0,"turns":3.0},{"damage":25.0,"enemies":"Exordium Thugs","floor":4.0,"turns":6.0},{"damage":2.0,"enemies":"Blue Slaver","floor":5.0,"turns":4.0},{"damage":3.0,"enemies":"3 Sentries","floor":7.0,"turns":11.0},{"damage":7.0,"enemies":"2 Fungi Beasts","floor":10.0,"turns":3.0},{"damage":7.0,"enemies":"Lagavulin","floor":11.0,"turns":6.0},{"damage":3.0,"enemies":"Looter","floor":12.0,"turns":4.0},{"damage":12.0,"enemies":"3 Sentries","floor":14.0,"turns":4.0},{"damage":26.0,"enemies":"Slime Boss","floor":16.0,"turns":11.0},{"damage":7.0,"enemies":"Shell Parasite","floor":18.0,"turns":5.0},{"damage":3.0,"enemies":"Chosen","floor":20.0,"turns":5.0},{"damage":4.0,"enemies":"Centurion and Healer","floor":21.0,"turns":3.0},{"damage":20.0,"enemies":"Snake Plant","floor":22.0,"turns":3.0},{"damage":14.0,"enemies":"Gremlin Leader","floor":23.0,"turns":4.0},{"damage":8.0,"enemies":"Book of Stabbing","floor":29.0,"turns":4.0},{"damage":9.0,"enemies":"Shelled Parasite and Fungi","floor":30.0,"turns":4.0},{"damage":65.0,"enemies":"Collector","floor":33.0,"turns":8.0},{"damage":3.0,"enemies":"Orb Walker","floor":35.0,"turns":4.0},{"damage":13.0,"enemies":"3 Shapes","floor":37.0,"turns":5.0},{"damage":8.0,"enemies":"Jaw Worm Horde","floor":39.0,"turns":3.0},{"damage":24.0,"enemies":"Giant Head","floor":41.0,"turns":8.0},{"damage":4.0,"enemies":"Maw","floor":42.0,"turns":10.0},{"damage":14.0,"enemies":"4 Shapes","floor":46.0,"turns":3.0},{"damage":13.0,"enemies":"Sphere and 2 Shapes","floor":47.0,"turns":5.0},{"damage":9.0,"enemies":"Spire Growth","floor":48.0,"turns":6.0},{"damage":35.0,"enemies":"Donu and Deca","floor":50.0,"turns":7.0},{"damage":56.0,"enemies":"Shield and Spear","floor":54.0,"turns":5.0},{"damage":27,"enemies":"The Heart","floor":55,"turns":3}],"seed_played":"-6816760306536807417","potions_obtained":[{"floor":2.0,"key":"Energy Potion"},{"floor":5.0,"key":"PowerPotion"},{"floor":7.0,"key":"Regen Potion"},{"floor":14.0,"key":"GamblersBrew"},{"floor":18.0,"key":"SkillPotion"},{"floor":20.0,"key":"FearPotion"},{"floor":30.0,"key":"AttackPotion"},{"floor":33.0,"key":"EssenceOfSteel"},{"floor":35.0,"key":"PowerPotion"},{"floor":54.0,"key":"PowerPotion"}],"is_trial":false,"path_per_floor":["M","M","M","M","M","R","E","R","T","M","E","M","?","E","R","B",null,"M","?","M","M","M","E","R","$","T","R","$","E","M","$","R","B",null,"M","$","M","?","M","R","E","M","T","R","?","M","M","M","R","B",null,"R","$","E","B"],"character_chosen":"DEFECT","items_purchased":["Heatsinks","Pen Nib","Regal Pillow","Consume","Panacea","Centennial Puzzle","PowerPotion"],"campfire_rested":7,"item_purchase_floors":[25,25,25,31,36,53,53],"current_hp_per_floor":[54,54,54,29,27,49,46,68,68,61,61,58,58,58,58,32,70,63,63,60,56,36,22,22,22,22,61,61,53,44,44,82,17,66,63,63,50,50,42,81,57,53,53,53,53,39,26,17,56,21,67,82,82,26,0],"gold":93,"neow_bonus":"ONE_RARE_RELIC","is_prod":false,"is_daily":false,"chose_seed":false,"campfire_upgraded":2,"win_rate":0,"timestamp":1559452800,"path_taken":["M","M","M","M","M","R","E","R","T","M","E","M","?","E","R","BOSS","M","?","M","M","M","E","R","$","T","R","$","E","M","?","R","BOSS","M","$","M","?","M","R","E","M","T","R","?","M","M","?","R","BOSS","R","$","E","BOSS"],"build_version":"2019-01-23","purchased_purges":1,"victory":false,"max_hp_per_floor":[75,75,75,75,75,75,75,75,75,75,82,82,82,82,82,82,82,82,82,82,82,82,82,82,82,82,82,82,82,82,82,82,82,82,82,82,82,82,82,82,82,82,82,82,82,82,82,82,82,82,82,82,82,82,82],"card_choices":[{"not_picked":["Reinforced Body","Leap"],"picked":"Redo","floor":1.0},{"not_picked":["Steam Power","Leap"],"picked":"Gash","floor":2.0},{"not_picked":["Ball Lightning","Rebound"],"picked":"Capacitor","floor":3.0},{"not_picked":["Rip and Tear","Coolheaded"],"picked":"Cold Snap","floor":4.0},{"not_picked":["FTL","Barrage"],"picked":"Coolheaded","floor":5.0},{"not_picked":["Static Discharge","Fusion"],"picked":"Redo","floor":7.0},{"not_picked":["Skim","Gash"],"picked":"Streamline","floor":10.0},{"not_picked":["Rainbow","Chaos"],"picked":"Doom and Gloom","floor":11.0},{"not_picked":["Compile Driver","Ball Lightning"],"picked":"Conserve Battery","floor":12.0},{"not_picked":["Turbo","Static Discharge"],"picked":"Sweeping Beam","floor":14.0},{"not_picked":["Rainbow","Amplify"],"picked":"Machine Learning","floor":16.0},{"not_picked":["Redo","Sweeping Beam+1"],"picked":"Hologram","floor":18.0},{"not_picked":["Stack","Rebound+1"],"picked":"Electrodynamics","floor":20.0},{"not_picked":["Compile Driver+1","Lockon+1"],"picked":"Loop","floor":21.0},{"not_picked":["Stack+1","Rebound+1"],"picked":"Gash+1","floor":22.0},{"not_picked":["Undo","Sweeping Beam+1"],"picked":"Glacier","floor":23.0},{"not_picked":["Turbo","Double Energy+1"],"picked":"Tempest","floor":29.0},{"not_picked":["Gash+1","Stack","Leap"],"picked":"SKIP","floor":30.0},{"not_picked":["Biased Cognition","Electrodynamics"],"picked":"All For One+1","floor":33.0},{"not_picked":["Rebound+1","Turbo+1"],"picked":"Go for the Eyes+1","floor":35.0},{"not_picked":["Go for the Eyes+1","Chaos+1","Glacier"],"picked":"SKIP","floor":37.0},{"not_picked":["Ball Lightning+1","Steam"],"picked":"Reinforced Body+1","floor":39.0},{"not_picked":["Rebound+1","Reprogram+1"],"picked":"Hologram+1","floor":41.0},{"not_picked":["Sweeping Beam+1","Ball Lightning+1","Double Energy"],"picked":"SKIP","floor":42.0},{"not_picked":["Steam+1","White Noise","Recycle+1"],"picked":"SKIP","floor":46.0},{"not_picked":["Biased Cognition","Go for the Eyes+1","Auto Shields+1"],"picked":"SKIP","floor":47.0},{"not_picked":["Redo","Blizzard+1"],"picked":"Hologram+1","floor":48.0},{"not_picked":["Streamline+1","Compile Driver+1"],"picked":"Loop+1","floor":54.0}],"player_experience":377645,"relics_obtained":[{"floor":7.0,"key":"Emotion Chip"},{"floor":9.0,"key":"War Paint"},{"floor":11.0,"key":"Strawberry"},{"floor":14.0,"key":"Molten Egg 2"},{"floor":23.0,"key":"DataDisk"},{"floor":29.0,"key":"Happy Flower"},{"floor":41.0,"key":"Ornamental Fan"},{"floor":43.0,"key":"Cables"},{"floor":54.0,"key":"Dodecahedron"}],"event_choices":[{"cards_removed":["Strike_B"],"damage_healed":0.0,"max_hp_gain":0.0,"max_hp_loss":0.0,"gold_gain":0.0,"event_name":"Purifier","player_choice":"Purged","floor":13.0,"gold_loss":0.0,"damage_taken":0.0},{"damage_healed":0.0,"max_hp_gain":0.0,"max_hp_loss":0.0,"gold_gain":0.0,"event_name":"Match and Keep!","player_choice":"2 cards matched","floor":19.0,"gold_loss":0.0,"damage_taken":0.0,"cards_obtained":["Gash","Biased Cognition"]},{"damage_healed":0.0,"max_hp_gain":0.0,"max_hp_loss":0.0,"gold_gain":0.0,"event_name":"SensoryStone","player_choice":"Memory 1","floor":38.0,"gold_loss":0.0,"damage_taken":0.0},{"damage_healed":0.0,"max_hp_gain":0.0,"max_hp_loss":0.0,"gold_gain":0.0,"event_name":"Mysterious Sphere","player_choice":"Ignored","floor":45.0,"gold_loss":0.0,"damage_taken":0.0}],"is_beta":false,"boss_relics":[{"not_picked":["Cursed Key","Fusion Hammer"],"picked":"Nuclear Battery"},{"not_picked":["Tiny House","White Beast Statue"],"picked":"FrozenCore"}],"items_purged_floors":[25],"is_endless":false,"potions_floor_spawned":[2,5,7,10,14,18,20,30,33,35,37,46,47,54],"killed_by":"The Heart","ascension_level":5}