{"gold_per_floor":[109,125,12,25,25,25,25,100,100,115,132,8,8,8,8,106,106,126,126],"floor_reached":19,"playtime":1240,"items_purged":["Strike_B","Strike_B"],"score":157,"play_id":"bbc3743f-d822-4152-97c3-3e1b0509b166","local_time":"20190114200214","is_ascension_mode":false,"campfire_choices":[{"data":"Echo Form","floor":6,"key":"SMITH"},{"data":"Hologram","floor":13,"key":"SMITH"},{"data":"Stack","floor":15,"key":"SMITH"}],"neow_cost":"NONE","seed_source_timestamp":426146428652854,"circlet_count":0,"master_deck":["Strike_B","Defend_B","Defend_B","Defend_B","Defend_B","Zap","Dualcast","Self Repair+1","Ball Lightning+1","Sweeping Beam","Loop","Echo Form+1","Hologram+1","Stack+1","Turbo","Doubt","Regret","Normality","Heatsinks+1"],"relics":["Cracked Core","Sundial","Calling Bell","Potion Belt","Kunai","Mango"],"potions_floor_usage":[16,16,16,19],"damage_taken":[{"damage":6,"enemies":"Jaw Worm","floor":1,"turns":4},{"damage":8,"enemies":"Small Slimes","floor":2,"turns":4},{"damage":0,"enemies":"2 Louse","floor":4,"turns":2},{"damage":5,"enemies":"Looter","floor":10,"turns":3},{"damage":5,"enemies":"Large Slime","floor":11,"turns":4},{"damage":24,"enemies":"Hexaghost","floor":16,"turns":9},{"damage":39,"enemies":"2 Thieves","floor":18,"turns":5},{"damage":42,"enemies":"Shell Parasite","floor":19,"turns":5}],"seed_played":"8690758213365923401","potions_obtained":[{"floor":1,"key":"SkillPotion"},{"floor":2,"key":"Regen Potion"},{"floor":4,"key":"Dexterity Potion"},{"floor":18,"key":"PowerPotion"}],"is_trial":false,"path_per_floor":["M","M","$","M","?","R","?","?","T","M","M","$","R","$","R","B",null,"M","M"],"character_chosen":"DEFECT","items_purchased":["Loop","Turbo"],"campfire_rested":0,"item_purchase_floors":[3,12],"current_hp_per_floor":[75,67,67,67,52,52,52,41,41,46,51,51,51,51,51,52,89,50,8],"gold":126,"neow_bonus":"TRANSFORM_CARD","is_prod":false,"is_daily":false,"chose_seed":false,"campfire_upgraded":3,"win_rate":0,"timestamp":1547517734,"path_taken":["M","M","$","M","?","R","?","?","T","M","M","?","R","$","R","BOSS","M","M"],"build_version":"2019-01-10","purchased_purges":2,"victory":false,"max_hp_per_floor":[75,75,75,75,75,75,75,75,75,75,75,75,75,75,75,75,89,89,89],"card_choices":[{"not_picked":["Reprogram","Beam Cell"],"picked":"Ball Lightning","floor":1},{"not_picked":["Stack","Hologram"],"picked":"Sweeping Beam","floor":2},{"not_picked":["Auto Shields","Steam"],"picked":"Echo Form","floor":4},{"not_picked":["Darkness","Gash"],"picked":"Hologram","floor":10},{"not_picked":["Rebound","Chill"],"picked":"Stack","floor":11},{"not_picked":["Stack","Blizzard"],"picked":"Heatsinks+1","floor":18}],"player_experience":84174,"relics_obtained":[{"floor":9,"key":"Sundial"},{"floor":17,"key":"Potion Belt"},{"floor":17,"key":"Kunai"},{"floor":17,"key":"Mango"}],"event_choices":[{"damage_healed":0,"gold_gain":0,"player_choice":"Entered Light","damage_taken":15,"max_hp_gain":0,"max_hp_loss":0,"event_name":"Shining Light","floor":5,"gold_loss":0,"cards_upgraded":["Ball Lightning","Self Repair"]},{"damage_healed":0,"gold_gain":0,"player_choice":"Leave","damage_taken":0,"max_hp_gain":0,"max_hp_loss":0,"event_name":"The Cleric","floor":7,"gold_loss":0},{"damage_healed":0,"gold_gain":75,"player_choice":"Gather Gold","damage_taken":11,"max_hp_gain":0,"max_hp_loss":0,"event_name":"World of Goop","floor":8,"gold_loss":0}],"is_beta":false,"boss_relics":[{"not_picked":["Runic Pyramid","Fusion Hammer"],"picked":"Calling Bell"}],"items_purged_floors":[3,12],"is_endless":false,"potions_floor_spawned":[1,2,4,18],"killed_by":"Shell Parasite","ascension_level":0}