{"gold_per_floor":[111,128,142,142,155,155,169,169,215,215,215,250,250,270,270,347,347,366,391,391,391,75,93,93,93],"floor_reached":25,"playtime":638,"items_purged":["Decay"],"score":372,"play_id":"872aec35-99e9-41f0-b511-d1e9294b33c6","local_time":"20190409043042","is_ascension_mode":true,"campfire_choices":[{"data":"True Grit","floor":6.0,"key":"SMITH"},{"data":"Carnage","floor":10.0,"key":"SMITH"},{"data":"Inflame","floor":13.0,"key":"SMITH"},{"data":"Heavy Blade","floor":15.0,"key":"SMITH"},{"floor":24,"key":"REST"}],"neow_cost":"CURSE","seed_source_timestamp":194382545989113,"circlet_count":0,"master_deck":["AscendersBane","Strike_R","Strike_R","Strike_R","Strike_R","Defend_R","Defend_R","Defend_R","Defend_R","Bash","Carnage+1","Clothesline","Pommel Strike","True Grit+1","Battle Trance","Hemokinesis","Inflame+1","Heavy Blade+1","Limit Break","Rupture","Parasite","Ghostly Armor","Immolate+1","Combust"],"special_seed":0,"relics":["Burning Blood","Magic Flower","Art of War","Singing Bowl","Cursed Key","Red Mask","Molten Egg 2"],"potions_floor_usage":[],"damage_taken":[{"damage":14.0,"enemies":"Jaw Worm","floor":1.0,"turns":3.0},{"damage":1.0,"enemies":"2 Louse","floor":2.0,"turns":3.0},{"damage":7.0,"enemies":"Small Slimes","floor":3.0,"turns":3.0},{"damage":25.0,"enemies":"Exordium Thugs","floor":5.0,"turns":5.0},{"damage":10.0,"enemies":"Exordium Wildlife","floor":7.0,"turns":3.0},{"damage":19.0,"enemies":"Gremlin Nob","floor":12.0,"turns":3.0},{"damage":12.0,"enemies":"Blue Slaver","floor":14.0,"turns":3.0},{"damage":23.0,"enemies":"The Guardian","floor":16.0,"turns":13.0},{"damage":27.0,"enemies":"Shell Parasite","floor":18.0,"turns":5.0},{"damage":46.0,"enemies":"Masked Bandits","floor":19.0,"turns":4.0},{"damage":3,"enemies":"Chosen","floor":23,"turns":3},{"damage":45,"enemies":"Shelled Parasite and Fungi","floor":25,"turns":4}],"seed_played":"-5755543095083686122","potions_obtained":[{"floor":5.0,"key":"Poison Potion"},{"floor":7.0,"key":"Explosive Potion"}],"is_trial":false,"path_per_floor":["M","M","M","?","M","R","M","?","T","R","?","E","R","M","R","B",null,"M","?","T","?","$","M","R","M"],"character_chosen":"IRONCLAD","items_purchased":["Ghostly Armor","Immolate+1"],"campfire_rested":1,"item_purchase_floors":[22,22],"current_hp_per_floor":[63,71,73,78,62,62,61,61,61,61,54,44,44,41,41,27,67,51,14,14,14,14,20,44,0],"gold":93,"neow_bonus":"ONE_RARE_RELIC","is_prod":false,"is_daily":false,"chose_seed":false,"campfire_upgraded":4,"win_rate":0,"timestamp":1554751842,"path_taken":["M","M","M","?","M","R","M","?","T","R","?","E","R","M","R","BOSS","M","?","?","?","$","M","R","M"],"build_version":"2019-01-23","purchased_purges":1,"victory":false,"max_hp_per_floor":[75,75,75,80,80,80,80,80,80,80,80,80,80,80,80,80,80,82,82,82,82,82,82,82,82],"card_choices":[{"not_picked":["Pommel Strike","Armaments"],"picked":"Carnage","floor":1.0},{"not_picked":["Warcry","Perfected Strike"],"picked":"Clothesline","floor":2.0},{"not_picked":["Second Wind","Thunderclap"],"picked":"Pommel Strike","floor":3.0},{"not_picked":["Anger","Carnage"],"picked":"True Grit","floor":5.0},{"not_picked":["Carnage","Brutality"],"picked":"Battle Trance","floor":7.0},{"not_picked":["Metallicize","Searing Blow"],"picked":"Inflame","floor":12.0},{"not_picked":["Hemokinesis","Blood for Blood"],"picked":"Heavy Blade","floor":14.0},{"not_picked":["Double Tap","Immolate"],"picked":"Limit Break","floor":16.0},{"not_picked":["Clothesline","Havoc","Dropkick"],"picked":"Singing Bowl","floor":18.0},{"not_picked":["Rage","Reckless Charge"],"picked":"Rupture","floor":19.0},{"not_picked":["Flame Barrier","Armaments"],"picked":"Combust","floor":23}],"player_experience":442826,"relics_obtained":[{"floor":9.0,"key":"Art of War"},{"floor":12.0,"key":"Singing Bowl"},{"floor":19.0,"key":"Red Mask"},{"floor":20.0,"key":"Molten Egg 2"}],"event_choices":[{"damage_healed":0.0,"max_hp_gain":5.0,"max_hp_loss":0.0,"gold_gain":0.0,"event_name":"Big Fish","player_choice":"Donut","floor":4.0,"gold_loss":0.0,"damage_taken":0.0},{"damage_healed":0.0,"max_hp_gain":0.0,"max_hp_loss":0.0,"gold_gain":0.0,"cards_transformed":["Strike_R"],"event_name":"Living Wall","player_choice":"Change","floor":8.0,"gold_loss":0.0,"damage_taken":0.0,"cards_obtained":["Hemokinesis"]},{"cards_removed":["Injury"],"damage_healed":0.0,"max_hp_gain":0.0,"max_hp_loss":0.0,"gold_gain":0.0,"event_name":"Golden Wing","player_choice":"Card Removal","floor":11.0,"gold_loss":0.0,"damage_taken":7.0},{"damage_healed":0.0,"max_hp_gain":0.0,"max_hp_loss":0.0,"gold_gain":0.0,"event_name":"Masked Bandits","player_choice":"Fought Bandits","floor":19.0,"gold_loss":0.0,"damage_taken":0.0},{"damage_healed":0.0,"max_hp_gain":0.0,"max_hp_loss":0.0,"gold_gain":0.0,"event_name":"Forgotten Altar","player_choice":"Smashed Altar","floor":21.0,"gold_loss":0.0,"damage_taken":0.0,"cards_obtained":["Decay"]}],"is_beta":false,"boss_relics":[{"not_picked":["Fusion Hammer","Calling Bell"],"picked":"Cursed Key"}],"items_purged_floors":[22],"is_endless":false,"potions_floor_spawned":[5,7],"killed_by":"Shelled Parasite and Fungi","ascension_level":17}