{"path_per_floor":["M","M","$","?","M","E","R","M","T","R","M","M","?","M","R","B",null,"M","?","M","M","$","R","M","M","T","E","M","M","R","M","R","B",null,"M"],"character_chosen":"IRONCLAD","items_purchased":["Ghostly Armor","Panache","Mind Blast","Warcry"],"gold_per_floor":[144,189,44,44,89,179,179,224,224,224,269,314,314,359,359,659,659,704,629,674,719,278,278,323,368,418,508,553,598,598,643,643,943,943,988,988],"floor_reached":36,"campfire_rested":6,"playtime":44381,"current_hp_per_floor":[80,77,77,77,71,69,80,68,68,80,71,63,68,68,85,30,85,85,85,56,50,50,75,75,53,53,33,39,21,46,12,37,11,85,52,0],"items_purged":["Defend_R","Shockwave"],"gold":988,"score":517,"play_id":"544838d9-db05-407e-9e22-1070bcaa188d","local_time":"20180504021541","daily_mods":["Insanity","Midas","Uncertain Future"],"is_prod":false,"is_daily":true,"chose_seed":false,"is_ascension_mode":false,"campfire_upgraded":0,"timestamp":1525414541,"path_taken":["M","M","$","?","M","E","R","?","T","R","M","M","?","M","R","BOSS","M","?","M","M","$","R","M","?","T","E","M","M","R","?","R","BOSS","M","M"],"build_version":"2018-04-28v2","seed_source_timestamp":61961135253849,"purchased_purges":2,"victory":false,"master_deck":["Inflame","Sentinel","Perfected Strike","Disarm","Berserk","Bloodletting","Berserk","Havoc","Exhume","Bash","True Grit","Fiend Fire","Headbutt","Intimidate","Ghostly Armor","Whirlwind","Barricade","Rupture","Reckless Charge","Sword Boomerang","Inflame","Bash","Dual Wield","Body Slam","Infernal Blade","Perfected Strike","Pommel Strike","Flex","Rupture","Bloodletting","Brutality","Bludgeon","Disarm","Disarm","Pommel Strike","Strike_R","Anger","Spot Weakness","Spot Weakness","Shrug It Off","Hemokinesis","Demon Form","Rage","Reaper","Havoc","Rupture","Armaments","Flex","Ghostly Armor","Rampage","Warcry","Reckless Charge","Sentinel","Ghostly Armor","Perfected Strike","Armaments","Limit Break","Bloodletting+1","Dual Wield+1","Double Tap","Panache","Mind Blast","Warcry","Whirlwind","Clash+1","Double Tap","Ghostly Armor","Clash","Perfected Strike","Offering","Perfected Strike"],"max_hp_per_floor":[80,80,80,80,80,80,80,80,80,80,80,80,85,85,85,85,85,85,85,85,85,85,85,85,85,85,85,85,85,85,85,85,85,85,85,85],"relics":["Black Blood","Pantograph","Kunai","Mark of Pain","Ancient Tea Set","Pen Nib"],"card_choices":[{"not_picked":["Havoc","Shrug It Off"],"picked":"Armaments","floor":1},{"not_picked":["Headbutt","Body Slam"],"picked":"Flex","floor":2},{"not_picked":["Hemokinesis","Anger"],"picked":"Warcry","floor":5},{"not_picked":["Reaper","True Grit"],"picked":"Reckless Charge","floor":6},{"not_picked":["True Grit","Reckless Charge"],"picked":"Sentinel","floor":8},{"not_picked":["Heavy Blade","Anger"],"picked":"Ghostly Armor","floor":11},{"not_picked":["Disarm","Anger"],"picked":"Perfected Strike","floor":12},{"not_picked":["Anger","Hemokinesis"],"picked":"Armaments","floor":14},{"not_picked":["Reaper","Fiend Fire"],"picked":"Limit Break","floor":16},{"not_picked":["Heavy Blade","Warcry"],"picked":"Bloodletting","floor":18},{"not_picked":["Clothesline","Body Slam"],"picked":"Dual Wield","floor":20},{"not_picked":["Clothesline","Thunderclap"],"picked":"Double Tap","floor":21},{"not_picked":["Combust","Cleave"],"picked":"Whirlwind","floor":24},{"not_picked":["Searing Blow","Havoc"],"picked":"Clash","floor":25},{"not_picked":["Flex","Fire Breathing"],"picked":"Double Tap","floor":27},{"not_picked":["Fire Breathing","Spot Weakness"],"picked":"Ghostly Armor","floor":28},{"not_picked":["Thunderclap","Combust"],"picked":"Clash","floor":29},{"not_picked":["Dropkick","Cleave"],"picked":"Perfected Strike","floor":31},{"not_picked":["Berserk","Demon Form"],"picked":"Offering","floor":33},{"not_picked":["Sentinel","Rupture"],"picked":"Perfected Strike","floor":35}],"player_experience":52622,"potions_floor_usage":[27,28,33],"damage_taken":[{"damage":3,"enemies":"Cultist","floor":1,"turns":2},{"damage":9,"enemies":"Small Slimes","floor":2,"turns":3},{"damage":12,"enemies":"2 Louse","floor":5,"turns":3},{"damage":8,"enemies":"Gremlin Nob","floor":6,"turns":3},{"damage":18,"enemies":"2 Fungi Beasts","floor":8,"turns":3},{"damage":15,"enemies":"Exordium Thugs","floor":11,"turns":3},{"damage":14,"enemies":"Looter","floor":12,"turns":3},{"damage":6,"enemies":"3 Louse","floor":14,"turns":3},{"damage":61,"enemies":"The Guardian","floor":16,"turns":11},{"damage":6,"enemies":"Chosen","floor":18,"turns":6},{"damage":35,"enemies":"Shell Parasite","floor":20,"turns":6},{"damage":12,"enemies":"Snecko","floor":21,"turns":4},{"damage":6,"enemies":"Snake Plant","floor":24,"turns":3},{"damage":28,"enemies":"3 Cultists","floor":25,"turns":5},{"damage":26,"enemies":"Gremlin Leader","floor":27,"turns":3},{"damage":0,"enemies":"Snecko","floor":28,"turns":3},{"damage":28,"enemies":"Centurion and Healer","floor":29,"turns":6},{"damage":40,"enemies":"Snake Plant","floor":31,"turns":3},{"damage":57,"enemies":"Collector","floor":33,"turns":8},{"damage":65,"enemies":"3 Darklings","floor":35,"turns":6}],"event_choices":[{"event_name":"Transmorgrifier","player_choice":"Transform","floor":4,"damage_taken":0},{"event_name":"Big Fish","player_choice":"Donut","floor":13,"damage_taken":0},{"event_name":"Beggar","player_choice":"Gave Gold","floor":19,"damage_taken":0}],"boss_relics":[{"not_picked":["White Beast Statue","Tiny House"],"picked":"Mark of Pain"},{"not_picked":["Runic Cube","Pandora\u0027s Box"],"picked":"Black Blood"}],"potions_floor_spawned":[6,16,24,25,29,31],"seed_played":"-5591819847720032875","killed_by":"3 Shapes","ascension_level":0,"is_trial":false}