{"gold_per_floor":[115,290,19,19,19,19,19,48,74,74,89,89,121,135,135,135],"floor_reached":16,"playtime":356,"items_purged":["Doubt"],"score":170,"play_id":"7f320e48-21ea-4232-a0c5-66304cf24d95","local_time":"20190602160250","is_ascension_mode":true,"campfire_choices":[{"data":"Neutralize","floor":6,"key":"SMITH"},{"data":"Dagger Throw","floor":10,"key":"SMITH"},{"data":"Backflip","floor":12,"key":"SMITH"},{"data":"Survivor","floor":15,"key":"SMITH"}],"neow_cost":"NONE","seed_source_timestamp":189594219893231,"circlet_count":0,"master_deck":["Defend_G","Defend_G","Defend_G","Defend_G","Defend_G","Strike_G","Strike_G","Strike_G","Strike_G","Strike_G","Survivor+1","Neutralize+1","Dagger Spray","Pain","Dagger Throw+1","Backflip+1"],"relics":["Ring of the Snake","NeowsBlessing","Medical Kit","WarpedTongs","Turnip","Ancient Tea Set","Centennial Puzzle"],"potions_floor_usage":[],"damage_taken":[{"damage":0,"enemies":"Jaw Worm","floor":1,"turns":1},{"damage":1,"enemies":"3 Sentries","floor":8,"turns":2},{"damage":2,"enemies":"Small Slimes","floor":11,"turns":1},{"damage":21,"enemies":"Gremlin Nob","floor":13,"turns":4},{"damage":3,"enemies":"Cultist","floor":14,"turns":2},{"damage":54,"enemies":"Slime Boss","floor":16,"turns":8}],"seed_played":"-4291068495802203218","potions_obtained":[{"floor":1,"key":"LiquidBronze"},{"floor":14,"key":"PowerPotion"}],"is_trial":false,"path_per_floor":["M","?","$","?","?","R","$","E","T","R","M","R","E","M","R","B"],"character_chosen":"THE_SILENT","items_purchased":["Medical Kit"],"campfire_rested":0,"item_purchase_floors":[3],"current_hp_per_floor":[63,63,63,68,68,68,68,67,67,67,65,65,44,41,41,0],"gold":135,"neow_bonus":"THREE_ENEMY_KILL","is_prod":false,"is_daily":false,"chose_seed":false,"campfire_upgraded":4,"win_rate":0,"timestamp":1559484170,"path_taken":["M","?","$","?","?","R","$","E","T","R","M","R","E","?","R","BOSS"],"build_version":"2019-01-23","purchased_purges":1,"victory":false,"max_hp_per_floor":[70,70,70,75,75,75,75,75,75,75,75,75,75,75,75,75],"card_choices":[{"not_picked":["Concentrate","Masterful Stab"],"picked":"Dagger Spray","floor":1},{"not_picked":["Eviscerate","Blade Dance"],"picked":"Dagger Throw","floor":8},{"not_picked":["Slice","Poisoned Stab"],"picked":"Backflip","floor":11},{"not_picked":["Caltrops","Deadly Poison","Quick Slash"],"picked":"SKIP","floor":13},{"not_picked":["Dagger Spray","Quick Slash","Sucker Punch"],"picked":"SKIP","floor":14}],"player_experience":109161,"relics_obtained":[{"floor":8,"key":"Turnip"},{"floor":9,"key":"Ancient Tea Set"},{"floor":13,"key":"Centennial Puzzle"}],"event_choices":[{"damage_healed":0,"gold_gain":175,"player_choice":"AGREE","damage_taken":0,"max_hp_gain":0,"max_hp_loss":0,"event_name":"Liars Game","floor":2,"gold_loss":0,"cards_obtained":["Doubt"]},{"damage_healed":0,"gold_gain":0,"player_choice":"Donut","damage_taken":0,"max_hp_gain":5,"max_hp_loss":0,"event_name":"Big Fish","floor":4,"gold_loss":0},{"damage_healed":0,"gold_gain":0,"player_choice":"Rummage","damage_taken":0,"relics_obtained":["WarpedTongs"],"max_hp_gain":0,"max_hp_loss":0,"event_name":"Accursed Blacksmith","floor":5,"gold_loss":0,"cards_obtained":["Pain"]}],"is_beta":false,"boss_relics":[],"items_purged_floors":[3],"is_endless":false,"potions_floor_spawned":[1,14],"killed_by":"Slime Boss","ascension_level":6}