{"gold_per_floor":[109,109,109,121,121,121,140,65,65,65,65,78,96,120,120,243,243,257,257,189,214,339,339,339,339,339,339,352,120,136,152,152,272,272,292,310,435,435,450,450,494,6,6,6,49,49,49,68,68,68],"floor_reached":51,"playtime":1894,"items_purged":["Strike_B","Writhe"],"score":944,"play_id":"2933796d-d528-4469-a3e9-5d7272dfd4a2","local_time":"20190522203942","is_ascension_mode":true,"campfire_choices":[{"data":"Zap","floor":6,"key":"SMITH"},{"data":"Dualcast","floor":10,"key":"SMITH"},{"data":"Coolheaded","floor":15,"key":"SMITH"},{"data":"Defragment","floor":23,"key":"SMITH"},{"floor":25,"key":"REST"},{"data":"Fission","floor":27,"key":"SMITH"},{"data":"Discovery","floor":32,"key":"SMITH"},{"data":"Blizzard","floor":40,"key":"SMITH"},{"floor":44,"key":"REST"},{"floor":46,"key":"REST"},{"floor":49,"key":"REST"}],"neow_cost":"NONE","seed_source_timestamp":93716974579092,"circlet_count":0,"master_deck":["Strike_B+1","Strike_B+1","Defend_B+1","Defend_B+1","Defend_B+1","Zap+1","Dualcast+1","Blizzard+1","Cold Snap","Cold Snap","Cold Snap","Coolheaded+1","Fission+1","White Noise","Defragment+1","Cold Snap+1","Redo","Discovery+1","Reinforced Body","Seek","FTL+1","Defragment+1","Clumsy"],"relics":["Cracked Core","DataDisk","Golden Idol","Mercury Hourglass","Cursed Key","WingedGreaves","Bottled Flame","Gremlin Horn","Runic Pyramid","Peace Pipe","Juzu Bracelet","ClockworkSouvenir","Calipers","Thread and Needle","Shuriken"],"potions_floor_usage":[16,50,50,50,50,50],"damage_taken":[{"damage":0,"enemies":"Small Slimes","floor":1,"turns":3},{"damage":0,"enemies":"Jaw Worm","floor":4,"turns":4},{"damage":0,"enemies":"Cultist","floor":7,"turns":2},{"damage":0,"enemies":"2 Fungi Beasts","floor":12,"turns":2},{"damage":0,"enemies":"Exordium Thugs","floor":13,"turns":2},{"damage":0,"enemies":"Large Slime","floor":14,"turns":4},{"damage":18,"enemies":"Slime Boss","floor":16,"turns":7},{"damage":11,"enemies":"2 Thieves","floor":18,"turns":3},{"damage":1,"enemies":"Chosen","floor":21,"turns":3},{"damage":14,"enemies":"Colosseum Slavers","floor":22,"turns":4},{"damage":5,"enemies":"Colosseum Nobs","floor":22,"turns":4},{"damage":21,"enemies":"Snake Plant","floor":28,"turns":3},{"damage":0,"enemies":"Cultist and Chosen","floor":30,"turns":4},{"damage":0,"enemies":"Centurion and Healer","floor":31,"turns":5},{"damage":0,"enemies":"Champ","floor":33,"turns":12},{"damage":11,"enemies":"3 Darklings","floor":35,"turns":3},{"damage":0,"enemies":"Orb Walker","floor":36,"turns":3},{"damage":0,"enemies":"Mind Bloom Boss Battle","floor":37,"turns":4},{"damage":18,"enemies":"Transient","floor":39,"turns":5},{"damage":17,"enemies":"Nemesis","floor":41,"turns":8},{"damage":13,"enemies":"Reptomancer","floor":45,"turns":5},{"damage":13,"enemies":"3 Darklings","floor":48,"turns":3},{"damage":17,"enemies":"Donu and Deca","floor":50,"turns":9}],"seed_played":"7591452360003226690","potions_obtained":[{"floor":4,"key":"Explosive Potion"},{"floor":7,"key":"SteroidPotion"},{"floor":12,"key":"EntropicBrew"},{"floor":21,"key":"Swift Potion"}],"is_trial":false,"path_per_floor":["M","?","?","M","?","R","M","$","T","R","$","M","M","M","R","B",null,"M","?","$","M","?","R","?","R","T","R","M","$","M","M","R","B",null,"M","M","?","?","M","R","E","$","T","R","E","R","T","M","R","B",null],"character_chosen":"DEFECT","items_purchased":["Defragment","Redo","Discovery","ClockworkSouvenir","Calipers"],"campfire_rested":4,"item_purchase_floors":[20,29,29,42,42],"current_hp_per_floor":[75,50,50,50,50,50,50,50,50,50,50,50,50,50,50,32,60,49,49,49,48,29,29,29,49,49,49,28,28,28,28,28,28,59,48,48,48,48,30,30,13,13,13,33,20,40,40,27,47,30],"gold":68,"neow_bonus":"TRANSFORM_CARD","is_prod":false,"is_daily":false,"chose_seed":false,"campfire_upgraded":7,"win_rate":0,"timestamp":1558550382,"path_taken":["M","?","?","?","?","R","M","$","T","R","?","M","M","M","R","BOSS","M","?","$","M","?","R","?","R","T","R","M","$","?","M","R","BOSS","M","M","?","?","M","R","E","$","T","R","E","R","?","M","R","BOSS"],"build_version":"2019-01-23","purchased_purges":2,"victory":true,"max_hp_per_floor":[75,75,75,75,69,69,69,69,69,69,69,69,69,69,69,69,69,69,69,69,69,69,69,69,69,69,69,69,69,69,69,69,69,69,69,69,69,69,69,69,69,69,69,69,69,69,69,69,69,69],"card_choices":[{"not_picked":["BootSequence","Streamline"],"picked":"Cold Snap","floor":1},{"not_picked":["Go for the Eyes","Redo","Chaos"],"picked":"SKIP","floor":4},{"not_picked":["Streamline","Skim"],"picked":"Cold Snap","floor":7},{"not_picked":["Double Energy","Hello World"],"picked":"Cold Snap","floor":12},{"not_picked":["Beam Cell","Ball Lightning"],"picked":"Coolheaded","floor":13},{"not_picked":["Doom and Gloom","Streamline","Hologram"],"picked":"SKIP","floor":14},{"not_picked":["Biased Cognition","Rainbow"],"picked":"Fission","floor":16},{"not_picked":["Force Field","Beam Cell"],"picked":"White Noise","floor":18},{"not_picked":["Leap","Consume","Auto Shields+1"],"picked":"SKIP","floor":21},{"not_picked":["Barrage","Leap"],"picked":"Cold Snap+1","floor":28},{"not_picked":["Steam","Cold Snap","Sunder"],"picked":"SKIP","floor":30},{"not_picked":["Reprogram","Skim"],"picked":"Reinforced Body","floor":31},{"not_picked":["All For One","Fission"],"picked":"Seek","floor":33},{"not_picked":["Beam Cell+1","Leap","Doom and Gloom+1"],"picked":"SKIP","floor":35},{"not_picked":["Compile Driver+1","Rip and Tear+1","Barrage"],"picked":"SKIP","floor":36},{"not_picked":["Gash","Reinforced Body"],"picked":"FTL+1","floor":37},{"not_picked":["Redo+1","Barrage"],"picked":"Defragment+1","floor":39},{"not_picked":["Stack","Genetic Algorithm","Aggregate"],"picked":"SKIP","floor":41},{"not_picked":["White Noise","FTL+1","Chaos"],"picked":"SKIP","floor":45},{"not_picked":["Loop","Consume","Redo+1"],"picked":"SKIP","floor":48}],"player_experience":82687,"relics_obtained":[{"floor":9,"key":"Mercury Hourglass"},{"floor":22,"key":"WingedGreaves"},{"floor":22,"key":"Bottled Flame"},{"floor":26,"key":"Gremlin Horn"},{"floor":37,"key":"Peace Pipe"},{"floor":41,"key":"Juzu Bracelet"},{"floor":45,"key":"Thread and Needle"},{"floor":47,"key":"Shuriken"}],"event_choices":[{"damage_healed":0,"gold_gain":0,"player_choice":"Success","damage_taken":25,"relics_obtained":["DataDisk"],"max_hp_gain":0,"max_hp_loss":0,"event_name":"Scrap Ooze","floor":2,"gold_loss":0},{"cards_removed":["Strike_B"],"damage_healed":0,"gold_gain":0,"player_choice":"Purged","damage_taken":0,"max_hp_gain":0,"max_hp_loss":0,"event_name":"Purifier","floor":3,"gold_loss":0},{"damage_healed":0,"gold_gain":0,"player_choice":"Lose Max HP","damage_taken":0,"relics_obtained":["Golden Idol"],"max_hp_gain":0,"max_hp_loss":6,"event_name":"Golden Idol","floor":5,"gold_loss":0},{"damage_healed":0,"gold_gain":0,"player_choice":"Simplicity","damage_taken":0,"max_hp_gain":0,"max_hp_loss":0,"event_name":"Back to Basics","floor":19,"gold_loss":0,"cards_upgraded":["Strike_B","Strike_B","Defend_B","Defend_B","Defend_B"]},{"damage_healed":0,"gold_gain":0,"player_choice":"Fight","damage_taken":0,"max_hp_gain":0,"max_hp_loss":0,"event_name":"Colosseum","floor":22,"gold_loss":0},{"damage_healed":0,"gold_gain":0,"player_choice":"Fought Nobs","damage_taken":0,"max_hp_gain":0,"max_hp_loss":0,"event_name":"Colosseum","floor":22,"gold_loss":0},{"damage_healed":0,"gold_gain":0,"player_choice":"Ignored","damage_taken":0,"max_hp_gain":0,"max_hp_loss":0,"event_name":"Vampires","floor":24,"gold_loss":0},{"damage_healed":0,"gold_gain":0,"player_choice":"Fight","damage_taken":0,"max_hp_gain":0,"max_hp_loss":0,"event_name":"MindBloom","floor":37,"gold_loss":0},{"damage_healed":0,"gold_gain":0,"player_choice":"Memory 1","damage_taken":0,"max_hp_gain":0,"max_hp_loss":0,"event_name":"SensoryStone","floor":38,"gold_loss":0}],"is_beta":false,"boss_relics":[{"not_picked":["Velvet Choker","Orrery"],"picked":"Cursed Key"},{"not_picked":["Coffee Dripper","Black Star"],"picked":"Runic Pyramid"}],"items_purged_floors":[8,29],"is_endless":false,"potions_floor_spawned":[4,7,12,13,21,22,30,39,41],"ascension_level":5}