{"gold_per_floor":[117,117,127,52,63,63,78,92,92,92,127,127,141,161,161,161],"floor_reached":16,"playtime":840,"items_purged":["Strike_B"],"score":104,"play_id":"3894b2f6-0732-4ec4-9f7a-f7c378e023b3","local_time":"20190307170159","is_ascension_mode":false,"campfire_choices":[{"data":"Conserve Battery","floor":6,"key":"SMITH"},{"data":"Defragment","floor":10,"key":"SMITH"},{"data":"Madness","floor":12,"key":"SMITH"},{"floor":15,"key":"REST"}],"neow_cost":"TEN_PERCENT_HP_LOSS","seed_source_timestamp":317786061070962,"circlet_count":0,"master_deck":["Strike_B","Strike_B","Defend_B","Defend_B","Defend_B","Defend_B","Zap","Dualcast","Madness+1","Thinking Ahead","Beam Cell","Heatsinks","Gash","Conserve Battery+1","Defragment+1","Rebound","Sweeping Beam","Steam","Hologram"],"relics":["Cracked Core","Blue Candle"],"potions_floor_usage":[14,16],"damage_taken":[{"damage":5,"enemies":"Small Slimes","floor":1,"turns":3},{"damage":1,"enemies":"Cultist","floor":3,"turns":3},{"damage":1,"enemies":"Jaw Worm","floor":5,"turns":4},{"damage":0,"enemies":"Blue Slaver","floor":7,"turns":3},{"damage":0,"enemies":"Looter","floor":8,"turns":3},{"damage":33,"enemies":"3 Sentries","floor":11,"turns":10},{"damage":18,"enemies":"Gremlin Gang","floor":13,"turns":4},{"damage":0,"enemies":"Blue Slaver","floor":14,"turns":2},{"damage":30,"enemies":"Slime Boss","floor":16,"turns":7}],"seed_played":"-5232586465172070734","potions_obtained":[{"floor":5,"key":"SpeedPotion"},{"floor":11,"key":"Ancient Potion"},{"floor":13,"key":"Poison Potion"}],"is_trial":false,"path_per_floor":["M","?","M","$","M","R","M","M","T","R","E","R","M","M","R","B"],"character_chosen":"DEFECT","items_purchased":[],"campfire_rested":1,"item_purchase_floors":[],"current_hp_per_floor":[63,63,62,62,61,61,61,61,61,61,28,28,10,10,30,0],"gold":161,"neow_bonus":"RANDOM_COLORLESS_2","is_prod":false,"is_daily":false,"chose_seed":false,"campfire_upgraded":3,"win_rate":0,"timestamp":1551999719,"path_taken":["M","?","M","?","?","R","M","M","T","R","E","R","M","M","R","BOSS"],"build_version":"2019-01-23","purchased_purges":1,"victory":false,"max_hp_per_floor":[68,68,68,68,68,68,68,68,68,68,68,68,68,68,68,68],"card_choices":[{"not_picked":["Static Discharge","Force Field"],"picked":"Beam Cell","floor":1},{"not_picked":["Redo","Stack"],"picked":"Gash","floor":3},{"not_picked":["Melter","Capacitor"],"picked":"Conserve Battery","floor":5},{"not_picked":["Double Energy","Leap"],"picked":"Defragment","floor":7},{"not_picked":["Compile Driver","Steam Power"],"picked":"Rebound","floor":8},{"not_picked":["Barrage","Rebound"],"picked":"Sweeping Beam","floor":11},{"not_picked":["Cold Snap","Biased Cognition"],"picked":"Steam","floor":13},{"not_picked":["Sweeping Beam","Stack"],"picked":"Hologram","floor":14}],"player_experience":210973,"relics_obtained":[{"floor":11,"key":"Blue Candle"}],"event_choices":[{"damage_healed":0,"gold_gain":0,"cards_transformed":["Strike_B"],"player_choice":"Transformed","damage_taken":0,"max_hp_gain":0,"max_hp_loss":0,"event_name":"Transmorgrifier","floor":2,"gold_loss":0,"cards_obtained":["Heatsinks"]}],"is_beta":false,"boss_relics":[],"items_purged_floors":[4],"is_endless":false,"potions_floor_spawned":[5,11,13],"killed_by":"Slime Boss","ascension_level":0}