{"gold_per_floor":[110,123,123,138,138,138,103,117,117,117,137,151,151,175,175,304,304,328,298],"floor_reached":19,"playtime":1043,"items_purged":[],"score":161,"play_id":"d094b244-e5f6-4867-981c-3b606d81ecad","local_time":"20190505011428","is_ascension_mode":false,"campfire_choices":[{"data":"Accuracy","floor":6,"key":"SMITH"},{"data":"Caltrops","floor":10,"key":"SMITH"},{"floor":13,"key":"REST"},{"data":"Blade Dance","floor":15,"key":"SMITH"}],"neow_cost":"NONE","seed_source_timestamp":197126637653553,"circlet_count":0,"master_deck":["Defend_G","Defend_G","Defend_G","Defend_G","Defend_G","Strike_G","Strike_G+1","Strike_G","Strike_G","Strike_G","Survivor","Neutralize","Accuracy+1","Flying Knee+1","Backflip","Injury","Caltrops+1","Outmaneuver","Finisher","Adrenaline","Blade Dance+1","Die Die Die","Acrobatics"],"relics":["Ring of the Snake","NeowsBlessing","Golden Idol","Regal Pillow","White Beast Statue"],"potions_floor_usage":[16],"damage_taken":[{"damage":0,"enemies":"Cultist","floor":1,"turns":1},{"damage":0,"enemies":"Jaw Worm","floor":2,"turns":1},{"damage":0,"enemies":"2 Louse","floor":4,"turns":1},{"damage":2,"enemies":"Blue Slaver","floor":8,"turns":4},{"damage":13,"enemies":"Red Slaver","floor":11,"turns":5},{"damage":26,"enemies":"Exordium Thugs","floor":12,"turns":6},{"damage":0,"enemies":"Looter","floor":14,"turns":4},{"damage":35,"enemies":"Slime Boss","floor":16,"turns":15},{"damage":10,"enemies":"Spheric Guardian","floor":18,"turns":4},{"damage":20,"enemies":"2 Thieves","floor":19,"turns":1}],"seed_played":"-1887538783217430376","potions_obtained":[{"floor":1,"key":"SneckoOil"},{"floor":8,"key":"PowerPotion"},{"floor":12,"key":"Regen Potion"},{"floor":18,"key":"SpeedPotion"}],"is_trial":false,"path_per_floor":["M","?","?","$"],"character_chosen":"THE_SILENT","items_purchased":["Caltrops"],"campfire_rested":1,"item_purchase_floors":[7],"current_hp_per_floor":[70,70,56,56,56,56,56,54,54,54,41,15,51,51,51,16,70,60,40],"gold":298,"neow_bonus":"THREE_ENEMY_KILL","is_prod":false,"is_daily":false,"chose_seed":false,"campfire_upgraded":3,"win_rate":0,"timestamp":1557033268,"path_taken":["M","?","?","M","?","R","?","M","T","R","M","M","R","M","R","BOSS","M","M"],"build_version":"2019-01-23","purchased_purges":0,"victory":false,"max_hp_per_floor":[70,70,70,70,70,70,70,70,70,70,70,70,70,70,70,70,70,70,70],"card_choices":[{"not_picked":["Tactician","Backstab"],"picked":"Accuracy","floor":1},{"not_picked":["Acrobatics","Bane"],"picked":"Flying Knee","floor":2},{"not_picked":["Bane","Calculated Gamble"],"picked":"Backflip","floor":4},{"not_picked":["Endless Agony","Slice"],"picked":"Outmaneuver","floor":8},{"not_picked":["PiercingWail","Quick Slash"],"picked":"Finisher","floor":11},{"not_picked":["Predator","Deadly Poison"],"picked":"Adrenaline","floor":12},{"not_picked":["Terror","Blur"],"picked":"Blade Dance","floor":14},{"not_picked":["Glass Knife","Grand Finale"],"picked":"Die Die Die","floor":16},{"not_picked":["Heel Hook+1","Bouncing Flask+1"],"picked":"Acrobatics","floor":18}],"player_experience":479646,"relics_obtained":[{"floor":9,"key":"Regal Pillow"}],"event_choices":[{"damage_healed":0,"gold_gain":0,"player_choice":"Entered Light","damage_taken":14,"max_hp_gain":0,"max_hp_loss":0,"event_name":"Shining Light","floor":3,"gold_loss":0,"cards_upgraded":["Flying Knee","Strike_G"]},{"damage_healed":0,"gold_gain":0,"player_choice":"Take Wound","damage_taken":0,"relics_obtained":["Golden Idol"],"max_hp_gain":0,"max_hp_loss":0,"event_name":"Golden Idol","floor":5,"gold_loss":0,"cards_obtained":["Injury"]}],"is_beta":false,"boss_relics":[{"not_picked":["Velvet Choker","Calling Bell"],"picked":"White Beast Statue"}],"items_purged_floors":[],"is_endless":false,"potions_floor_spawned":[1,8,12,14,18],"killed_by":"2 Thieves","ascension_level":0}