{"gold_per_floor":[116,116,130,26,37,37,52,63,63,98,98,111,111,126,126,225,225,242,225,49,59,70,70,70],"floor_reached":24,"playtime":2205,"items_purged":[],"score":252,"play_id":"61ee628f-cb4e-435d-9c52-36bbadb97945","local_time":"20190217082447","is_ascension_mode":false,"campfire_choices":[{"data":"Bouncing Flask","floor":6.0,"key":"SMITH"},{"data":"Caltrops","floor":11.0,"key":"SMITH"},{"data":"Dash","floor":13.0,"key":"SMITH"},{"data":"Quick Slash","floor":15.0,"key":"SMITH"},{"data":"Bouncing Flask","floor":23.0,"key":"SMITH"}],"neow_cost":"NONE","seed_source_timestamp":0,"circlet_count":0,"master_deck":["Defend_G","Defend_G","Defend_G","Defend_G","Defend_G","Strike_G","Strike_G","Strike_G","Strike_G","Strike_G+1","Survivor","Neutralize+1","Well Laid Plans","Dash+1","Backflip","Infinite Blades","Bouncing Flask+1","Caltrops+1","Cloak And Dagger","Malaise","Dodge and Roll","Quick Slash+1","Burst","Outmaneuver","Cloak And Dagger","Crippling Poison","Poisoned Stab","Deflect","Unload","Bouncing Flask+1","Cloak And Dagger","Footwork","Backstab","PiercingWail","Cloak And Dagger"],"special_seed":0,"relics":["Ring of the Snake","Bag of Preparation","Whetstone","Happy Flower","Orrery"],"potions_floor_usage":[],"damage_taken":[{"damage":2.0,"enemies":"Jaw Worm","floor":1.0,"turns":5.0},{"damage":0.0,"enemies":"2 Louse","floor":3.0,"turns":4.0},{"damage":2.0,"enemies":"Small Slimes","floor":5.0,"turns":4.0},{"damage":2.0,"enemies":"3 Louse","floor":7.0,"turns":4.0},{"damage":3.0,"enemies":"Red Slaver","floor":8.0,"turns":3.0},{"damage":3.0,"enemies":"Lagavulin","floor":10.0,"turns":5.0},{"damage":6.0,"enemies":"Exordium Thugs","floor":12.0,"turns":5.0},{"damage":2.0,"enemies":"Looter","floor":14.0,"turns":3.0},{"damage":11.0,"enemies":"The Guardian","floor":16.0,"turns":11.0},{"damage":1.0,"enemies":"Shell Parasite","floor":18.0,"turns":6.0},{"damage":6.0,"enemies":"2 Thieves","floor":19.0,"turns":4.0},{"damage":0.0,"enemies":"Cultist and Chosen","floor":21.0,"turns":7.0},{"damage":20.0,"enemies":"Centurion and Healer","floor":22.0,"turns":6.0},{"damage":0,"enemies":"Shelled Parasite and Fungi","floor":24,"turns":1}],"seed_played":"214431627807817191","potions_obtained":[{"floor":1.0,"key":"Dexterity Potion"},{"floor":3.0,"key":"Dexterity Potion"},{"floor":12.0,"key":"SpeedPotion"},{"floor":16.0,"key":"Fire Potion"},{"floor":21.0,"key":"Regen Potion"}],"is_trial":false,"path_per_floor":["?"],"character_chosen":"THE_SILENT","items_purchased":["Backflip","Infinite Blades","Cloak And Dagger","Footwork","Backstab"],"campfire_rested":0,"item_purchase_floors":[4,4,20,20,20],"current_hp_per_floor":[68,73,73,73,71,71,69,66,66,63,63,57,57,55,55,44,75,74,68,68,68,48,48,48],"gold":70,"neow_bonus":"RANDOM_COMMON_RELIC","is_prod":false,"is_daily":false,"chose_seed":false,"campfire_upgraded":5,"win_rate":0,"timestamp":1550409887,"path_taken":["M","?","M","$","M","R","M","M","T","E","R","M","R","M","R","BOSS","M","M","$","M","M","R","M"],"build_version":"2019-01-23","purchased_purges":0,"victory":false,"max_hp_per_floor":[70,75,75,75,75,75,75,75,75,75,75,75,75,75,75,75,75,75,75,75,75,75,75,75],"card_choices":[{"not_picked":["Flying Knee","Setup"],"picked":"Well Laid Plans","floor":1.0},{"not_picked":["Noxious Fumes","Underhanded Strike"],"picked":"Dash","floor":3.0},{"not_picked":["Cloak And Dagger","Infinite Blades"],"picked":"Bouncing Flask","floor":5.0},{"not_picked":["Deadly Poison","Dagger Throw"],"picked":"Caltrops","floor":7.0},{"not_picked":["Quick Slash","Deflect"],"picked":"Cloak And Dagger","floor":8.0},{"not_picked":["Endless Agony","Setup"],"picked":"Malaise","floor":10.0},{"not_picked":["Predator","Backflip"],"picked":"Dodge and Roll","floor":12.0},{"not_picked":["Concentrate","Bane"],"picked":"Quick Slash","floor":14.0},{"not_picked":["Die Die Die","Unload"],"picked":"Burst","floor":16.0},{"not_picked":["Finisher","Dagger Throw"],"picked":"Outmaneuver","floor":17.0},{"not_picked":["Outmaneuver","PiercingWail"],"picked":"Cloak And Dagger","floor":17.0},{"not_picked":["Infinite Blades","Deflect"],"picked":"Crippling Poison","floor":17.0},{"not_picked":["Acrobatics","Blade Dance"],"picked":"Poisoned Stab","floor":17.0},{"not_picked":["Dodge and Roll","Flying Knee"],"picked":"Deflect","floor":17.0},{"not_picked":["Well Laid Plans","Underhanded Strike+1"],"picked":"Unload","floor":18.0},{"not_picked":["Blade Dance","Acrobatics"],"picked":"Bouncing Flask","floor":19.0},{"not_picked":["Acrobatics","Predator"],"picked":"PiercingWail","floor":21.0},{"not_picked":["Riddle With Holes","Sucker Punch"],"picked":"Cloak And Dagger","floor":22.0}],"player_experience":69537,"relics_obtained":[{"floor":9.0,"key":"Whetstone"},{"floor":10.0,"key":"Happy Flower"}],"event_choices":[{"damage_healed":0.0,"max_hp_gain":5.0,"max_hp_loss":0.0,"gold_gain":0.0,"event_name":"Big Fish","player_choice":"Donut","floor":2.0,"gold_loss":0.0,"damage_taken":0.0}],"is_beta":false,"boss_relics":[{"not_picked":["White Beast Statue","Lizard Tail"],"picked":"Orrery"}],"items_purged_floors":[],"is_endless":false,"potions_floor_spawned":[1,3,12,14,16,21,22],"killed_by":"Shelled Parasite and Fungi","ascension_level":0}