{"gold_per_floor":[118,132,132,151,163,163,177,212,212,134,145,163,163,183,183,183],"floor_reached":16,"playtime":464,"items_purged":[],"score":175,"play_id":"f3ab2fd3-196e-4dc9-b414-04dfb9f77a0c","local_time":"20190406002955","is_ascension_mode":true,"campfire_choices":[{"data":"Perfected Strike","floor":6,"key":"SMITH"},{"floor":15,"key":"REST"}],"neow_cost":"NONE","seed_source_timestamp":1559744318347066,"circlet_count":0,"master_deck":["AscendersBane","Strike_R","Strike_R+1","Strike_R","Strike_R","Defend_R","Defend_R","Defend_R","Defend_R","Bash+1","Warcry","Perfected Strike+1","Wild Strike","Iron Wave","Twin Strike","Evolve","Wild Strike","Pommel Strike"],"relics":["Burning Blood","Omamori"],"potions_floor_usage":[16,16],"damage_taken":[{"damage":1,"enemies":"2 Louse","floor":1,"turns":2},{"damage":10,"enemies":"Cultist","floor":2,"turns":4},{"damage":14,"enemies":"Jaw Worm","floor":4,"turns":3},{"damage":14,"enemies":"Large Slime","floor":5,"turns":6},{"damage":15,"enemies":"Gremlin Gang","floor":7,"turns":5},{"damage":30,"enemies":"3 Sentries","floor":8,"turns":10},{"damage":7,"enemies":"Exordium Wildlife","floor":11,"turns":4},{"damage":9,"enemies":"Large Slime","floor":12,"turns":4},{"damage":2,"enemies":"2 Fungi Beasts","floor":14,"turns":3},{"damage":34,"enemies":"The Guardian","floor":16,"turns":5}],"seed_played":"5305670438185091129","potions_obtained":[{"floor":2,"key":"SteroidPotion"},{"floor":4,"key":"FearPotion"},{"floor":8,"key":"Fire Potion"}],"is_trial":false,"path_per_floor":["M","M","?","M","M","R","M","E","T","$","M","M","?","M","R","B"],"character_chosen":"IRONCLAD","items_purchased":["Evolve"],"campfire_rested":1,"item_purchase_floors":[10],"current_hp_per_floor":[77,73,73,65,57,57,48,24,24,24,23,20,4,8,32,0],"gold":183,"neow_bonus":"TRANSFORM_CARD","is_prod":false,"is_daily":false,"chose_seed":false,"campfire_upgraded":1,"win_rate":0,"timestamp":1554478195,"path_taken":["M","M","?","M","M","R","?","E","T","$","?","M","?","M","R","BOSS"],"build_version":"2019-01-23","purchased_purges":0,"victory":false,"max_hp_per_floor":[80,80,80,80,80,80,80,80,80,80,80,80,80,80,80,80],"card_choices":[{"not_picked":["Shrug It Off","Power Through"],"picked":"Perfected Strike","floor":1},{"not_picked":["Flex","Anger"],"picked":"Wild Strike","floor":2},{"not_picked":["Sword Boomerang","Carnage","Flex"],"picked":"SKIP","floor":4},{"not_picked":["Sentinel","Havoc","Clash"],"picked":"SKIP","floor":5},{"not_picked":["Clothesline","Fire Breathing"],"picked":"Iron Wave","floor":7},{"not_picked":["Intimidate","Shrug It Off"],"picked":"Twin Strike","floor":8},{"not_picked":["Body Slam","Carnage","Whirlwind"],"picked":"SKIP","floor":11},{"not_picked":["Havoc","Reaper"],"picked":"Wild Strike","floor":12},{"not_picked":["Flex","Shrug It Off"],"picked":"Pommel Strike","floor":14}],"player_experience":421496,"relics_obtained":[{"floor":8,"key":"Omamori"}],"event_choices":[{"damage_healed":0,"gold_gain":0,"player_choice":"Bought 0 Potions","damage_taken":0,"max_hp_gain":0,"max_hp_loss":0,"event_name":"The Woman in Blue","floor":3,"gold_loss":0},{"damage_healed":0,"gold_gain":0,"player_choice":"Entered Light","damage_taken":16,"max_hp_gain":0,"max_hp_loss":0,"event_name":"Shining Light","floor":13,"gold_loss":0,"cards_upgraded":["Bash","Strike_R"]}],"is_beta":false,"boss_relics":[],"items_purged_floors":[],"is_endless":false,"potions_floor_spawned":[2,4,8,12],"killed_by":"The Guardian","ascension_level":13}