{"gold_per_floor":[109,127,127,127,6,32,32,50,77,77,105,55,68,68,68,173,173,191,191,210,228,228,143,177,127,176,176,202,202,217,251,251,355,355,375,22,67,67,81,81,31,66,91,118,118,118,118,138,138,138],"floor_reached":51,"playtime":1066,"items_purged":["Strike_R","Strike_R","Defend_R","Defend_R","Strike_R"],"score":1067,"play_id":"63153195-44a7-4387-9a6c-e14983cb8a7e","local_time":"20190601124519","is_ascension_mode":false,"campfire_choices":[{"data":"Rampage","floor":7.0,"key":"SMITH"},{"data":"Bash","floor":10.0,"key":"SMITH"},{"data":"Battle Trance","floor":15.0,"key":"SMITH"},{"floor":27.0,"key":"REST"},{"floor":29,"key":"REST"},{"data":"Cleave","floor":32,"key":"SMITH"},{"floor":40,"key":"REST"},{"floor":46,"key":"REST"},{"floor":49,"key":"REST"}],"neow_cost":"NONE","seed_source_timestamp":90554006350849,"circlet_count":0,"master_deck":["Bash+1","Rampage+1","Battle Trance+1","Headbutt+1","Shrug It Off"],"special_seed":0,"relics":["Burning Blood","NeowsBlessing","Frozen Egg 2","Strawberry","Smiling Mask","Lantern","Empty Cage","MutagenicStrength","Vajra","Singing Bowl","Bronze Scales","Bag of Preparation","Dodecahedron","keyreminder:keyreminder","Lizard Tail","Paper Frog","Girya","The Courier","Juzu Bracelet","Art of War"],"potions_floor_usage":[50,50,50],"damage_taken":[{"damage":0.0,"enemies":"Cultist","floor":1.0,"turns":1.0},{"damage":0.0,"enemies":"Small Slimes","floor":2.0,"turns":1.0},{"damage":0.0,"enemies":"Lagavulin","floor":6.0,"turns":1.0},{"damage":4.0,"enemies":"2 Louse","floor":8.0,"turns":3.0},{"damage":20.0,"enemies":"Gremlin Nob","floor":11.0,"turns":4.0},{"damage":8.0,"enemies":"Exordium Thugs","floor":13.0,"turns":3.0},{"damage":0.0,"enemies":"Slime Boss","floor":16.0,"turns":5.0},{"damage":0.0,"enemies":"Chosen","floor":18.0,"turns":3.0},{"damage":12.0,"enemies":"Shell Parasite","floor":20.0,"turns":3.0},{"damage":32.0,"enemies":"Shelled Parasite and Fungi","floor":21.0,"turns":4.0},{"damage":17.0,"enemies":"Gremlin Leader","floor":24.0,"turns":5.0},{"damage":40,"enemies":"Slavers","floor":28,"turns":3},{"damage":11,"enemies":"Cultist and Chosen","floor":30,"turns":3},{"damage":0,"enemies":"Gremlin Leader","floor":31,"turns":3},{"damage":47,"enemies":"Champ","floor":33,"turns":5},{"damage":15,"enemies":"3 Shapes","floor":35,"turns":3},{"damage":60,"enemies":"2 Orb Walkers","floor":37,"turns":4},{"damage":17,"enemies":"3 Darklings","floor":39,"turns":3},{"damage":26,"enemies":"Giant Head","floor":42,"turns":5},{"damage":18,"enemies":"Reptomancer","floor":44,"turns":4},{"damage":21,"enemies":"Maw","floor":48,"turns":4},{"damage":51,"enemies":"Donu and Deca","floor":50,"turns":6}],"seed_played":"6977993890959140381","potions_obtained":[{"floor":1.0,"key":"Block Potion"},{"floor":2.0,"key":"Dexterity Potion"},{"floor":11.0,"key":"EssenceOfSteel"},{"floor":28,"key":"SteroidPotion"}],"is_trial":false,"path_per_floor":["M","M","T","?","$","E","R","M","T","R","E","$","M","?","R","B",null,"M","?","M","M","?","?","E","$","T","R","E","R","M","E","R","B",null,"M","$","?","?","M","R","$","E","T","E","?","R","?","M","R","B",null],"character_chosen":"IRONCLAD","items_purchased":["Cleave","Shrug It Off","Paper Frog"],"campfire_rested":5,"item_purchase_floors":[5,36,36],"current_hp_per_floor":[80,80,80,80,80,87,87,87,87,87,73,73,71,64,64,70,87,87,87,81,55,55,55,46,46,46,72,40,67,64,72,72,33,97,90,90,38,38,29,59,59,41,41,31,31,61,63,50,81,36],"gold":138,"neow_bonus":"THREE_ENEMY_KILL","is_prod":false,"is_daily":false,"chose_seed":false,"campfire_upgraded":4,"win_rate":0,"timestamp":1559385919,"path_taken":["M","?","?","?","$","E","R","M","T","R","E","$","M","?","R","BOSS","M","?","?","M","?","?","E","$","T","R","E","R","M","E","R","BOSS","M","$","?","?","M","R","$","E","T","E","?","R","?","M","R","BOSS"],"build_version":"2019-01-23","purchased_purges":5,"victory":true,"max_hp_per_floor":[80,80,80,80,80,87,87,87,87,87,87,87,87,87,87,87,87,87,87,87,87,87,87,89,89,89,89,91,91,93,95,95,97,97,99,99,101,101,103,103,103,105,105,107,102,102,104,106,106,106],"card_choices":[{"not_picked":["Blood for Blood","Body Slam"],"picked":"Rampage","floor":1.0},{"not_picked":["Wild Strike","Thunderclap"],"picked":"Battle Trance","floor":2.0},{"not_picked":["Twin Strike","Heavy Blade","Dark Embrace+1"],"picked":"SKIP","floor":6.0},{"not_picked":["Infernal Blade","Blood for Blood"],"picked":"Headbutt","floor":8.0},{"not_picked":["Flex","Body Slam","Bloodletting"],"picked":"SKIP","floor":11.0},{"not_picked":["Evolve+1","Rupture+1","Wild Strike"],"picked":"SKIP","floor":13.0},{"not_picked":["Perfected Strike+1","Uppercut","Burning Pact"],"picked":"SKIP","floor":18.0},{"not_picked":["Havoc","Armaments","Thunderclap"],"picked":"SKIP","floor":20.0},{"not_picked":["Wild Strike","Heavy Blade","Thunderclap+1"],"picked":"SKIP","floor":21.0},{"not_picked":["Body Slam","Pommel Strike","Perfected Strike"],"picked":"Singing Bowl","floor":24.0},{"not_picked":["Demon Form+1","Ghostly Armor","Pummel"],"picked":"Singing Bowl","floor":28},{"not_picked":["Pommel Strike+1","Pummel+1","Cleave"],"picked":"Singing Bowl","floor":30},{"not_picked":["Dropkick","Thunderclap","Infernal Blade"],"picked":"Singing Bowl","floor":31},{"not_picked":["Reaper","Offering","Feed"],"picked":"Singing Bowl","floor":33},{"not_picked":["Heavy Blade","Pummel+1","Warcry"],"picked":"Singing Bowl","floor":35},{"not_picked":["Searing Blow+1","Fire Breathing+1","Wild Strike+1"],"picked":"Singing Bowl","floor":37},{"not_picked":["Rupture+1","Searing Blow","Sever Soul"],"picked":"Singing Bowl","floor":39},{"not_picked":["Burning Pact+1","Dual Wield","Clash+1"],"picked":"Singing Bowl","floor":42},{"not_picked":["Entrench+1","Warcry","Cleave"],"picked":"Singing Bowl","floor":44},{"not_picked":["Secret Weapon","Dark Shackles","Sadistic Nature+1"],"picked":"Singing Bowl","floor":47},{"not_picked":["Heavy Blade+1","Havoc","Cleave+1"],"picked":"Singing Bowl","floor":48}],"player_experience":105485,"relics_obtained":[{"floor":3.0,"key":"Frozen Egg 2"},{"floor":6.0,"key":"Strawberry"},{"floor":9.0,"key":"Smiling Mask"},{"floor":11.0,"key":"Lantern"},{"floor":24.0,"key":"Singing Bowl"},{"floor":26.0,"key":"Bronze Scales"},{"floor":28,"key":"Bag of Preparation"},{"floor":31,"key":"Dodecahedron"},{"floor":37,"key":"Girya"},{"floor":42,"key":"The Courier"},{"floor":43,"key":"Juzu Bracelet"},{"floor":44,"key":"Art of War"}],"event_choices":[{"cards_removed":["Strike_R"],"damage_healed":0.0,"max_hp_gain":0.0,"max_hp_loss":0.0,"gold_gain":0.0,"event_name":"Living Wall","player_choice":"Forget","floor":4.0,"gold_loss":0.0,"damage_taken":0.0},{"cards_removed":["Defend_R"],"damage_healed":0.0,"max_hp_gain":0.0,"max_hp_loss":0.0,"gold_gain":0.0,"event_name":"Golden Wing","player_choice":"Card Removal","floor":14.0,"gold_loss":0.0,"damage_taken":7.0},{"damage_healed":0.0,"max_hp_gain":0.0,"max_hp_loss":0.0,"gold_gain":0.0,"event_name":"Accursed Blacksmith","player_choice":"Forge","floor":19.0,"gold_loss":0.0,"damage_taken":0.0,"cards_upgraded":["Headbutt"]},{"damage_healed":0.0,"max_hp_gain":0.0,"max_hp_loss":0.0,"gold_gain":0.0,"event_name":"Drug Dealer","player_choice":"Inject Mutagens","floor":22.0,"gold_loss":0.0,"damage_taken":0.0,"relics_obtained":["MutagenicStrength"]},{"damage_healed":0.0,"max_hp_gain":0.0,"max_hp_loss":0.0,"gold_gain":0.0,"event_name":"Addict","player_choice":"Obtained Relic","floor":23.0,"gold_loss":85.0,"damage_taken":0.0,"relics_obtained":["Vajra"]},{"damage_healed":0,"gold_gain":0,"player_choice":"Fight","damage_taken":0,"max_hp_gain":0,"max_hp_loss":0,"event_name":"Mysterious Sphere","floor":37,"gold_loss":0},{"cards_removed":["Cleave"],"damage_healed":0,"gold_gain":0,"player_choice":"Removed Attack","damage_taken":0,"max_hp_gain":0,"max_hp_loss":0,"event_name":"Falling","floor":38,"gold_loss":0},{"damage_healed":0,"gold_gain":0,"player_choice":"Max HP","damage_taken":0,"max_hp_gain":0,"max_hp_loss":5,"event_name":"Winding Halls","floor":45,"gold_loss":0},{"damage_healed":0,"gold_gain":0,"player_choice":"Memory 1","damage_taken":0,"max_hp_gain":0,"max_hp_loss":0,"event_name":"SensoryStone","floor":47,"gold_loss":0}],"is_beta":false,"boss_relics":[{"not_picked":["Black Star","Velvet Choker"],"picked":"Empty Cage"},{"not_picked":["Runic Cube","Philosopher\u0027s Stone"],"picked":"Lizard Tail"}],"items_purged_floors":[5,12,25,36,41],"is_endless":false,"potions_floor_spawned":[1,2,11,13,18,24,28,33,44],"ascension_level":0}