{"gold_per_floor":[112,112,112,135,135,169,188,229,229,269,11,11,29,48,48,48],"floor_reached":16,"playtime":980,"items_purged":["Strike_G"],"score":232,"play_id":"ae9b2efb-fabb-4233-a6e0-f6d5dffc9617","local_time":"20190602002250","is_ascension_mode":true,"campfire_choices":[{"floor":12.0,"key":"REST"},{"data":"Neutralize","floor":15,"key":"SMITH"}],"neow_cost":"NONE","seed_source_timestamp":1196681087827240,"circlet_count":0,"master_deck":["AscendersBane","Defend_G","Defend_G","Defend_G","Defend_G","Defend_G","Strike_G","Strike_G","Strike_G","Survivor","Neutralize+1","Cloak And Dagger","Endless Agony","Cloak And Dagger","Finisher","Cloak And Dagger","Mayhem","Noxious Fumes","Night Terror"],"special_seed":0,"relics":["Ring of the Snake","NeowsBlessing","Golden Idol","Pocketwatch","Paper Crane","Vajra","Blue Candle","Smiling Mask"],"potions_floor_usage":[],"damage_taken":[{"damage":0.0,"enemies":"Jaw Worm","floor":1.0,"turns":1.0},{"damage":0.0,"enemies":"Small Slimes","floor":4.0,"turns":1.0},{"damage":0.0,"enemies":"Lagavulin","floor":6.0,"turns":1.0},{"damage":0.0,"enemies":"2 Louse","floor":7.0,"turns":3.0},{"damage":3.0,"enemies":"Gremlin Nob","floor":8.0,"turns":4.0},{"damage":9.0,"enemies":"3 Sentries","floor":10.0,"turns":6.0},{"damage":0.0,"enemies":"2 Fungi Beasts","floor":13.0,"turns":3.0},{"damage":0.0,"enemies":"Exordium Thugs","floor":14.0,"turns":4.0},{"damage":33,"enemies":"Slime Boss","floor":16,"turns":6}],"seed_played":"-42927616907480204","potions_obtained":[{"floor":6.0,"key":"GhostInAJar"},{"floor":8.0,"key":"Explosive Potion"},{"floor":13.0,"key":"Ancient Potion"}],"is_trial":false,"path_per_floor":["M","?","?","M","?","E","M","E","T","E","$","R","M","M","R","B"],"character_chosen":"THE_SILENT","items_purchased":["Mayhem","Noxious Fumes"],"campfire_rested":1,"item_purchase_floors":[11,11],"current_hp_per_floor":[63,56,39,39,21,21,21,18,18,9,9,30,30,30,30,0],"gold":48,"neow_bonus":"THREE_ENEMY_KILL","is_prod":false,"is_daily":false,"chose_seed":false,"campfire_upgraded":1,"win_rate":0,"timestamp":1559415170,"path_taken":["M","?","?","M","?","E","M","E","T","E","?","R","M","M","R","BOSS"],"build_version":"2019-01-23","purchased_purges":1,"victory":false,"max_hp_per_floor":[70,70,70,70,70,70,70,70,70,70,70,70,70,70,70,70],"card_choices":[{"not_picked":["Masterful Stab","Expertise"],"picked":"Cloak And Dagger","floor":1.0},{"not_picked":["Underhanded Strike","Distraction"],"picked":"Endless Agony","floor":4.0},{"not_picked":["Reflex","Deflect"],"picked":"Cloak And Dagger","floor":6.0},{"not_picked":["Blade Dance","Prepared"],"picked":"Finisher","floor":7.0},{"not_picked":["Slice","Quick Slash","Backflip"],"picked":"SKIP","floor":8.0},{"not_picked":["Finisher","All Out Attack"],"picked":"Cloak And Dagger","floor":10.0},{"not_picked":["Accuracy","Bane","PiercingWail"],"picked":"SKIP","floor":13.0},{"not_picked":["Slice","Masterful Stab"],"picked":"Night Terror","floor":14.0}],"player_experience":1076862,"relics_obtained":[{"floor":6.0,"key":"Paper Crane"},{"floor":8.0,"key":"Vajra"},{"floor":9.0,"key":"Blue Candle"},{"floor":10.0,"key":"Smiling Mask"}],"event_choices":[{"cards_removed":["Strike_G"],"damage_healed":0.0,"max_hp_gain":0.0,"max_hp_loss":0.0,"gold_gain":0.0,"event_name":"Golden Wing","player_choice":"Card Removal","floor":2.0,"gold_loss":0.0,"damage_taken":7.0},{"damage_healed":0.0,"max_hp_gain":0.0,"max_hp_loss":0.0,"gold_gain":0.0,"event_name":"Golden Idol","player_choice":"Take Damage","floor":3.0,"gold_loss":0.0,"damage_taken":17.0,"relics_obtained":["Golden Idol"]},{"damage_healed":0.0,"max_hp_gain":0.0,"max_hp_loss":0.0,"gold_gain":0.0,"event_name":"Scrap Ooze","player_choice":"Success","floor":5.0,"gold_loss":0.0,"damage_taken":18.0,"relics_obtained":["Pocketwatch"]}],"is_beta":false,"boss_relics":[],"items_purged_floors":[11],"is_endless":false,"potions_floor_spawned":[6,8,13],"killed_by":"Slime Boss","ascension_level":12}