{"gold_per_floor":[114,189,205,219,219,219,239,271,271,271,286,286,286,302,302,403,403,420,260,260,272,272,297,324,337,364,398,358,377,405,97,97,97],"floor_reached":33,"playtime":1381,"items_purged":["Strike_R"],"score":458,"play_id":"63cec507-0c31-4a87-ade9-79ef3103ea23","local_time":"20190403234559","is_ascension_mode":true,"campfire_choices":[{"data":"Anger","floor":6.0,"key":"SMITH"},{"data":"Juggernaut","floor":10.0,"key":"SMITH"},{"data":"Armaments","floor":12.0,"key":"SMITH"},{"data":"Disarm","floor":15.0,"key":"SMITH"},{"floor":32,"key":"RECALL"}],"neow_cost":"NONE","seed_source_timestamp":1382064226969238,"circlet_count":0,"master_deck":["AscendersBane","Strike_R","Defend_R","Defend_R","Defend_R","Defend_R","Bash+1","Anger+1","Iron Wave","Shrug It Off+1","Disarm+1","Juggernaut+1","Armaments+1","Corruption","Battle Trance","Feed","Feel No Pain","Discovery","Feel No Pain","Brutality","Fiend Fire","Entrench+1","Evolve","Infernal Blade+1","Discovery"],"special_seed":0,"relics":["Burning Blood","Boot","The Courier","WingedGreaves","Fusion Hammer","Gambling Chip","Letter Opener","Vajra","Red Mask","Dodecahedron","Membership Card","Bronze Scales","War Paint"],"potions_floor_usage":[33,33,33,33],"damage_taken":[{"damage":5.0,"enemies":"Jaw Worm","floor":1.0,"turns":5.0},{"damage":1.0,"enemies":"Small Slimes","floor":3.0,"turns":4.0},{"damage":6.0,"enemies":"Cultist","floor":4.0,"turns":4.0},{"damage":13.0,"enemies":"Blue Slaver","floor":7.0,"turns":3.0},{"damage":30.0,"enemies":"Gremlin Nob","floor":8.0,"turns":5.0},{"damage":6.0,"enemies":"Red Slaver","floor":11.0,"turns":3.0},{"damage":12.0,"enemies":"Looter","floor":14.0,"turns":3.0},{"damage":21.0,"enemies":"Hexaghost","floor":16.0,"turns":12.0},{"damage":12.0,"enemies":"3 Byrds","floor":18.0,"turns":5.0},{"damage":5.0,"enemies":"Chosen","floor":21.0,"turns":6.0},{"damage":6.0,"enemies":"Book of Stabbing","floor":23.0,"turns":4.0},{"damage":35.0,"enemies":"Gremlin Leader","floor":24.0,"turns":5.0},{"damage":4.0,"enemies":"Snecko","floor":25.0,"turns":8.0},{"damage":12.0,"enemies":"Masked Bandits","floor":27.0,"turns":4.0},{"damage":0.0,"enemies":"Centurion and Healer","floor":29.0,"turns":3.0},{"damage":3.0,"enemies":"Book of Stabbing","floor":30.0,"turns":6.0},{"damage":49,"enemies":"Champ","floor":33,"turns":10}],"seed_played":"4591138936460885386","potions_obtained":[{"floor":3.0,"key":"Poison Potion"},{"floor":14.0,"key":"SteroidPotion"},{"floor":16.0,"key":"Energy Potion"},{"floor":28.0,"key":"EntropicBrew"},{"floor":28.0,"key":"EntropicBrew"}],"is_trial":false,"path_per_floor":["M","?","M","M","?","R","M","E","T","R","M","R","?","M","R","B",null,"M","$","?","M","?","E","E","M","T","?","?","M","E","$","R","B"],"character_chosen":"IRONCLAD","items_purchased":["Feel No Pain","Discovery","Membership Card","Bronze Scales","War Paint","Discovery"],"campfire_rested":0,"item_purchase_floors":[19,19,31,31,31,31],"current_hp_per_floor":[73,62,67,67,67,67,60,36,36,36,36,36,36,30,30,15,64,61,61,61,62,62,62,33,38,38,36,36,42,45,45,45,0],"gold":97,"neow_bonus":"RANDOM_COMMON_RELIC","is_prod":false,"is_daily":false,"chose_seed":false,"campfire_upgraded":4,"win_rate":0,"timestamp":1554302759,"path_taken":["M","?","M","M","?","R","M","E","T","R","?","R","?","M","R","BOSS","M","$","?","M","?","E","E","M","T","?","?","?","E","$","R","BOSS"],"build_version":"2019-01-23","purchased_purges":1,"victory":false,"max_hp_per_floor":[80,80,80,80,80,80,80,80,80,80,80,80,80,80,80,80,80,83,83,83,83,83,83,83,86,86,90,90,90,90,90,90,90],"card_choices":[{"not_picked":["True Grit","Thunderclap"],"picked":"Anger","floor":1.0},{"not_picked":["Sentinel","Headbutt"],"picked":"Iron Wave","floor":3.0},{"not_picked":["Armaments","Clash"],"picked":"Shrug It Off","floor":4.0},{"not_picked":["Headbutt","Twin Strike"],"picked":"Disarm","floor":7.0},{"not_picked":["Fire Breathing","Pommel Strike"],"picked":"Juggernaut","floor":8.0},{"not_picked":["Wild Strike","Clash"],"picked":"Armaments","floor":11.0},{"not_picked":["Rupture","Evolve"],"picked":"Battle Trance","floor":14.0},{"not_picked":["Exhume","Brutality"],"picked":"Feed","floor":16.0},{"not_picked":["Fire Breathing","Armaments","Infernal Blade"],"picked":"SKIP","floor":18.0},{"not_picked":["Corruption","Armaments"],"picked":"Feel No Pain","floor":21.0},{"not_picked":["Rupture+1","Thunderclap"],"picked":"Entrench+1","floor":23.0},{"not_picked":["Clothesline","Bloodletting","Inflame"],"picked":"SKIP","floor":24.0},{"not_picked":["Reckless Charge+1","Pommel Strike"],"picked":"Evolve","floor":25.0},{"not_picked":["Combust","Cleave"],"picked":"Infernal Blade","floor":27.0},{"not_picked":["Thunderclap","Clash","Havoc"],"picked":"SKIP","floor":29.0},{"not_picked":["Combust+1","Feel No Pain","Anger+1"],"picked":"SKIP","floor":30.0}],"player_experience":408345,"relics_obtained":[{"floor":8.0,"key":"The Courier"},{"floor":9.0,"key":"WingedGreaves"},{"floor":23.0,"key":"Gambling Chip"},{"floor":24.0,"key":"Letter Opener"},{"floor":26.0,"key":"Vajra"},{"floor":27.0,"key":"Red Mask"},{"floor":30.0,"key":"Dodecahedron"}],"event_choices":[{"damage_healed":0.0,"max_hp_gain":0.0,"max_hp_loss":0.0,"gold_gain":75.0,"event_name":"World of Goop","player_choice":"Gather Gold","floor":2.0,"gold_loss":0.0,"damage_taken":11.0},{"damage_healed":0.0,"max_hp_gain":0.0,"max_hp_loss":0.0,"gold_gain":0.0,"event_name":"Upgrade Shrine","player_choice":"Upgraded","floor":5.0,"gold_loss":0.0,"damage_taken":0.0,"cards_upgraded":["Bash"]},{"damage_healed":0.0,"max_hp_gain":0.0,"max_hp_loss":0.0,"gold_gain":0.0,"cards_transformed":["Strike_R"],"event_name":"Transmorgrifier","player_choice":"Transformed","floor":13.0,"gold_loss":0.0,"damage_taken":0.0,"cards_obtained":["Corruption"]},{"damage_healed":0.0,"max_hp_gain":0.0,"max_hp_loss":0.0,"gold_gain":0.0,"event_name":"Ghosts","player_choice":"Ignored","floor":20.0,"gold_loss":0.0,"damage_taken":0.0},{"damage_healed":0.0,"max_hp_gain":0.0,"max_hp_loss":0.0,"gold_gain":0.0,"cards_transformed":["Strike_R","Strike_R"],"event_name":"Drug Dealer","player_choice":"Became Test Subject","floor":22.0,"gold_loss":0.0,"damage_taken":0.0,"cards_obtained":["Brutality","Fiend Fire"]},{"damage_healed":0.0,"max_hp_gain":0.0,"max_hp_loss":0.0,"gold_gain":0.0,"event_name":"Masked Bandits","player_choice":"Fought Bandits","floor":27.0,"gold_loss":0.0,"damage_taken":0.0},{"damage_healed":0.0,"max_hp_gain":0.0,"max_hp_loss":0.0,"gold_gain":0.0,"event_name":"The Woman in Blue","player_choice":"Bought 3 Potions","floor":28.0,"gold_loss":0.0,"damage_taken":0.0}],"is_beta":false,"boss_relics":[{"not_picked":["Velvet Choker","Snecko Eye"],"picked":"Fusion Hammer"}],"items_purged_floors":[19],"is_endless":false,"potions_floor_spawned":[3,14,16,18,27,29,30],"killed_by":"Champ","ascension_level":10}