{"gold_per_floor":[116,116,116,116,130,130,144,159,232,232,246,265,340,357,357,435,435,447,337,355,370,382,382,410,410,434,445,445,445,476,496,496,496],"floor_reached":33,"playtime":1348,"items_purged":[],"score":566,"play_id":"65b9e208-9a4e-4459-ba93-5810b8dcce2b","local_time":"20190416225735","is_ascension_mode":true,"campfire_choices":[{"data":"Whirlwind","floor":6.0,"key":"SMITH"},{"data":"Panacea","floor":10.0,"key":"SMITH"},{"data":"Body Slam","floor":15.0,"key":"SMITH"},{"floor":23.0,"key":"REST"},{"floor":25.0,"key":"REST"},{"floor":28.0,"key":"REST"},{"data":"Evolve","floor":32.0,"key":"SMITH"}],"neow_cost":"NONE","seed_source_timestamp":283623588617902,"circlet_count":0,"master_deck":["AscendersBane","Strike_R+1","Strike_R","Strike_R","Defend_R","Defend_R","Defend_R","Defend_R+1","Bash+1","Panacea+1","Iron Wave","Dark Embrace","Whirlwind+1","Impervious","Flex+1","Body Slam+1","Warcry+1","Offering+1","True Grit+1","Bloodletting+1","Seeing Red+1","Evolve+1","Pommel Strike+1"],"special_seed":0,"relics":["Burning Blood","Matryoshka","Bag of Marbles","Toxic Egg 2","Black Star","Charon\u0027s Ashes","Red Skull","Omamori","PreservedInsect","MutagenicStrength","Centennial Puzzle","Paper Frog"],"potions_floor_usage":[33,33],"damage_taken":[{"damage":14.0,"enemies":"Jaw Worm","floor":1.0,"turns":5.0},{"damage":6.0,"enemies":"Cultist","floor":5.0,"turns":4.0},{"damage":0.0,"enemies":"Small Slimes","floor":7.0,"turns":2.0},{"damage":9.0,"enemies":"Exordium Wildlife","floor":8.0,"turns":4.0},{"damage":0.0,"enemies":"Gremlin Gang","floor":11.0,"turns":1.0},{"damage":6.0,"enemies":"Looter","floor":12.0,"turns":3.0},{"damage":0.0,"enemies":"Exordium Wildlife","floor":14.0,"turns":1.0},{"damage":43.0,"enemies":"Hexaghost","floor":16.0,"turns":11.0},{"damage":17.0,"enemies":"Chosen","floor":18.0,"turns":4.0},{"damage":0.0,"enemies":"2 Thieves","floor":20.0,"turns":1.0},{"damage":24.0,"enemies":"Centurion and Healer","floor":21.0,"turns":5.0},{"damage":20.0,"enemies":"Snake Plant","floor":22.0,"turns":4.0},{"damage":43.0,"enemies":"Gremlin Leader","floor":24.0,"turns":5.0},{"damage":9.0,"enemies":"Sentry and Sphere","floor":27.0,"turns":1.0},{"damage":6.0,"enemies":"Slavers","floor":30.0,"turns":1.0},{"damage":0.0,"enemies":"Centurion and Healer","floor":31.0,"turns":1.0},{"damage":81,"enemies":"Automaton","floor":33,"turns":6}],"seed_played":"4854502481546370540","potions_obtained":[{"floor":1.0,"key":"Regen Potion"},{"floor":7.0,"key":"Swift Potion"},{"floor":12.0,"key":"Weak Potion"},{"floor":16.0,"key":"PowerPotion"},{"floor":18.0,"key":"GamblersBrew"}],"is_trial":false,"path_per_floor":["M","?","?","T","M","R","M","M","T","R","M","M","?","M","R","B",null,"M","?","M","M","M","R","E","R","T","M","R","?","E","M","R","B"],"character_chosen":"IRONCLAD","items_purchased":[],"campfire_rested":3,"item_purchase_floors":[],"current_hp_per_floor":[60,37,37,37,37,37,43,40,40,40,46,46,35,41,41,13,60,49,49,55,37,23,45,8,30,30,27,49,49,49,55,55,0],"gold":496,"neow_bonus":"RANDOM_COLORLESS","is_prod":false,"is_daily":false,"chose_seed":false,"campfire_upgraded":4,"win_rate":0,"timestamp":1555423055,"path_taken":["M","?","?","?","?","R","M","M","T","R","M","M","?","M","R","BOSS","M","?","M","M","M","R","E","R","T","?","R","?","E","M","R","BOSS"],"build_version":"2019-01-23","purchased_purges":0,"victory":false,"max_hp_per_floor":[75,75,75,75,75,75,75,75,75,75,75,75,75,75,75,75,75,75,75,75,75,75,75,75,75,75,75,75,75,75,75,75,75],"card_choices":[{"not_picked":["Headbutt","Rampage"],"picked":"Iron Wave","floor":1.0},{"not_picked":["Havoc","Heavy Blade"],"picked":"Whirlwind","floor":5.0},{"not_picked":["Anger","Headbutt","Iron Wave"],"picked":"SKIP","floor":7.0},{"not_picked":["Heavy Blade","Iron Wave"],"picked":"Impervious","floor":8.0},{"not_picked":["Havoc+1","Sword Boomerang"],"picked":"Flex+1","floor":11.0},{"not_picked":["Armaments+1","Perfected Strike"],"picked":"Body Slam","floor":12.0},{"not_picked":["Clothesline","Impervious+1"],"picked":"Warcry+1","floor":14.0},{"not_picked":["Exhume+1","Barricade"],"picked":"Offering+1","floor":16.0},{"not_picked":["Iron Wave+1","Heavy Blade","Blood for Blood"],"picked":"SKIP","floor":18.0},{"not_picked":["Headbutt","Cleave+1"],"picked":"True Grit+1","floor":20.0},{"not_picked":["Carnage","Thunderclap","Burning Pact+1"],"picked":"SKIP","floor":21.0},{"not_picked":["Clash","Perfected Strike","Rampage"],"picked":"SKIP","floor":22.0},{"not_picked":["Intimidate+1","Wild Strike"],"picked":"Bloodletting+1","floor":24.0},{"not_picked":["Brutality","Warcry+1"],"picked":"Seeing Red+1","floor":27.0},{"not_picked":["Reckless Charge","Fire Breathing+1"],"picked":"Evolve","floor":30.0},{"not_picked":["Wild Strike","Thunderclap"],"picked":"Pommel Strike+1","floor":31.0}],"player_experience":450298,"relics_obtained":[{"floor":4.0,"key":"Matryoshka"},{"floor":9.0,"key":"Bag of Marbles"},{"floor":9.0,"key":"Toxic Egg 2"},{"floor":24.0,"key":"Charon\u0027s Ashes"},{"floor":24.0,"key":"Red Skull"},{"floor":26.0,"key":"Omamori"},{"floor":26.0,"key":"PreservedInsect"},{"floor":30.0,"key":"Centennial Puzzle"},{"floor":30.0,"key":"Paper Frog"}],"event_choices":[{"damage_healed":0.0,"max_hp_gain":0.0,"max_hp_loss":0.0,"gold_gain":0.0,"event_name":"Shining Light","player_choice":"Entered Light","floor":2.0,"gold_loss":0.0,"damage_taken":23.0,"cards_upgraded":["Strike_R","Defend_R"]},{"damage_healed":0.0,"max_hp_gain":0.0,"max_hp_loss":0.0,"gold_gain":0.0,"cards_transformed":["Strike_R"],"event_name":"Living Wall","player_choice":"Change","floor":3.0,"gold_loss":0.0,"damage_taken":0.0,"cards_obtained":["Dark Embrace"]},{"damage_healed":0.0,"max_hp_gain":0.0,"max_hp_loss":0.0,"gold_gain":75.0,"event_name":"World of Goop","player_choice":"Gather Gold","floor":13.0,"gold_loss":0.0,"damage_taken":11.0},{"cards_removed":["Strike_R"],"damage_healed":0.0,"max_hp_gain":0.0,"max_hp_loss":0.0,"gold_gain":0.0,"event_name":"Designer","player_choice":"Upgrade and Remove","floor":19.0,"gold_loss":110.0,"damage_taken":0.0,"cards_upgraded":["Bash"]},{"damage_healed":0.0,"max_hp_gain":0.0,"max_hp_loss":0.0,"gold_gain":0.0,"event_name":"Drug Dealer","player_choice":"Inject Mutagens","floor":29.0,"gold_loss":0.0,"damage_taken":0.0,"relics_obtained":["MutagenicStrength"]}],"is_beta":false,"boss_relics":[{"not_picked":["Orrery","Tiny House"],"picked":"Black Star"}],"items_purged_floors":[],"is_endless":false,"potions_floor_spawned":[1,7,12,14,16,18,22,31],"killed_by":"Automaton","ascension_level":17}