{"gold_per_floor":[118,17,17,92,92,118,118,144,144,144,144,144,159,182,182,307,307,320,335,335,348,288,288,387,412,412,484,484,502,118,136,136,264,264,279,279,27,27,27,27,51,86,162,180,513,513,513,533,533,533],"floor_reached":51,"playtime":5008,"items_purged":["Strike_R","Strike_R"],"score":854,"play_id":"861dcf9b-6031-458d-819c-1b23c6ee279f","local_time":"20180925213510","is_ascension_mode":true,"campfire_choices":[{"data":"Armaments","floor":7,"key":"SMITH"},{"floor":11,"key":"REST"},{"data":"Iron Wave","floor":12,"key":"SMITH"},{"data":"Barricade","floor":15,"key":"SMITH"},{"data":"Entrench","floor":23,"key":"SMITH"},{"data":"Entrench","floor":28,"key":"SMITH"},{"data":"Power Through","floor":32,"key":"SMITH"},{"data":"Evolve","floor":40,"key":"SMITH"},{"data":"Double Tap","floor":47,"key":"SMITH"},{"data":"True Grit","floor":49,"key":"SMITH"}],"neow_cost":"NONE","seed_source_timestamp":1066168787039566,"circlet_count":0,"master_deck":["Defend_R","Defend_R","Defend_R","Bash","Iron Wave+1","Headbutt","Armaments+1","Body Slam+1","Headbutt+1","Barricade+1","Double Tap+1","Entrench+1","Iron Wave+1","Flex","Power Through+1","Entrench+1","Ghostly Armor+1","Evolve+1","True Grit+1","Body Slam+1","Warcry+1","Flash of Steel+1","Battle Trance","Impervious","True Grit+1"],"relics":["Burning Blood","WingedGreaves","Molten Egg 2","Ornamental Fan","Mark of Pain","Prayer Wheel","Shuriken","Bottled Tornado","Velvet Choker","DollysMirror","Omamori","Letter Opener"],"potions_floor_usage":[42,50,50,50],"damage_taken":[{"damage":6,"enemies":"Jaw Worm","floor":1,"turns":5},{"damage":33,"enemies":"3 Sentries","floor":6,"turns":14},{"damage":32,"enemies":"Lagavulin","floor":8,"turns":12},{"damage":0,"enemies":"Small Slimes","floor":13,"turns":4},{"damage":0,"enemies":"Cultist","floor":14,"turns":3},{"damage":20,"enemies":"Hexaghost","floor":16,"turns":13},{"damage":4,"enemies":"Spheric Guardian","floor":18,"turns":4},{"damage":16,"enemies":"3 Byrds","floor":19,"turns":6},{"damage":2,"enemies":"Cultist and Chosen","floor":21,"turns":6},{"damage":0,"enemies":"3 Cultists","floor":25,"turns":8},{"damage":25,"enemies":"Snecko","floor":29,"turns":8},{"damage":6,"enemies":"Snake Plant","floor":31,"turns":4},{"damage":0,"enemies":"Automaton","floor":33,"turns":9},{"damage":27,"enemies":"3 Darklings","floor":35,"turns":8},{"damage":0,"enemies":"Orb Walker","floor":41,"turns":4},{"damage":0,"enemies":"Nemesis","floor":42,"turns":5},{"damage":0,"enemies":"4 Shapes","floor":44,"turns":6},{"damage":0,"enemies":"Spire Growth","floor":48,"turns":4},{"damage":21,"enemies":"Time Eater","floor":50,"turns":6}],"seed_played":"-8013774356576433401","potions_obtained":[{"floor":1,"key":"FearPotion"},{"floor":16,"key":"SpeedPotion"},{"floor":25,"key":"SpeedPotion"},{"floor":29,"key":"Weak Potion"},{"floor":35,"key":"Regen Potion"},{"floor":42,"key":"EssenceOfSteel"},{"floor":44,"key":"Block Potion"}],"is_trial":false,"path_per_floor":["M","$","?","?","?","E","R","E","T","?","R","R","M","M","R","B",null,"M","M","?","M","?","R","?","M","T","T","R","M","$","M","R","B",null,"M","?","$","?","?","R","M","E","T","M","?","?","R","M","R","B"],"character_chosen":"IRONCLAD","items_purchased":["Headbutt","Evolve","Bottled Tornado","DollysMirror","Warcry"],"campfire_rested":1,"item_purchase_floors":[2,30,30,37,37],"current_hp_per_floor":[80,80,73,62,67,40,40,14,14,14,37,37,43,49,49,35,79,79,69,69,73,73,73,73,79,79,79,79,60,60,60,60,66,79,58,58,58,58,58,58,64,70,70,75,75,75,75,75,75,60],"gold":533,"neow_bonus":"REMOVE_CARD","is_prod":false,"is_daily":false,"chose_seed":false,"campfire_upgraded":9,"win_rate":0,"timestamp":1537925710,"path_taken":["M","$","?","?","?","E","R","E","T","?","R","R","?","M","R","BOSS","M","M","?","M","?","R","?","M","T","?","R","M","$","M","R","BOSS","M","?","$","?","?","R","?","E","T","M","?","?","R","M","R","BOSS"],"build_version":"2018-09-20","purchased_purges":2,"victory":true,"max_hp_per_floor":[80,80,80,80,85,85,85,85,85,79,79,79,79,79,79,79,79,79,79,79,79,79,79,79,79,79,79,79,79,79,79,79,79,79,79,75,75,75,75,75,75,75,75,75,75,75,75,75,75,75],"card_choices":[{"not_picked":["Feel No Pain","Clash"],"picked":"Iron Wave","floor":1},{"not_picked":["Perfected Strike","Sword Boomerang"],"picked":"Armaments","floor":6},{"not_picked":["Entrench","Clothesline+1"],"picked":"Body Slam+1","floor":8},{"not_picked":["Uppercut+1","Hemokinesis+1"],"picked":"Headbutt+1","floor":13},{"not_picked":["Warcry","Perfected Strike+1"],"picked":"Barricade","floor":14},{"not_picked":["Exhume","Brutality"],"picked":"Double Tap","floor":16},{"not_picked":["Clash+1","Sword Boomerang+1"],"picked":"Entrench","floor":18},{"not_picked":["Clothesline+1","Body Slam+1"],"picked":"Iron Wave+1","floor":19},{"not_picked":["Bloodletting","Reckless Charge+1","Cleave+1"],"picked":"SKIP","floor":21},{"not_picked":["Heavy Blade+1","Twin Strike+1"],"picked":"Entrench","floor":25},{"not_picked":["Inflame+1","Clothesline+1"],"picked":"Ghostly Armor+1","floor":29},{"not_picked":["Perfected Strike+1","Cleave+1","Clothesline+1"],"picked":"SKIP","floor":29},{"not_picked":["Warcry","Pummel+1","Berserk"],"picked":"SKIP","floor":31},{"not_picked":["Sword Boomerang+1","Clothesline+1","Cleave+1"],"picked":"SKIP","floor":31},{"not_picked":["Pummel+1","Combust"],"picked":"True Grit+1","floor":35},{"not_picked":["Flex+1","Combust+1","Heavy Blade+1"],"picked":"SKIP","floor":35},{"not_picked":["Bandage Up","Dark Shackles"],"picked":"Flash of Steel+1","floor":38},{"not_picked":["Dark Embrace","Havoc"],"picked":"Battle Trance","floor":41},{"not_picked":["Pommel Strike+1","Bloodletting","Pummel+1"],"picked":"SKIP","floor":41},{"not_picked":["Clothesline+1","Twin Strike+1"],"picked":"Impervious","floor":42},{"not_picked":["Anger+1","Blood for Blood+1","Thunderclap+1"],"picked":"SKIP","floor":44},{"not_picked":["Thunderclap+1","Battle Trance+1","Pommel Strike+1"],"picked":"SKIP","floor":44},{"not_picked":["Body Slam+1","Fire Breathing"],"picked":"True Grit","floor":48},{"not_picked":["Headbutt+1","Hemokinesis+1","Heavy Blade+1"],"picked":"SKIP","floor":48}],"player_experience":173105,"relics_obtained":[{"floor":6,"key":"Molten Egg 2"},{"floor":9,"key":"Ornamental Fan"},{"floor":26,"key":"Prayer Wheel"},{"floor":27,"key":"Shuriken"},{"floor":42,"key":"Omamori"},{"floor":43,"key":"Letter Opener"}],"event_choices":[{"event_name":"Scrap Ooze","player_choice":"success","floor":3,"damage_taken":7},{"event_name":"World of Goop","player_choice":"Gather Gold","floor":4,"damage_taken":0},{"event_name":"Big Fish","player_choice":"Donut","floor":5,"damage_taken":0},{"event_name":"Golden Idol","player_choice":"Lose Max HP","floor":10,"damage_taken":0},{"event_name":"Match and Keep!","player_choice":"0 cards matched","floor":20,"damage_taken":0},{"event_name":"Designer","player_choice":"Transform 2 Cards","floor":22,"damage_taken":0},{"event_name":"Nest","player_choice":"Stole From Cult","floor":24,"damage_taken":0},{"event_name":"Winding Halls","player_choice":"Max HP","floor":36,"damage_taken":0},{"event_name":"SensoryStone","player_choice":"Memory 1","floor":38,"damage_taken":0},{"event_name":"Accursed Blacksmith","player_choice":"Forge","floor":39,"damage_taken":0},{"event_name":"The Moai Head","player_choice":"Gave Idol","floor":45,"damage_taken":0},{"event_name":"Purifier","player_choice":"One Purge","floor":46,"damage_taken":0}],"is_beta":false,"boss_relics":[{"not_picked":["Calling Bell","Eternal Feather"],"picked":"Mark of Pain"},{"not_picked":["Tiny House","Fusion Hammer"],"picked":"Velvet Choker"}],"items_purged_floors":[2,30],"is_endless":false,"potions_floor_spawned":[1,16,25,29,35,42,44],"ascension_level":2}