{"gold_per_floor":[109,109,109,122,122,122,157,170,243,282,282,301,325,356,368,503,515,545,557,590,623,654,666],"floor_reached":23,"playtime":1535,"items_purged":[],"score":250,"play_id":"b1ddfd7f-78da-4464-8c08-95dbfeabbada","local_time":"20190319172441","is_ascension_mode":true,"campfire_choices":[{"floor":6,"key":"REST"},{"data":"Chaos","floor":11,"key":"SMITH"},{"floor":15,"key":"REST"}],"neow_cost":"NONE","seed_source_timestamp":71865750526148,"circlet_count":0,"master_deck":["Strike_B","Strike_B","Strike_B","Strike_B","Defend_B+1","Defend_B","Defend_B","Defend_B","Zap","Dualcast+1","Fusion","Streamline","Chaos+1","Ball Lightning","Skim","BootSequence","Darkness","Melter","Buffer","Storm","Sunder","Ball Lightning","Cold Snap+1"],"relics":["Cracked Core","NeowsBlessing","Golden Idol","Art of War","Pear","Oddly Smooth Stone","MawBank","Sozu"],"potions_floor_usage":[12,14,16,23],"damage_taken":[{"damage":0,"enemies":"Jaw Worm","floor":1,"turns":1},{"damage":0,"enemies":"Small Slimes","floor":4,"turns":1},{"damage":0,"enemies":"3 Sentries","floor":7,"turns":1},{"damage":3,"enemies":"2 Louse","floor":8,"turns":2},{"damage":13,"enemies":"Lagavulin","floor":10,"turns":6},{"damage":0,"enemies":"Gremlin Gang","floor":12,"turns":4},{"damage":2,"enemies":"Blue Slaver","floor":13,"turns":3},{"damage":18,"enemies":"Gremlin Nob","floor":14,"turns":4},{"damage":29,"enemies":"The Guardian","floor":16,"turns":10},{"damage":13,"enemies":"2 Thieves","floor":18,"turns":4},{"damage":0,"enemies":"Spheric Guardian","floor":20,"turns":3},{"damage":1,"enemies":"Snake Plant","floor":21,"turns":3},{"damage":16,"enemies":"Cultist and Chosen","floor":22,"turns":6},{"damage":44,"enemies":"Gremlin Leader","floor":23,"turns":8}],"seed_played":"2160753408295511480","potions_obtained":[{"floor":1,"key":"Fire Potion"},{"floor":4,"key":"Dexterity Potion"},{"floor":13,"key":"GamblersBrew"},{"floor":14,"key":"Swift Potion"}],"is_trial":false,"path_per_floor":["?","?","?","?"],"character_chosen":"DEFECT","items_purchased":[],"campfire_rested":2,"item_purchase_floors":[],"current_hp_per_floor":[75,57,57,57,42,64,64,61,71,58,58,58,56,38,63,34,85,72,72,72,71,55,11],"gold":666,"neow_bonus":"THREE_ENEMY_KILL","is_prod":false,"is_daily":false,"chose_seed":false,"campfire_upgraded":1,"win_rate":0,"timestamp":1553030681,"path_taken":["M","?","?","M","?","R","E","M","T","E","R","M","M","E","R","BOSS","M","?","M","M","M","E"],"build_version":"2019-01-23","purchased_purges":0,"victory":false,"max_hp_per_floor":[75,75,75,75,75,75,75,75,85,85,85,85,85,85,85,85,85,85,85,85,85,85,85],"card_choices":[{"not_picked":["Gash","Leap"],"picked":"Fusion","floor":1},{"not_picked":["Gash","Compile Driver"],"picked":"Streamline","floor":4},{"not_picked":["Core Surge","Ball Lightning"],"picked":"Chaos","floor":7},{"not_picked":["Streamline","Barrage"],"picked":"Ball Lightning","floor":8},{"not_picked":["Sweeping Beam","Turbo"],"picked":"Skim","floor":10},{"not_picked":["Barrage","Beam Cell"],"picked":"BootSequence","floor":12},{"not_picked":["Compile Driver","Redo"],"picked":"Darkness","floor":13},{"not_picked":["Aggregate","Go for the Eyes"],"picked":"Melter","floor":14},{"not_picked":["Machine Learning","Reboot"],"picked":"Buffer","floor":16},{"not_picked":["Stack+1","Conserve Battery"],"picked":"Storm","floor":18},{"not_picked":["Compile Driver","Leap+1"],"picked":"Sunder","floor":20},{"not_picked":["Go for the Eyes","Blizzard"],"picked":"Ball Lightning","floor":21},{"not_picked":["Steam","Heatsinks+1"],"picked":"Cold Snap+1","floor":22}],"player_experience":302060,"relics_obtained":[{"floor":7,"key":"Art of War"},{"floor":9,"key":"Pear"},{"floor":10,"key":"Oddly Smooth Stone"},{"floor":14,"key":"MawBank"}],"event_choices":[{"damage_healed":0,"gold_gain":0,"player_choice":"Take Damage","damage_taken":18,"relics_obtained":["Golden Idol"],"max_hp_gain":0,"max_hp_loss":0,"event_name":"Golden Idol","floor":2,"gold_loss":0},{"damage_healed":0,"gold_gain":0,"player_choice":"Fled","damage_taken":0,"max_hp_gain":0,"max_hp_loss":0,"event_name":"Scrap Ooze","floor":3,"gold_loss":0},{"damage_healed":0,"gold_gain":0,"player_choice":"Entered Light","damage_taken":15,"max_hp_gain":0,"max_hp_loss":0,"event_name":"Shining Light","floor":5,"gold_loss":0,"cards_upgraded":["Dualcast","Defend_B"]},{"damage_healed":0,"gold_gain":0,"player_choice":"Ignored","damage_taken":0,"max_hp_gain":0,"max_hp_loss":0,"event_name":"Vampires","floor":19,"gold_loss":0}],"is_beta":false,"boss_relics":[{"not_picked":["Tiny House","Empty Cage"],"picked":"Sozu"}],"items_purged_floors":[],"is_endless":false,"potions_floor_spawned":[1,4,13,14,21],"killed_by":"Gremlin Leader","ascension_level":1}