{"gold_per_floor":[116,135,135,155,174,202,202,236,262,275,275,290,305,324,324,453,453,472,117,130,151,190,190,234,234,234,255,306,319,244,144,144,144],"floor_reached":33,"playtime":5880,"items_purged":["Strike_R","Strike_R"],"score":379,"play_id":"512b85b7-13bc-425e-8996-06ef50cd1120","local_time":"20190531202845","is_ascension_mode":true,"campfire_choices":[{"floor":7.0,"key":"REST"},{"floor":15.0,"key":"REST"},{"floor":23,"key":"REST"},{"data":"True Grit","floor":25,"key":"SMITH"},{"floor":32,"key":"REST"}],"neow_cost":"NONE","seed_source_timestamp":2188037369934828,"circlet_count":0,"master_deck":["Strike_R","Strike_R","Defend_R","Defend_R","Defend_R","Defend_R","Bash+1","Cleave","True Grit","True Grit+1","Clothesline","Spot Weakness","Infernal Blade","Evolve","Feel No Pain","Pommel Strike","Feel No Pain","Feed","Disarm","Finesse","Second Wind+1","Whirlwind+1","Wild Strike","Uppercut","Headbutt"],"special_seed":0,"relics":["Burning Blood","Boot","Omamori","Golden Idol","Runic Dome","Red Skull","Red Mask","Blood Vial","Bag of Marbles","Oddly Smooth Stone"],"potions_floor_usage":[24,33,33],"damage_taken":[{"damage":7.0,"enemies":"Jaw Worm","floor":1.0,"turns":3.0},{"damage":1.0,"enemies":"Cultist","floor":2.0,"turns":4.0},{"damage":2.0,"enemies":"Small Slimes","floor":4.0,"turns":5.0},{"damage":18.0,"enemies":"Exordium Thugs","floor":5.0,"turns":6.0},{"damage":36.0,"enemies":"Gremlin Nob","floor":6.0,"turns":5.0},{"damage":36.0,"enemies":"Lagavulin","floor":8.0,"turns":8.0},{"damage":17.0,"enemies":"Blue Slaver","floor":10.0,"turns":5.0},{"damage":5.0,"enemies":"Lots of Slimes","floor":12.0,"turns":2.0},{"damage":6.0,"enemies":"Large Slime","floor":13.0,"turns":7.0},{"damage":4.0,"enemies":"3 Louse","floor":14.0,"turns":3.0},{"damage":28.0,"enemies":"Slime Boss","floor":16.0,"turns":8.0},{"damage":47,"enemies":"Shell Parasite","floor":18,"turns":5},{"damage":1,"enemies":"Spheric Guardian","floor":20,"turns":4},{"damage":1,"enemies":"3 Cultists","floor":21,"turns":5},{"damage":0,"enemies":"Masked Bandits","floor":22,"turns":1},{"damage":38,"enemies":"Gremlin Leader","floor":24,"turns":7},{"damage":10,"enemies":"Cultist and Chosen","floor":27,"turns":5},{"damage":22,"enemies":"Shelled Parasite and Fungi","floor":29,"turns":6},{"damage":47,"enemies":"Champ","floor":33,"turns":8}],"seed_played":"7526476077899804686","potions_obtained":[{"floor":2.0,"key":"GamblersBrew"},{"floor":4.0,"key":"Weak Potion"},{"floor":5.0,"key":"Weak Potion"},{"floor":10.0,"key":"Explosive Potion"},{"floor":13.0,"key":"Fire Potion"},{"floor":16.0,"key":"LiquidBronze"},{"floor":27,"key":"LiquidBronze"},{"floor":29,"key":"Strength Potion"}],"is_trial":false,"path_per_floor":["M","M","?","M","M","E","R","E","T","M","?","M","M","M","R","B",null,"M","$","M","M","?","R","E","R","T","M","T","M","?","$","R","B"],"character_chosen":"IRONCLAD","items_purchased":["Disarm","Red Skull","Finesse"],"campfire_rested":4,"item_purchase_floors":[19,19,19],"current_hp_per_floor":[71,76,76,80,68,38,62,32,32,21,21,22,22,24,48,26,67,26,26,31,39,45,69,37,37,37,35,35,21,21,21,45,0],"gold":144,"neow_bonus":"THREE_CARDS","is_prod":false,"is_daily":false,"chose_seed":false,"campfire_upgraded":1,"win_rate":0,"timestamp":1559348925,"path_taken":["M","M","?","M","M","E","R","E","T","?","?","M","M","M","R","BOSS","M","$","M","M","?","R","E","R","T","M","?","M","?","?","R","BOSS"],"build_version":"2019-01-23","purchased_purges":2,"victory":false,"max_hp_per_floor":[80,80,80,80,80,80,80,80,80,80,80,80,80,80,80,80,80,80,80,80,83,83,83,83,83,83,83,83,83,83,83,83,83],"card_choices":[{"not_picked":["Infernal Blade","Heavy Blade"],"picked":"Cleave","floor":0.0},{"not_picked":["Havoc","Shrug It Off"],"picked":"True Grit","floor":1.0},{"not_picked":["Heavy Blade","Flex"],"picked":"True Grit","floor":2.0},{"not_picked":["Flex","Armaments"],"picked":"Clothesline","floor":4.0},{"not_picked":["Perfected Strike","Twin Strike"],"picked":"Spot Weakness","floor":5.0},{"not_picked":["Clash","Exhume"],"picked":"Infernal Blade","floor":6.0},{"not_picked":["Heavy Blade","Body Slam"],"picked":"Evolve","floor":8.0},{"not_picked":["Carnage","Pommel Strike"],"picked":"Feel No Pain","floor":10.0},{"not_picked":["Whirlwind","Hemokinesis"],"picked":"Pommel Strike","floor":12.0},{"not_picked":["Sword Boomerang","Pommel Strike","Flex"],"picked":"SKIP","floor":13.0},{"not_picked":["Warcry","Twin Strike"],"picked":"Feel No Pain","floor":14.0},{"not_picked":["Dark Embrace","Immolate"],"picked":"Feed","floor":16.0},{"not_picked":["Body Slam","Clothesline","Flex"],"picked":"SKIP","floor":18},{"not_picked":["Shrug It Off","Heavy Blade+1"],"picked":"Second Wind+1","floor":20},{"not_picked":["Dual Wield","Metallicize"],"picked":"Whirlwind+1","floor":21},{"not_picked":["Infernal Blade","Second Wind"],"picked":"Wild Strike","floor":22},{"not_picked":["Bloodletting","Dropkick+1"],"picked":"Uppercut","floor":24},{"not_picked":["Thunderclap","Dual Wield","Perfected Strike+1"],"picked":"SKIP","floor":27},{"not_picked":["Inflame+1","Infernal Blade"],"picked":"Headbutt","floor":29}],"player_experience":351207,"relics_obtained":[{"floor":6.0,"key":"Boot"},{"floor":8.0,"key":"Omamori"},{"floor":22,"key":"Red Mask"},{"floor":24,"key":"Blood Vial"},{"floor":26,"key":"Bag of Marbles"},{"floor":28,"key":"Oddly Smooth Stone"}],"event_choices":[{"damage_healed":0.0,"max_hp_gain":0.0,"max_hp_loss":0.0,"gold_gain":0.0,"event_name":"Upgrade Shrine","player_choice":"Upgraded","floor":3.0,"gold_loss":0.0,"damage_taken":0.0,"cards_upgraded":["Bash"]},{"damage_healed":0.0,"max_hp_gain":0.0,"max_hp_loss":0.0,"gold_gain":0.0,"event_name":"Golden Idol","player_choice":"Take Wound","floor":11.0,"gold_loss":0.0,"damage_taken":0.0,"relics_obtained":["Golden Idol"],"cards_obtained":["Injury"]},{"damage_healed":0,"gold_gain":0,"player_choice":"Fought Bandits","damage_taken":0,"max_hp_gain":0,"max_hp_loss":0,"event_name":"Masked Bandits","floor":22,"gold_loss":0},{"cards_removed":["Strike_R"],"damage_healed":0,"gold_gain":0,"player_choice":"Gave Gold","damage_taken":0,"max_hp_gain":0,"max_hp_loss":0,"event_name":"Beggar","floor":30,"gold_loss":75}],"is_beta":false,"boss_relics":[{"not_picked":["White Beast Statue","Velvet Choker"],"picked":"Runic Dome"}],"items_purged_floors":[19,31],"is_endless":false,"potions_floor_spawned":[2,4,5,10,13,16,21,27,29],"killed_by":"Champ","ascension_level":7}