{"gold_per_floor":[109,129,129,148,165,165,22,55,101,2,13,43,61,80,80,178,178,192,210,224,244,244,244,277,288,288,288,288,288,320,330,330,432,432,449,43,58,76,36,36,55,74,125,125,158,158,168,186,186,186,186,186,63,96,96],"floor_reached":56,"playtime":2320,"items_purged":[],"score":1360,"play_id":"69c5a816-4051-482f-8ae0-8a9159d0ca1e","local_time":"20190526003750","is_ascension_mode":false,"campfire_choices":[{"data":"Sunder","floor":6.0,"key":"SMITH"},{"data":"Beam Cell","floor":15.0,"key":"SMITH"},{"data":"Self Repair","floor":23,"key":"SMITH"},{"floor":27,"key":"RECALL"},{"data":"Force Field","floor":29,"key":"SMITH"},{"data":"Undo","floor":32,"key":"SMITH"},{"data":"Sunder","floor":40,"key":"SMITH"},{"data":"Defragment","floor":44,"key":"SMITH"},{"data":"Meteor Strike","floor":46,"key":"SMITH"},{"data":"Glacier","floor":49,"key":"SMITH"},{"data":"Coolheaded","floor":52,"key":"SMITH"}],"neow_cost":"NONE","seed_source_timestamp":48402929109818,"circlet_count":0,"master_deck":["Strike_B","Strike_B","Strike_B","Strike_B","Defend_B","Defend_B","Defend_B","Defend_B","Zap","Dualcast","Sunder+1","White Noise","Coolheaded+1","Genetic Algorithm","Beam Cell+1","Leap","Compile Driver","Self Repair+1","Reboot+1","Streamline","Scrape","Undo+1","Force Field","Force Field+1","Double Energy+1","All For One+1","Defragment+1","Glacier+1","Sunder+1","Electrodynamics","Force Field+1","Meteor Strike+1","Defragment+1","Sunder+1","Creative AI"],"special_seed":0,"relics":["Cracked Core","Ancient Tea Set","Pen Nib","Darkstone Periapt","Art of War","DataDisk","Snecko Eye","Oddly Smooth Stone","StoneCalendar","Nuclear Battery","ClockworkSouvenir","PreservedInsect","Question Card","Orichalcum"],"potions_floor_usage":[55,55,55],"damage_taken":[{"damage":0.0,"enemies":"2 Louse","floor":1.0,"turns":3.0},{"damage":0.0,"enemies":"Cultist","floor":2.0,"turns":2.0},{"damage":10.0,"enemies":"Small Slimes","floor":4.0,"turns":2.0},{"damage":0.0,"enemies":"3 Louse","floor":5.0,"turns":2.0},{"damage":0.0,"enemies":"Gremlin Nob","floor":8.0,"turns":2.0},{"damage":16.0,"enemies":"Lots of Slimes","floor":11.0,"turns":6.0},{"damage":0.0,"enemies":"Lagavulin","floor":12.0,"turns":2.0},{"damage":0.0,"enemies":"Large Slime","floor":13.0,"turns":3.0},{"damage":6.0,"enemies":"Blue Slaver","floor":14.0,"turns":3.0},{"damage":0,"enemies":"The Guardian","floor":16,"turns":11},{"damage":0,"enemies":"Chosen","floor":18,"turns":4},{"damage":4,"enemies":"Shell Parasite","floor":19,"turns":3},{"damage":15,"enemies":"3 Cultists","floor":20,"turns":5},{"damage":15,"enemies":"Shelled Parasite and Fungi","floor":21,"turns":3},{"damage":3,"enemies":"Gremlin Leader","floor":24,"turns":6},{"damage":7,"enemies":"Centurion and Healer","floor":25,"turns":5},{"damage":9,"enemies":"Book of Stabbing","floor":30,"turns":6},{"damage":8,"enemies":"Snake Plant","floor":31,"turns":5},{"damage":49,"enemies":"Champ","floor":33,"turns":13},{"damage":0,"enemies":"Orb Walker","floor":35,"turns":2},{"damage":0,"enemies":"3 Darklings","floor":37,"turns":3},{"damage":17,"enemies":"Writhing Mass","floor":38,"turns":8},{"damage":0,"enemies":"Transient","floor":41,"turns":5},{"damage":0,"enemies":"Sphere and 2 Shapes","floor":42,"turns":4},{"damage":0,"enemies":"Giant Head","floor":45,"turns":6},{"damage":1,"enemies":"4 Shapes","floor":47,"turns":3},{"damage":0,"enemies":"3 Darklings","floor":48,"turns":4},{"damage":8,"enemies":"Donu and Deca","floor":50,"turns":8},{"damage":30,"enemies":"Shield and Spear","floor":54,"turns":3},{"damage":42,"enemies":"The Heart","floor":55,"turns":6}],"seed_played":"4337521587375326612","potions_obtained":[{"floor":1.0,"key":"FearPotion"},{"floor":4.0,"key":"FearPotion"},{"floor":5.0,"key":"EssenceOfSteel"},{"floor":13.0,"key":"SmokeBomb"},{"floor":14.0,"key":"Weak Potion"},{"floor":16,"key":"Energy Potion"},{"floor":47,"key":"LiquidBronze"}],"is_trial":false,"path_per_floor":["M","M","?","M","M","R","$","E","T","$","M","E","M","M","R","B",null,"M","M","M","M","?","R","E","M","T","R","?","R","E","M","R","B",null,"M","$","M","M","?","R","M","M","T","R","E","R","M","M","R","B",null,"R","$","E","B",null],"character_chosen":"DEFECT","items_purchased":["Pen Nib","Beam Cell","Leap","ClockworkSouvenir","Defragment","Glacier","Sunder","LiquidBronze","PowerPotion"],"campfire_rested":0,"item_purchase_floors":[7,10,10,36,36,36,36,53,53],"current_hp_per_floor":[75,75,75,65,65,65,65,65,65,65,49,49,49,43,43,50,75,75,75,67,59,59,59,66,69,69,69,69,69,70,72,72,33,75,75,75,75,68,68,68,68,75,75,75,75,75,75,75,75,67,75,75,75,55,13],"gold":96,"neow_bonus":"RANDOM_COMMON_RELIC","is_prod":false,"is_daily":false,"chose_seed":false,"campfire_upgraded":10,"win_rate":0,"timestamp":1558823870,"path_taken":["M","M","?","?","M","R","$","E","T","?","M","E","M","M","R","BOSS","M","M","?","M","?","R","E","M","T","R","?","R","E","M","R","BOSS","M","$","M","M","?","R","M","M","T","R","E","R","M","?","R","BOSS","R","$","E","BOSS"],"build_version":"2019-01-23","purchased_purges":0,"victory":true,"max_hp_per_floor":[75,75,75,75,75,75,75,75,75,75,75,75,75,75,75,75,75,75,75,75,75,75,75,75,75,75,75,75,75,75,75,75,75,75,75,75,75,75,75,75,75,75,75,75,75,75,75,75,75,75,75,75,75,75,75],"card_choices":[{"not_picked":["Sunder","Go for the Eyes","Lockon"],"picked":"SKIP","floor":1.0},{"not_picked":["Go for the Eyes","Lockon"],"picked":"Sunder","floor":1.0},{"not_picked":["Compile Driver","Turbo","Ball Lightning"],"picked":"SKIP","floor":2.0},{"not_picked":["Hello World","Cold Snap"],"picked":"White Noise","floor":4.0},{"not_picked":["Steam","White Noise"],"picked":"Coolheaded","floor":5.0},{"not_picked":["Streamline","Creative AI"],"picked":"Genetic Algorithm","floor":8.0},{"not_picked":["Lockon","Cold Snap","Double Energy"],"picked":"SKIP","floor":11.0},{"not_picked":["Ball Lightning","Loop","Rebound"],"picked":"SKIP","floor":12.0},{"not_picked":["Ball Lightning","Loop","Rebound"],"picked":"SKIP","floor":12.0},{"not_picked":["Force Field","Streamline"],"picked":"Compile Driver","floor":13.0},{"not_picked":["Barrage","Hello World"],"picked":"Self Repair","floor":14.0},{"not_picked":["Amplify","Biased Cognition"],"picked":"Reboot","floor":16},{"not_picked":["Ball Lightning","Sweeping Beam","Gash"],"picked":"SKIP","floor":18},{"not_picked":["Redo","Leap+1","Heatsinks"],"picked":"SKIP","floor":19},{"not_picked":["Rebound","Turbo"],"picked":"Streamline","floor":20},{"not_picked":["Hologram","Steam","Scrape"],"picked":"SKIP","floor":21},{"not_picked":["Hologram","Steam"],"picked":"Scrape","floor":21},{"not_picked":["Steam+1","Aggregate"],"picked":"Force Field","floor":24},{"not_picked":["Cold Snap","Capacitor"],"picked":"Force Field","floor":25},{"not_picked":["Rebound","Machine Learning"],"picked":"Double Energy+1","floor":30},{"not_picked":["Rip and Tear","Cold Snap","Redo+1"],"picked":"SKIP","floor":31},{"not_picked":["Amplify","Biased Cognition"],"picked":"All For One","floor":33},{"not_picked":["Go for the Eyes+1","Ball Lightning","Stack+1"],"picked":"SKIP","floor":35},{"not_picked":["Auto Shields+1","Melter+1","Turbo+1"],"picked":"SKIP","floor":37},{"not_picked":["Stack","Conserve Battery+1","Streamline"],"picked":"SKIP","floor":38},{"not_picked":["Compile Driver+1","White Noise"],"picked":"Electrodynamics","floor":41},{"not_picked":["Conserve Battery","Leap+1"],"picked":"Force Field+1","floor":42},{"not_picked":["Reprogram","Thunder Strike"],"picked":"Meteor Strike","floor":45},{"not_picked":["Streamline+1","Self Repair","Rip and Tear"],"picked":"Defragment+1","floor":47},{"not_picked":["Redo+1","Go for the Eyes+1","Ball Lightning+1"],"picked":"Sunder+1","floor":48},{"not_picked":["Rip and Tear+1","Seek","Turbo"],"picked":"Creative AI","floor":54}],"player_experience":93733,"relics_obtained":[{"floor":8.0,"key":"Darkstone Periapt"},{"floor":9.0,"key":"Art of War"},{"floor":12.0,"key":"DataDisk"},{"floor":24,"key":"Oddly Smooth Stone"},{"floor":30,"key":"StoneCalendar"},{"floor":43,"key":"PreservedInsect"},{"floor":45,"key":"Question Card"},{"floor":54,"key":"Orichalcum"}],"event_choices":[{"damage_healed":0.0,"max_hp_gain":0.0,"max_hp_loss":0.0,"gold_gain":0.0,"event_name":"NoteForYourself","player_choice":"Ignored","floor":3.0,"gold_loss":0.0,"damage_taken":0.0},{"damage_healed":0,"gold_gain":0,"player_choice":"Read","damage_taken":0,"max_hp_gain":0,"max_hp_loss":0,"event_name":"The Library","floor":22,"gold_loss":0,"cards_obtained":["Undo"]},{"damage_healed":0,"gold_gain":0,"player_choice":"Ignored","damage_taken":0,"max_hp_gain":0,"max_hp_loss":0,"event_name":"Vampires","floor":28,"gold_loss":0},{"damage_healed":0,"gold_gain":0,"player_choice":"Upgraded Two","damage_taken":0,"max_hp_gain":0,"max_hp_loss":0,"event_name":"Designer","floor":39,"gold_loss":40,"cards_upgraded":["All For One","Reboot"]}],"is_beta":false,"boss_relics":[{"not_picked":["Orrery","Calling Bell"],"picked":"Snecko Eye"},{"not_picked":["Fusion Hammer","Lizard Tail"],"picked":"Nuclear Battery"}],"items_purged_floors":[],"is_endless":false,"potions_floor_spawned":[1,4,5,13,14,16,20,25,30,31,38,41,47,48,54],"ascension_level":0}