{"gold_per_floor":[115,126,146,163,338,338,349,367,367,367,377,377,377,397,397,498,498,514,514,531,549,564,564,479,479,506,525,525,158,158,176,176,280,280,290,290,290,301,301,332,332,41,88,88,123,140,140,13,13,13],"floor_reached":51,"playtime":4175,"items_purged":["Pain","Defend_B"],"score":699,"play_id":"64b89999-52f6-4993-8193-7f1f990bf737","local_time":"20190505002728","is_ascension_mode":false,"campfire_choices":[{"data":"Self Repair","floor":6,"key":"SMITH"},{"data":"Buffer","floor":10,"key":"SMITH"},{"data":"Defragment","floor":15,"key":"SMITH"},{"data":"Fission","floor":23,"key":"SMITH"},{"data":"Ball Lightning","floor":25,"key":"SMITH"},{"data":"Zap","floor":28,"key":"SMITH"},{"data":"Defragment","floor":32,"key":"SMITH"},{"floor":41,"key":"REST"},{"data":"Thinking Ahead","floor":44,"key":"SMITH"},{"floor":49,"key":"REST"}],"neow_cost":"NONE","seed_source_timestamp":191118295751697,"circlet_count":0,"master_deck":["Defend_B","Defend_B","Zap+1","Dualcast","Skim","Cold Snap","Conserve Battery","Conserve Battery","Self Repair+1","Ball Lightning","Buffer+1","Cold Snap","Defragment+1","Fission+1","Undo","Force Field","Ball Lightning+1","Defragment+1","Defragment+1","Machine Learning+1","Echo Form+1","Tempest+1","Chill+1","Thinking Ahead+1","Force Field+1","Blizzard+1","Defragment+1","Cold Snap","Ball Lightning+1"],"relics":["Cracked Core","Question Card","Sozu","WarpedTongs","Darkstone Periapt","Dream Catcher","Frozen Egg 2","Astrolabe","Calipers","Mango","Ancient Tea Set","Meat on the Bone"],"potions_floor_usage":[16],"damage_taken":[{"damage":5,"enemies":"Small Slimes","floor":1,"turns":3},{"damage":1,"enemies":"2 Louse","floor":2,"turns":3},{"damage":0,"enemies":"Jaw Worm","floor":3,"turns":5},{"damage":0,"enemies":"Looter","floor":4,"turns":4},{"damage":9,"enemies":"Gremlin Gang","floor":7,"turns":8},{"damage":4,"enemies":"3 Louse","floor":8,"turns":4},{"damage":0,"enemies":"Looter","floor":11,"turns":3},{"damage":0,"enemies":"2 Fungi Beasts","floor":14,"turns":3},{"damage":1,"enemies":"Slime Boss","floor":16,"turns":11},{"damage":6,"enemies":"3 Byrds","floor":18,"turns":6},{"damage":2,"enemies":"Chosen","floor":20,"turns":5},{"damage":21,"enemies":"Centurion and Healer","floor":21,"turns":12},{"damage":12,"enemies":"Sentry and Sphere","floor":22,"turns":5},{"damage":6,"enemies":"Shelled Parasite and Fungi","floor":27,"turns":6},{"damage":0,"enemies":"Centurion and Healer","floor":31,"turns":6},{"damage":16,"enemies":"Champ","floor":33,"turns":12},{"damage":8,"enemies":"Orb Walker","floor":35,"turns":4},{"damage":0,"enemies":"3 Shapes","floor":38,"turns":5},{"damage":34,"enemies":"Reptomancer","floor":40,"turns":6},{"damage":0,"enemies":"Giant Head","floor":45,"turns":9},{"damage":19,"enemies":"Writhing Mass","floor":46,"turns":5},{"damage":51,"enemies":"Awakened One","floor":50,"turns":14}],"seed_played":"-6163153206593041885","potions_obtained":[{"floor":8,"key":"FocusPotion"},{"floor":14,"key":"Ancient Potion"}],"is_trial":false,"path_per_floor":["?","?","?","M","?","M","?","?","?","?","?","?","$"],"character_chosen":"DEFECT","items_purchased":["Defragment","Frozen Egg 2","Mango","Cold Snap"],"campfire_rested":2,"item_purchase_floors":[29,29,42,48],"current_hp_per_floor":[70,69,69,69,69,69,70,75,75,75,75,68,68,68,68,75,75,75,75,75,64,62,62,62,62,62,66,66,66,66,75,75,69,75,75,75,75,75,71,57,71,85,85,85,85,66,66,66,85,56],"gold":13,"neow_bonus":"TRANSFORM_CARD","is_prod":false,"is_daily":false,"chose_seed":false,"campfire_upgraded":8,"win_rate":0,"timestamp":1557030448,"path_taken":["M","M","M","M","?","R","M","M","T","R","M","?","?","?","R","BOSS","M","?","M","?","M","R","?","R","T","M","R","$","?","M","R","BOSS","M","?","?","M","?","E","R","$","T","R","E","M","?","?","R","BOSS"],"build_version":"2019-01-23","purchased_purges":2,"victory":true,"max_hp_per_floor":[75,75,75,75,75,75,75,75,75,75,75,75,75,75,75,75,75,75,75,75,75,75,75,75,75,75,75,75,75,75,75,75,75,75,75,75,75,75,71,71,71,85,85,85,85,85,85,85,85,85],"card_choices":[{"not_picked":["Streamline","Go for the Eyes"],"picked":"Cold Snap","floor":1},{"not_picked":["Turbo","Steam"],"picked":"Conserve Battery","floor":2},{"not_picked":["Coolheaded","Sweeping Beam"],"picked":"Conserve Battery","floor":3},{"not_picked":["Undo","Beam Cell"],"picked":"Self Repair","floor":4},{"not_picked":["BootSequence","Streamline"],"picked":"Ball Lightning","floor":7},{"not_picked":["Leap","Steam"],"picked":"Buffer","floor":8},{"not_picked":["Barrage","Static Discharge","Stack"],"picked":"Cold Snap","floor":11},{"not_picked":["Coolheaded","Rebound","Hologram"],"picked":"Defragment","floor":14},{"not_picked":["Reboot","Electrodynamics","Multi-Cast"],"picked":"Fission","floor":16},{"not_picked":["Gash+1","Go for the Eyes","Sweeping Beam"],"picked":"Undo","floor":18},{"not_picked":["Hello World","Gash","Steam Power","Go for the Eyes"],"picked":"SKIP","floor":20},{"not_picked":["Rebound","Hologram","Leap"],"picked":"Force Field","floor":21},{"not_picked":["Steam","Conserve Battery","Go for the Eyes"],"picked":"Ball Lightning","floor":22},{"not_picked":["Aggregate","Compile Driver","Sweeping Beam","Gash+1"],"picked":"SKIP","floor":27},{"not_picked":["Undo","Stack","Rip and Tear+1"],"picked":"Machine Learning+1","floor":31},{"not_picked":["Buffer+1","Electrodynamics+1","Meteor Strike"],"picked":"Echo Form+1","floor":33},{"not_picked":["Heatsinks+1","Rebound","Reprogram","Static Discharge+1"],"picked":"SKIP","floor":35},{"not_picked":["Jack Of All Trades","Purity","Dark Shackles"],"picked":"Thinking Ahead","floor":37},{"not_picked":["FTL","Redo","Ball Lightning+1","Sweeping Beam+1"],"picked":"SKIP","floor":38},{"not_picked":["Rip and Tear+1","Storm+1","Sweeping Beam+1"],"picked":"Force Field+1","floor":40},{"not_picked":["Hologram+1","Beam Cell+1","Ball Lightning"],"picked":"Blizzard+1","floor":41},{"not_picked":["Loop+1","Meteor Strike","Chaos"],"picked":"Defragment+1","floor":45},{"not_picked":["Barrage","Reinforced Body","Rebound","Stack+1"],"picked":"SKIP","floor":46},{"not_picked":["Stack+1","Auto Shields","Barrage+1"],"picked":"Ball Lightning+1","floor":49}],"player_experience":475471,"relics_obtained":[{"floor":9,"key":"Question Card"},{"floor":26,"key":"Dream Catcher"},{"floor":40,"key":"Calipers"},{"floor":43,"key":"Ancient Tea Set"},{"floor":45,"key":"Meat on the Bone"}],"event_choices":[{"damage_healed":0,"gold_gain":175,"player_choice":"AGREE","damage_taken":0,"max_hp_gain":0,"max_hp_loss":0,"event_name":"Liars Game","floor":5,"gold_loss":0,"cards_obtained":["Doubt"]},{"cards_removed":["Doubt"],"damage_healed":0,"gold_gain":0,"player_choice":"Card Removal","damage_taken":7,"max_hp_gain":0,"max_hp_loss":0,"event_name":"Golden Wing","floor":12,"gold_loss":0},{"cards_removed":["Strike_B"],"damage_healed":0,"gold_gain":0,"player_choice":"Forget","damage_taken":0,"max_hp_gain":0,"max_hp_loss":0,"event_name":"Living Wall","floor":13,"gold_loss":0},{"damage_healed":0,"gold_gain":0,"player_choice":"Rummage","damage_taken":0,"relics_obtained":["WarpedTongs"],"max_hp_gain":0,"max_hp_loss":0,"event_name":"Accursed Blacksmith","floor":19,"gold_loss":0,"cards_obtained":["Pain"]},{"damage_healed":0,"gold_gain":0,"player_choice":"Obtained Relic","damage_taken":0,"relics_obtained":["Darkstone Periapt"],"max_hp_gain":0,"max_hp_loss":0,"event_name":"Addict","floor":24,"gold_loss":85},{"damage_healed":0,"gold_gain":0,"player_choice":"Read","damage_taken":0,"max_hp_gain":0,"max_hp_loss":0,"event_name":"The Library","floor":30,"gold_loss":0,"cards_obtained":["Defragment"]},{"damage_healed":0,"gold_gain":0,"player_choice":"Ignored","damage_taken":0,"max_hp_gain":0,"max_hp_loss":0,"event_name":"Tomb of Lord Red Mask","floor":36,"gold_loss":0},{"damage_healed":0,"gold_gain":0,"player_choice":"Memory 1","damage_taken":0,"max_hp_gain":0,"max_hp_loss":0,"event_name":"SensoryStone","floor":37,"gold_loss":0},{"damage_healed":0,"gold_gain":0,"player_choice":"Max HP","damage_taken":0,"max_hp_gain":0,"max_hp_loss":4,"event_name":"Winding Halls","floor":39,"gold_loss":0},{"cards_removed":["Chaos"],"damage_healed":0,"gold_gain":0,"player_choice":"Removed Skill","damage_taken":0,"max_hp_gain":0,"max_hp_loss":0,"event_name":"Falling","floor":47,"gold_loss":0}],"is_beta":false,"boss_relics":[{"not_picked":["Calling Bell","Runic Pyramid"],"picked":"Sozu"},{"not_picked":["Busted Crown","FrozenCore"],"picked":"Astrolabe"}],"items_purged_floors":[29,48],"is_endless":false,"potions_floor_spawned":[8,14,20,21,27,38,45],"ascension_level":0}