{"gold_per_floor":[119,69,69,79,98,131,131,163,233,233,248,267,287,312,312,386,386,402,21,54,66,66,66,66,91,139,172,187,221,221,231,231,303,303,322,335,349,299,316,316,335,360,386,416,433,4,24,37,37,37],"floor_reached":51,"playtime":5331,"items_purged":["Strike_R","Decay","Parasite"],"score":1302,"play_id":"5addc7b7-77f8-436d-b44a-8e627bf761ed","local_time":"20190604214550","is_ascension_mode":true,"campfire_choices":[{"data":"Cleave","floor":7.0,"key":"SMITH"},{"data":"Disarm","floor":10.0,"key":"SMITH"},{"data":"Clothesline","floor":15.0,"key":"SMITH"},{"data":"Limit Break","floor":23.0,"key":"SMITH"},{"data":"Inflame","floor":30.0,"key":"SMITH"},{"data":"Mayhem","floor":32.0,"key":"SMITH"},{"data":"Juggernaut","floor":40.0,"key":"SMITH"},{"data":"Shockwave","floor":49,"key":"SMITH"}],"neow_cost":"NONE","seed_source_timestamp":195468623103057,"circlet_count":0,"master_deck":["AscendersBane","Strike_R","Strike_R","Defend_R","Defend_R","Defend_R","Defend_R","Bash","Carnage","Shockwave+1","Cleave+1","Disarm+1","Clothesline+1","Juggernaut+1","Metallicize","Limit Break+1","Sword Boomerang+1","Mayhem+1","Inflame+1","Headbutt+1","Impervious","Heavy Blade+1","True Grit+1","Shrug It Off","Flame Barrier","True Grit+1","Shrug It Off","Parasite","Reaper+1"],"special_seed":0,"relics":["Burning Blood","Pocketwatch","Oddly Smooth Stone","Smiling Mask","Gremlin Horn","PreservedInsect","Cursed Key","Bag of Marbles","Red Mask","Anchor","Strawberry","Art of War","Molten Egg 2","Boot","keyreminder:keyreminder","Velvet Choker","Potion Belt","Happy Flower","Unceasing Top","Pantograph"],"potions_floor_usage":[45,45,47,48,50,50],"damage_taken":[{"damage":11.0,"enemies":"Jaw Worm","floor":1.0,"turns":5.0},{"damage":2.0,"enemies":"2 Louse","floor":4.0,"turns":3.0},{"damage":1.0,"enemies":"Cultist","floor":5.0,"turns":3.0},{"damage":5.0,"enemies":"3 Sentries","floor":6.0,"turns":6.0},{"damage":37.0,"enemies":"Lagavulin","floor":8.0,"turns":6.0},{"damage":2.0,"enemies":"Blue Slaver","floor":11.0,"turns":4.0},{"damage":5.0,"enemies":"Red Slaver","floor":12.0,"turns":2.0},{"damage":0.0,"enemies":"3 Louse","floor":13.0,"turns":3.0},{"damage":14.0,"enemies":"3 Sentries","floor":14.0,"turns":4.0},{"damage":7.0,"enemies":"Hexaghost","floor":16.0,"turns":11.0},{"damage":18.0,"enemies":"2 Thieves","floor":18.0,"turns":4.0},{"damage":9.0,"enemies":"Masked Bandits","floor":20.0,"turns":3.0},{"damage":8.0,"enemies":"3 Byrds","floor":21.0,"turns":4.0},{"damage":7.0,"enemies":"Gremlin Leader","floor":25.0,"turns":5.0},{"damage":21.0,"enemies":"Slavers","floor":27.0,"turns":5.0},{"damage":17.0,"enemies":"Centurion and Healer","floor":28.0,"turns":5.0},{"damage":2.0,"enemies":"Gremlin Leader","floor":29.0,"turns":5.0},{"damage":9.0,"enemies":"Snake Plant","floor":31.0,"turns":4.0},{"damage":32.0,"enemies":"Automaton","floor":33.0,"turns":5.0},{"damage":10.0,"enemies":"Orb Walker","floor":35.0,"turns":3.0},{"damage":14.0,"enemies":"3 Shapes","floor":36.0,"turns":5.0},{"damage":4.0,"enemies":"3 Darklings","floor":37.0,"turns":6.0},{"damage":19.0,"enemies":"Writhing Mass","floor":39.0,"turns":5.0},{"damage":7.0,"enemies":"Jaw Worm Horde","floor":41.0,"turns":3.0},{"damage":24.0,"enemies":"Giant Head","floor":42.0,"turns":8.0},{"damage":2,"enemies":"Reptomancer","floor":44,"turns":5},{"damage":18,"enemies":"Transient","floor":45,"turns":5},{"damage":0,"enemies":"Writhing Mass","floor":47,"turns":5},{"damage":16,"enemies":"Jaw Worm Horde","floor":48,"turns":4},{"damage":50,"enemies":"Donu and Deca","floor":50,"turns":8}],"seed_played":"6136769452296147760","potions_obtained":[{"floor":1.0,"key":"Explosive Potion"},{"floor":4.0,"key":"Fire Potion"},{"floor":11.0,"key":"Fire Potion"},{"floor":13.0,"key":"PowerPotion"},{"floor":14.0,"key":"SkillPotion"},{"floor":18.0,"key":"Energy Potion"},{"floor":20.0,"key":"Energy Potion"},{"floor":29.0,"key":"LiquidBronze"},{"floor":31.0,"key":"SkillPotion"},{"floor":33.0,"key":"SteroidPotion"},{"floor":36.0,"key":"SpeedPotion"},{"floor":44,"key":"Energy Potion"},{"floor":45,"key":"Regen Potion"},{"floor":48,"key":"Fire Potion"}],"is_trial":false,"path_per_floor":["M","?","?","M","M","E","R","E","T","R","M","M","M","E","R","B",null,"M","$","?","M","?","R","?","E","T","E","M","E","R","M","R","B",null,"M","M","M","$","M","R","M","E","T","E","M","$","M","M","R","B",null],"character_chosen":"IRONCLAD","items_purchased":["Mayhem","Bag of Marbles","Pantograph","Regen Potion","Weak Potion"],"campfire_rested":0,"item_purchase_floors":[19,19,46,46,46],"current_hp_per_floor":[70,70,52,56,61,62,62,31,31,31,35,36,42,34,34,33,70,58,58,55,53,53,53,53,59,59,44,33,37,37,34,34,8,69,65,57,59,59,46,46,45,27,27,31,19,19,37,27,27,65],"gold":37,"neow_bonus":"TEN_PERCENT_HP_BONUS","is_prod":false,"is_daily":false,"chose_seed":false,"campfire_upgraded":8,"win_rate":0,"timestamp":1559664950,"path_taken":["M","?","?","M","M","E","R","E","T","R","M","M","M","E","R","BOSS","M","$","?","M","?","R","?","E","T","E","M","E","R","M","R","BOSS","M","M","M","$","M","R","M","E","T","E","M","$","M","M","R","BOSS"],"build_version":"2019-01-23","purchased_purges":3,"victory":true,"max_hp_per_floor":[82,82,82,82,82,82,82,82,82,82,82,82,82,82,82,82,82,82,82,82,82,82,82,82,89,89,89,89,89,89,89,89,89,89,89,89,89,89,89,89,89,89,89,89,89,86,86,86,86,86],"card_choices":[{"not_picked":["Perfected Strike","Havoc"],"picked":"Carnage","floor":1.0},{"not_picked":["Thunderclap","Perfected Strike","Entrench"],"picked":"SKIP","floor":4.0},{"not_picked":["Ghostly Armor","Rage"],"picked":"Shockwave","floor":5.0},{"not_picked":["Sever Soul","Second Wind"],"picked":"Cleave","floor":6.0},{"not_picked":["Pommel Strike","Anger"],"picked":"Disarm","floor":8.0},{"not_picked":["Heavy Blade","Twin Strike"],"picked":"Clothesline","floor":11.0},{"not_picked":["Clash","Anger"],"picked":"Juggernaut","floor":12.0},{"not_picked":["Sever Soul","Headbutt","Flex"],"picked":"SKIP","floor":13.0},{"not_picked":["Havoc","Thunderclap"],"picked":"Metallicize","floor":14.0},{"not_picked":["Fiend Fire","Bludgeon"],"picked":"Limit Break","floor":16.0},{"not_picked":["Body Slam","Dropkick"],"picked":"Sword Boomerang+1","floor":18.0},{"not_picked":["Reckless Charge","Searing Blow+1"],"picked":"Inflame","floor":21.0},{"not_picked":["Armaments","Combust","Body Slam"],"picked":"SKIP","floor":25.0},{"not_picked":["Power Through","Sword Boomerang","Anger"],"picked":"SKIP","floor":27.0},{"not_picked":["Uppercut+1","Dark Embrace","Wild Strike+1"],"picked":"SKIP","floor":28.0},{"not_picked":["Carnage+1","Flex","Entrench"],"picked":"SKIP","floor":29.0},{"not_picked":["Feel No Pain","Body Slam+1"],"picked":"Headbutt+1","floor":31.0},{"not_picked":["Berserk","Double Tap"],"picked":"Impervious","floor":33.0},{"not_picked":["Twin Strike+1","True Grit"],"picked":"Heavy Blade+1","floor":35.0},{"not_picked":["Sentinel","Carnage+1"],"picked":"True Grit+1","floor":36.0},{"not_picked":["Headbutt+1","Rage+1"],"picked":"Shrug It Off","floor":37.0},{"not_picked":["Armaments","Warcry"],"picked":"Flame Barrier","floor":39.0},{"not_picked":["Flex+1","Sword Boomerang+1","Dropkick+1"],"picked":"SKIP","floor":41.0},{"not_picked":["Feed+1","Shrug It Off"],"picked":"True Grit+1","floor":42.0},{"not_picked":["Flex+1","Twin Strike+1","Sentinel+1"],"picked":"SKIP","floor":44},{"not_picked":["Fire Breathing+1","Pommel Strike+1"],"picked":"Shrug It Off","floor":45},{"not_picked":["Sword Boomerang+1","Body Slam+1","Ghostly Armor"],"picked":"SKIP","floor":47},{"not_picked":["Second Wind","Armaments"],"picked":"Reaper+1","floor":48}],"player_experience":1195257,"relics_obtained":[{"floor":6.0,"key":"Oddly Smooth Stone"},{"floor":8.0,"key":"Smiling Mask"},{"floor":9.0,"key":"Gremlin Horn"},{"floor":14.0,"key":"PreservedInsect"},{"floor":20.0,"key":"Red Mask"},{"floor":25.0,"key":"Strawberry"},{"floor":26.0,"key":"Art of War"},{"floor":27.0,"key":"Molten Egg 2"},{"floor":29.0,"key":"Boot"},{"floor":42.0,"key":"Potion Belt"},{"floor":43,"key":"Happy Flower"},{"floor":44,"key":"Unceasing Top"}],"event_choices":[{"cards_removed":["Strike_R"],"damage_healed":0.0,"max_hp_gain":0.0,"max_hp_loss":0.0,"gold_gain":0.0,"event_name":"The Cleric","player_choice":"Card Removal","floor":2.0,"gold_loss":50.0,"damage_taken":0.0},{"damage_healed":0.0,"max_hp_gain":0.0,"max_hp_loss":0.0,"gold_gain":0.0,"event_name":"Scrap Ooze","player_choice":"Success","floor":3.0,"gold_loss":0.0,"damage_taken":18.0,"relics_obtained":["Pocketwatch"]},{"damage_healed":0.0,"max_hp_gain":0.0,"max_hp_loss":0.0,"gold_gain":0.0,"event_name":"Masked Bandits","player_choice":"Fought Bandits","floor":20.0,"gold_loss":0.0,"damage_taken":0.0},{"damage_healed":0.0,"max_hp_gain":0.0,"max_hp_loss":0.0,"gold_gain":0.0,"event_name":"The Mausoleum","player_choice":"Opened","floor":22.0,"gold_loss":0.0,"damage_taken":0.0,"relics_obtained":["Anchor"]},{"cards_removed":["Strike_R"],"damage_healed":0.0,"max_hp_gain":0.0,"max_hp_loss":0.0,"gold_gain":0.0,"event_name":"Bonfire Elementals","player_choice":"Offered Basic","floor":24.0,"gold_loss":0.0,"damage_taken":0.0}],"is_beta":false,"boss_relics":[{"not_picked":["Orrery","Runic Pyramid"],"picked":"Cursed Key"},{"not_picked":["Black Blood","Runic Cube"],"picked":"Velvet Choker"}],"items_purged_floors":[19,38,46],"is_endless":false,"potions_floor_spawned":[1,4,11,13,14,18,20,29,31,33,36,39,44,45,48],"ascension_level":14}