{"gold_per_floor":[119,119,44,61,71,71,86,86,86,98,198,212,232,245,245,245],"floor_reached":16,"playtime":1068,"items_purged":["Havoc"],"score":96,"play_id":"df3cd486-bbdb-4bf2-a351-e60765292357","local_time":"20190603211306","is_ascension_mode":false,"campfire_choices":[{"data":"Bash","floor":6,"key":"SMITH"},{"data":"Dropkick","floor":8,"key":"SMITH"},{"data":"True Grit","floor":15,"key":"SMITH"}],"neow_cost":"TEN_PERCENT_HP_LOSS","seed_source_timestamp":338031717793900,"circlet_count":0,"master_deck":["Strike_R+1","Strike_R","Strike_R","Defend_R","Defend_R+1","Defend_R","Defend_R","Bash+1","Exhume","Dropkick+1","Seeing Red","Rage","True Grit+1"],"relics":["Burning Blood","Question Card"],"potions_floor_usage":[10,16,16],"damage_taken":[{"damage":5,"enemies":"Small Slimes","floor":1,"turns":4},{"damage":0,"enemies":"Cultist","floor":4,"turns":4},{"damage":0,"enemies":"Jaw Worm","floor":5,"turns":4},{"damage":0,"enemies":"Large Slime","floor":7,"turns":6},{"damage":22,"enemies":"Gremlin Gang","floor":10,"turns":5},{"damage":15,"enemies":"Lots of Slimes","floor":12,"turns":7},{"damage":5,"enemies":"Exordium Wildlife","floor":13,"turns":4},{"damage":0,"enemies":"2 Fungi Beasts","floor":14,"turns":4},{"damage":52,"enemies":"Slime Boss","floor":16,"turns":14}],"seed_played":"-4281375749782156197","potions_obtained":[{"floor":1,"key":"SteroidPotion"},{"floor":7,"key":"Energy Potion"},{"floor":10,"key":"Fire Potion"},{"floor":12,"key":"Block Potion"}],"is_trial":false,"path_per_floor":["M","?","$","M","M","R","M","R","T","M","?","M","M","M","R","B"],"character_chosen":"IRONCLAD","items_purchased":[],"campfire_rested":0,"item_purchase_floors":[],"current_hp_per_floor":[72,58,58,64,70,70,72,72,72,56,56,47,48,54,54,2],"gold":245,"neow_bonus":"TRANSFORM_TWO_CARDS","is_prod":false,"is_daily":false,"chose_seed":false,"campfire_upgraded":3,"win_rate":0,"timestamp":1559614386,"path_taken":["M","?","$","M","M","R","M","R","T","M","?","?","M","?","R","BOSS"],"build_version":"2019-01-23","purchased_purges":1,"victory":false,"max_hp_per_floor":[72,72,72,72,72,72,72,72,72,72,72,72,72,72,72,72],"card_choices":[{"not_picked":["Armaments","Pommel Strike"],"picked":"Dropkick","floor":1},{"not_picked":["Combust","Infernal Blade","Intimidate"],"picked":"SKIP","floor":4},{"not_picked":["Flex","Body Slam","Perfected Strike"],"picked":"SKIP","floor":5},{"not_picked":["Intimidate","Pummel"],"picked":"Seeing Red","floor":7},{"not_picked":["Wild Strike","Ghostly Armor","Perfected Strike"],"picked":"Rage","floor":10},{"not_picked":["Uppercut","Wild Strike","Havoc","Pommel Strike"],"picked":"SKIP","floor":12},{"not_picked":["Armaments","Cleave","Headbutt"],"picked":"True Grit","floor":13},{"not_picked":["Shockwave","Body Slam","Perfected Strike","Warcry"],"picked":"SKIP","floor":14}],"player_experience":324496,"relics_obtained":[{"floor":9,"key":"Question Card"}],"event_choices":[{"damage_healed":0,"gold_gain":0,"player_choice":"Entered Light","damage_taken":14,"max_hp_gain":0,"max_hp_loss":0,"event_name":"Shining Light","floor":2,"gold_loss":0,"cards_upgraded":["Strike_R","Defend_R"]},{"damage_healed":0,"gold_gain":100,"player_choice":"Pray","damage_taken":0,"max_hp_gain":0,"max_hp_loss":0,"event_name":"Golden Shrine","floor":11,"gold_loss":0}],"is_beta":false,"boss_relics":[],"items_purged_floors":[3],"is_endless":false,"potions_floor_spawned":[1,7,10,12],"killed_by":"Slime Boss","ascension_level":0}