{"gold_per_floor":[110,110,123,135,149,149,159,159,159,159,159,169,169,188,188,292,292,302,321,321,331,331,331],"floor_reached":23,"playtime":1961,"items_purged":[],"score":187,"play_id":"1640a2b9-fa1e-44b8-ab1e-60b4ac4c62c2","local_time":"20190126124139","is_ascension_mode":false,"campfire_choices":[{"data":"Zap","floor":6,"key":"SMITH"},{"data":"Zap","floor":8,"key":"SMITH"},{"floor":15,"key":"REST"}],"neow_cost":"NONE","seed_source_timestamp":1435843576782229,"circlet_count":0,"master_deck":["Strike_B","Strike_B","Strike_B","Defend_B","Defend_B","Defend_B","Defend_B","Zap+1","Dualcast","Reinforced Body","Zap+1","Darkness","Redo","Compile Driver","BootSequence","Compile Driver","Sweeping Beam","Stack","Capacitor","Biased Cognition","Sweeping Beam+1","Ball Lightning","Capacitor+1"],"relics":["Cracked Core","Meat on the Bone","Black Star","Regal Pillow"],"potions_floor_usage":[13,18,21],"damage_taken":[{"damage":0,"enemies":"Small Slimes","floor":1,"turns":2},{"damage":1,"enemies":"Cultist","floor":3,"turns":4},{"damage":1,"enemies":"Jaw Worm","floor":4,"turns":3},{"damage":6,"enemies":"Red Slaver","floor":5,"turns":4},{"damage":20,"enemies":"Exordium Wildlife","floor":7,"turns":5},{"damage":2,"enemies":"3 Louse","floor":11,"turns":3},{"damage":2,"enemies":"Exordium Thugs","floor":12,"turns":4},{"damage":8,"enemies":"Lots of Slimes","floor":14,"turns":3},{"damage":43,"enemies":"Hexaghost","floor":16,"turns":9},{"damage":11,"enemies":"3 Byrds","floor":18,"turns":4},{"damage":20,"enemies":"2 Thieves","floor":19,"turns":3},{"damage":26,"enemies":"Centurion and Healer","floor":21,"turns":7},{"damage":42,"enemies":"Book of Stabbing","floor":23,"turns":5}],"seed_played":"3640713721268897663","potions_obtained":[{"floor":1,"key":"PowerPotion"},{"floor":4,"key":"Strength Potion"},{"floor":5,"key":"SpeedPotion"},{"floor":13,"key":"Fruit Juice"},{"floor":13,"key":"AttackPotion"},{"floor":21,"key":"Fire Potion"}],"is_trial":false,"path_per_floor":["M","?","M","M","M","R","M","R","T","?","M","M","?","M","R","B",null,"M","M","?","M","?","E"],"character_chosen":"DEFECT","items_purchased":[],"campfire_rested":1,"item_purchase_floors":[],"current_hp_per_floor":[75,75,74,73,67,67,47,47,47,47,45,43,48,52,76,45,80,69,49,75,49,49,7],"gold":331,"neow_bonus":"REMOVE_CARD","is_prod":false,"is_daily":false,"chose_seed":false,"campfire_upgraded":2,"win_rate":0,"timestamp":1548528099,"path_taken":["M","?","M","M","M","R","?","R","T","?","?","M","?","?","R","BOSS","M","M","?","M","?","E"],"build_version":"2019-01-23","purchased_purges":0,"victory":false,"max_hp_per_floor":[75,75,75,75,75,75,75,75,75,75,75,75,80,80,80,80,80,80,80,80,80,80,80],"card_choices":[{"not_picked":["Sunder","Rebound"],"picked":"Reinforced Body","floor":1},{"not_picked":["Doom and Gloom","Glacier"],"picked":"Redo","floor":3},{"not_picked":["Streamline","Beam Cell"],"picked":"Compile Driver","floor":4},{"not_picked":["Leap","Scrape"],"picked":"BootSequence","floor":5},{"not_picked":["Chill","Barrage"],"picked":"Compile Driver","floor":7},{"not_picked":["Chaos","Redo"],"picked":"Sweeping Beam","floor":11},{"not_picked":["Meteor Strike","Gash"],"picked":"Stack","floor":12},{"not_picked":["Redo","Steam"],"picked":"Capacitor","floor":14},{"not_picked":["Rainbow","Meteor Strike"],"picked":"Biased Cognition","floor":16},{"not_picked":["Chaos+1","Steam Power"],"picked":"Sweeping Beam+1","floor":18},{"not_picked":["Reinforced Body","Sweeping Beam"],"picked":"Ball Lightning","floor":19},{"not_picked":["Turbo+1","Rip and Tear+1"],"picked":"Capacitor+1","floor":21}],"player_experience":121083,"relics_obtained":[{"floor":9,"key":"Meat on the Bone"}],"event_choices":[{"damage_healed":0,"gold_gain":0,"player_choice":"2 cards matched","damage_taken":0,"max_hp_gain":0,"max_hp_loss":0,"event_name":"Match and Keep!","floor":2,"gold_loss":0,"cards_obtained":["Zap","Darkness"]},{"damage_healed":0,"gold_gain":0,"player_choice":"Ignored","damage_taken":0,"max_hp_gain":0,"max_hp_loss":0,"event_name":"NoteForYourself","floor":10,"gold_loss":0},{"damage_healed":0,"gold_gain":0,"player_choice":"Got Potions","damage_taken":0,"max_hp_gain":0,"max_hp_loss":0,"event_name":"Lab","floor":13,"gold_loss":0},{"damage_healed":26,"gold_gain":0,"player_choice":"Heal","damage_taken":0,"max_hp_gain":0,"max_hp_loss":0,"event_name":"The Library","floor":20,"gold_loss":0},{"damage_healed":0,"gold_gain":0,"player_choice":"Opened","damage_taken":0,"relics_obtained":["Regal Pillow"],"max_hp_gain":0,"max_hp_loss":0,"event_name":"The Mausoleum","floor":22,"gold_loss":0}],"is_beta":false,"boss_relics":[{"not_picked":["White Beast Statue","Empty Cage"],"picked":"Black Star"}],"items_purged_floors":[],"is_endless":false,"potions_floor_spawned":[1,4,5,14,16,21],"killed_by":"Book of Stabbing","ascension_level":0}