{"gold_per_floor":[117,292,242,242,242,272,14,47,72,4,27,27,27,52,52,152,152,165,177,177],"floor_reached":20,"playtime":935,"items_purged":[],"score":354,"play_id":"18ab7871-c16f-4a1d-9433-ed174f431499","local_time":"20190604000311","is_ascension_mode":true,"campfire_choices":[{"floor":15,"key":"REST"}],"neow_cost":"NONE","seed_source_timestamp":649475811208268,"circlet_count":0,"master_deck":["AscendersBane","Strike_B","Defend_B","Defend_B","Zap","Dualcast","Doom and Gloom","Cold Snap","Go for the Eyes","Defragment","Sunder","Fusion","Echo Form","Streamline+1","Echo Form+1","Darkness+1","Consume","BootSequence"],"relics":["Cracked Core","NeowsBlessing","Happy Flower","Centennial Puzzle","Pantograph","Juzu Bracelet","Strawberry","Art of War","Boot","Astrolabe"],"potions_floor_usage":[16],"damage_taken":[{"damage":0,"enemies":"Small Slimes","floor":1,"turns":1},{"damage":0,"enemies":"3 Sentries","floor":6,"turns":1},{"damage":0,"enemies":"Lagavulin","floor":8,"turns":1},{"damage":13,"enemies":"Gremlin Nob","floor":14,"turns":4},{"damage":33,"enemies":"Hexaghost","floor":16,"turns":8},{"damage":12,"enemies":"Chosen","floor":18,"turns":4},{"damage":28,"enemies":"3 Byrds","floor":19,"turns":4},{"damage":32,"enemies":"Snake Plant","floor":20,"turns":4}],"seed_played":"-9130369538950353925","potions_obtained":[{"floor":1,"key":"PowerPotion"},{"floor":14,"key":"Dexterity Potion"},{"floor":18,"key":"EssenceOfSteel"}],"is_trial":false,"path_per_floor":["M","?","?","?","T","E","$","E","T","$","T","?","?","E","R","B",null,"M","M","M"],"character_chosen":"DEFECT","items_purchased":["Pantograph","Defragment"],"campfire_rested":1,"item_purchase_floors":[7,10],"current_hp_per_floor":[68,68,68,61,61,61,61,61,61,61,68,35,35,22,46,38,71,59,31,0],"gold":177,"neow_bonus":"THREE_ENEMY_KILL","is_prod":false,"is_daily":false,"chose_seed":false,"campfire_upgraded":0,"win_rate":0,"timestamp":1559599391,"path_taken":["M","?","?","?","?","E","$","E","T","?","?","?","?","E","R","BOSS","M","M","M"],"build_version":"2019-01-23","purchased_purges":0,"victory":false,"max_hp_per_floor":[75,75,75,75,75,75,75,75,75,75,82,82,82,82,82,82,82,82,82,82],"card_choices":[{"not_picked":["Barrage","Stack"],"picked":"Doom and Gloom","floor":1},{"not_picked":["Genetic Algorithm","Barrage"],"picked":"Cold Snap","floor":6},{"not_picked":["Stack","Hologram"],"picked":"Go for the Eyes","floor":8},{"not_picked":["Hologram","Scrape"],"picked":"Fusion","floor":14},{"not_picked":["Multi-Cast","Thunder Strike"],"picked":"Echo Form","floor":16},{"not_picked":["Hologram","Scrape"],"picked":"Consume","floor":18},{"not_picked":["Streamline","Go for the Eyes"],"picked":"BootSequence","floor":19}],"player_experience":231907,"relics_obtained":[{"floor":5,"key":"Happy Flower"},{"floor":6,"key":"Centennial Puzzle"},{"floor":8,"key":"Juzu Bracelet"},{"floor":11,"key":"Strawberry"},{"floor":14,"key":"Boot"}],"event_choices":[{"damage_healed":0,"gold_gain":175,"player_choice":"AGREE","damage_taken":0,"max_hp_gain":0,"max_hp_loss":0,"event_name":"Liars Game","floor":2,"gold_loss":0,"cards_obtained":["Doubt"]},{"cards_removed":["Doubt"],"damage_healed":0,"gold_gain":0,"player_choice":"Card Removal","damage_taken":0,"max_hp_gain":0,"max_hp_loss":0,"event_name":"The Cleric","floor":3,"gold_loss":50},{"cards_removed":["Strike_B"],"damage_healed":0,"gold_gain":0,"player_choice":"Card Removal","damage_taken":7,"max_hp_gain":0,"max_hp_loss":0,"event_name":"Golden Wing","floor":4,"gold_loss":0},{"damage_healed":0,"gold_gain":0,"player_choice":"Success","damage_taken":33,"relics_obtained":["Art of War"],"max_hp_gain":0,"max_hp_loss":0,"event_name":"Scrap Ooze","floor":12,"gold_loss":0},{"damage_healed":0,"gold_gain":0,"cards_transformed":["Defend_B"],"player_choice":"Change","damage_taken":0,"max_hp_gain":0,"max_hp_loss":0,"event_name":"Living Wall","floor":13,"gold_loss":0,"cards_obtained":["Sunder"]}],"is_beta":false,"boss_relics":[{"not_picked":["Lizard Tail","Coffee Dripper"],"picked":"Astrolabe"}],"items_purged_floors":[],"is_endless":false,"potions_floor_spawned":[1,14,18],"killed_by":"Snake Plant","ascension_level":10}