{"gold_per_floor":[115,126,126,139,149,149,183,26,26,53,53,84,101,120,120,215,215,232,243,278,296,296],"floor_reached":22,"playtime":2341,"items_purged":[],"score":361,"play_id":"c679acd5-17cc-4679-9692-5e0c3389f4b0","local_time":"20190530151429","is_ascension_mode":true,"campfire_choices":[{"data":"Neutralize","floor":6.0,"key":"SMITH"},{"data":"Catalyst","floor":11.0,"key":"SMITH"},{"data":"Endless Agony","floor":15.0,"key":"SMITH"}],"neow_cost":"NONE","seed_source_timestamp":989354926543263,"circlet_count":0,"master_deck":["AscendersBane","Defend_G","Defend_G","Defend_G","Defend_G","Defend_G","Strike_G","Strike_G","Strike_G","Strike_G","Survivor","Neutralize+1","Backflip","Quick Slash","Doppelganger","Endless Agony+1","Catalyst+1","Distraction","Backstab","Adrenaline","Dodge and Roll","Cloak And Dagger"],"special_seed":0,"relics":["Busted Crown","Omamori","Happy Flower","Dream Catcher","Kunai","Vajra","Runic Pyramid","Red Mask"],"potions_floor_usage":[20],"damage_taken":[{"damage":3.0,"enemies":"Cultist","floor":1.0,"turns":5.0},{"damage":4.0,"enemies":"Small Slimes","floor":2.0,"turns":5.0},{"damage":0.0,"enemies":"Jaw Worm","floor":4.0,"turns":4.0},{"damage":1.0,"enemies":"Large Slime","floor":5.0,"turns":7.0},{"damage":11.0,"enemies":"Lagavulin","floor":7.0,"turns":6.0},{"damage":12.0,"enemies":"3 Sentries","floor":10.0,"turns":10.0},{"damage":0.0,"enemies":"Lagavulin","floor":12.0,"turns":9.0},{"damage":2.0,"enemies":"Blue Slaver","floor":13.0,"turns":5.0},{"damage":0.0,"enemies":"Exordium Thugs","floor":14.0,"turns":5.0},{"damage":15.0,"enemies":"Slime Boss","floor":16.0,"turns":19.0},{"damage":8.0,"enemies":"3 Byrds","floor":18.0,"turns":6.0},{"damage":0.0,"enemies":"Shell Parasite","floor":19.0,"turns":6.0},{"damage":35,"enemies":"Masked Bandits","floor":20,"turns":7},{"damage":7,"enemies":"Centurion and Healer","floor":21,"turns":11}],"seed_played":"7859631793561119341","potions_obtained":[{"floor":2.0,"key":"SteroidPotion"},{"floor":4.0,"key":"Energy Potion"},{"floor":7.0,"key":"Dexterity Potion"},{"floor":12.0,"key":"SkillPotion"},{"floor":13.0,"key":"Fire Potion"},{"floor":16.0,"key":"EssenceOfSteel"},{"floor":18.0,"key":"FearPotion"},{"floor":21,"key":"Weak Potion"}],"is_trial":false,"path_per_floor":["M","M","?","M","M","R","E","$","T","E","R","E","M","M","R","B",null,"M","M","?","M","?"],"character_chosen":"THE_SILENT","items_purchased":["Happy Flower"],"campfire_rested":0,"item_purchase_floors":[8],"current_hp_per_floor":[60,56,56,56,55,55,44,44,44,32,32,32,30,30,30,15,56,48,48,13,6,0],"gold":296,"neow_bonus":"BOSS_RELIC","is_prod":false,"is_daily":false,"chose_seed":false,"campfire_upgraded":3,"win_rate":0,"timestamp":1559209469,"path_taken":["M","?","?","?","M","R","E","$","T","E","R","E","M","M","R","BOSS","M","M","?","M","?"],"build_version":"2019-01-23","purchased_purges":0,"victory":false,"max_hp_per_floor":[70,70,70,70,70,70,70,70,70,70,70,70,70,70,70,70,70,70,70,70,70,70],"card_choices":[{"not_picked":[],"picked":"Backflip","floor":1.0},{"not_picked":[],"picked":"Quick Slash","floor":2.0},{"not_picked":["Prepared"],"picked":"SKIP","floor":4.0},{"not_picked":[],"picked":"Endless Agony","floor":5.0},{"not_picked":["Dagger Throw"],"picked":"SKIP","floor":7.0},{"not_picked":[],"picked":"Catalyst","floor":10.0},{"not_picked":[],"picked":"Distraction","floor":12.0},{"not_picked":[],"picked":"Backstab","floor":13.0},{"not_picked":["Dagger Throw"],"picked":"SKIP","floor":14.0},{"not_picked":[],"picked":"Adrenaline","floor":16.0},{"not_picked":["Sucker Punch"],"picked":"SKIP","floor":18.0},{"not_picked":[],"picked":"Dodge and Roll","floor":19.0},{"not_picked":[],"picked":"Cloak And Dagger","floor":21}],"player_experience":969629,"relics_obtained":[{"floor":7.0,"key":"Omamori"},{"floor":9.0,"key":"Dream Catcher"},{"floor":10.0,"key":"Kunai"},{"floor":12.0,"key":"Vajra"},{"floor":20,"key":"Red Mask"}],"event_choices":[{"damage_healed":0.0,"max_hp_gain":0.0,"max_hp_loss":0.0,"gold_gain":0.0,"cards_transformed":["Strike_G"],"event_name":"Transmorgrifier","player_choice":"Transformed","floor":3.0,"gold_loss":0.0,"damage_taken":0.0,"cards_obtained":["Doppelganger"]},{"damage_healed":0,"gold_gain":0,"player_choice":"Fought Bandits","damage_taken":0,"max_hp_gain":0,"max_hp_loss":0,"event_name":"Masked Bandits","floor":20,"gold_loss":0}],"is_beta":false,"boss_relics":[{"not_picked":["Orrery","White Beast Statue"],"picked":"Runic Pyramid"}],"items_purged_floors":[],"is_endless":false,"potions_floor_spawned":[2,4,7,12,13,16,18,21],"ascension_level":11}