{"gold_per_floor":[114,128,128,128,144,144,173,184,207,267,285,26,45,74,74,74],"floor_reached":16,"playtime":1369,"items_purged":[],"score":179,"play_id":"a62cab4a-15f2-40ef-a8ef-8a167f99f20b","local_time":"20190531082959","is_ascension_mode":true,"campfire_choices":[{"data":"Bash","floor":6.0,"key":"SMITH"},{"data":"Inflame","floor":15,"key":"SMITH"}],"neow_cost":"NONE","seed_source_timestamp":1052807472249141,"circlet_count":0,"master_deck":["AscendersBane","Strike_R","Strike_R","Strike_R","Strike_R","Defend_R","Defend_R","Defend_R","Defend_R","Bash+1","Pummel","Impervious","Inflame+1","Heavy Blade","Evolve","Sword Boomerang+1"],"special_seed":0,"relics":["Burning Blood","NeowsBlessing","Happy Flower","Anchor","Bag of Preparation","Molten Egg 2","Juzu Bracelet"],"potions_floor_usage":[14,14],"damage_taken":[{"damage":0.0,"enemies":"Cultist","floor":1.0,"turns":1.0},{"damage":0.0,"enemies":"Jaw Worm","floor":2.0,"turns":1.0},{"damage":0.0,"enemies":"2 Louse","floor":5.0,"turns":1.0},{"damage":60.0,"enemies":"3 Sentries","floor":7.0,"turns":18.0},{"damage":12.0,"enemies":"Exordium Wildlife","floor":8.0,"turns":5.0},{"damage":20.0,"enemies":"Gremlin Nob","floor":10.0,"turns":4.0},{"damage":0.0,"enemies":"3 Louse","floor":11.0,"turns":2.0},{"damage":14,"enemies":"Exordium Thugs","floor":13,"turns":5},{"damage":6,"enemies":"Lagavulin","floor":14,"turns":7},{"damage":28,"enemies":"The Guardian","floor":16,"turns":8}],"seed_played":"5435757408792573888","potions_obtained":[{"floor":2.0,"key":"Regen Potion"},{"floor":5.0,"key":"SkillPotion"},{"floor":8.0,"key":"SteroidPotion"},{"floor":10.0,"key":"EssenceOfSteel"},{"floor":13,"key":"Poison Potion"}],"is_trial":false,"path_per_floor":["M","M","?","?","M","R","E","M","T","?","M","$","M","E","R","B"],"character_chosen":"IRONCLAD","items_purchased":["Molten Egg 2"],"campfire_rested":0,"item_purchase_floors":[12],"current_hp_per_floor":[78,80,80,85,85,85,46,40,40,26,32,32,24,24,24,0],"gold":74,"neow_bonus":"THREE_ENEMY_KILL","is_prod":false,"is_daily":false,"chose_seed":false,"campfire_upgraded":2,"win_rate":0,"timestamp":1559271599,"path_taken":["M","?","?","?","M","R","E","M","T","?","?","$","M","E","R","BOSS"],"build_version":"2019-01-23","purchased_purges":0,"victory":false,"max_hp_per_floor":[80,80,80,85,85,85,85,85,85,85,85,85,85,85,85,85],"card_choices":[{"not_picked":["Sword Boomerang","Body Slam","Rupture"],"picked":"SKIP","floor":1.0},{"not_picked":["True Grit","Perfected Strike"],"picked":"Pummel","floor":2.0},{"not_picked":["Rupture","Reckless Charge","True Grit"],"picked":"SKIP","floor":5.0},{"not_picked":["Burning Pact","Pommel Strike"],"picked":"Inflame","floor":7.0},{"not_picked":["Bloodletting","Hemokinesis","Rampage"],"picked":"SKIP","floor":8.0},{"not_picked":["Uppercut","Iron Wave"],"picked":"Heavy Blade","floor":10.0},{"not_picked":["Twin Strike","Heavy Blade"],"picked":"Evolve","floor":11.0},{"not_picked":["Evolve","Cleave+1"],"picked":"Sword Boomerang+1","floor":13},{"not_picked":["True Grit","Cleave+1","Searing Blow+1"],"picked":"SKIP","floor":14}],"player_experience":994812,"relics_obtained":[{"floor":7.0,"key":"Happy Flower"},{"floor":9.0,"key":"Anchor"},{"floor":10.0,"key":"Bag of Preparation"},{"floor":14,"key":"Juzu Bracelet"}],"event_choices":[{"damage_healed":0.0,"max_hp_gain":0.0,"max_hp_loss":0.0,"gold_gain":0.0,"cards_transformed":["Strike_R"],"event_name":"Living Wall","player_choice":"Change","floor":3.0,"gold_loss":0.0,"damage_taken":0.0,"cards_obtained":["Impervious"]},{"damage_healed":0.0,"max_hp_gain":5.0,"max_hp_loss":0.0,"gold_gain":0.0,"event_name":"Big Fish","player_choice":"Donut","floor":4.0,"gold_loss":0.0,"damage_taken":0.0},{"damage_healed":0.0,"max_hp_gain":0.0,"max_hp_loss":0.0,"gold_gain":30.0,"event_name":"Dead Adventurer","player_choice":"Searched \u00272\u0027 times","floor":10.0,"gold_loss":0.0,"damage_taken":0.0}],"is_beta":false,"boss_relics":[],"items_purged_floors":[],"is_endless":false,"potions_floor_spawned":[2,5,8,10,13],"killed_by":"The Guardian","ascension_level":12}