{"gold_per_floor":[13,13,29,46,58,58,58,58,82,109,37,37,61,77,77,201,201,217,132,132,132,132,132,132,132,158,188,199,15,15,15,15,120,120,130,230,243,243,256,289,289,308,308,337,337,10,21,33,33,33,33,33,33,65,65],"floor_reached":55,"playtime":16115,"items_purged":[],"score":817,"play_id":"fd96f719-35d6-46ba-940b-4870b7564d77","local_time":"20190528231540","is_ascension_mode":true,"campfire_choices":[{"data":"Accuracy","floor":6.0,"key":"SMITH"},{"data":"Neutralize","floor":8.0,"key":"SMITH"},{"data":"Well Laid Plans","floor":12.0,"key":"SMITH"},{"floor":15.0,"key":"REST"},{"data":"Deflect","floor":23.0,"key":"SMITH"},{"floor":25.0,"key":"REST"},{"floor":30.0,"key":"REST"},{"floor":32.0,"key":"REST"},{"floor":49.0,"key":"RECALL"},{"data":"Deflect","floor":52.0,"key":"SMITH"}],"neow_cost":"NO_GOLD","seed_source_timestamp":1927652179663316,"circlet_count":0,"master_deck":["Survivor","Neutralize+1","Accuracy+1","Well Laid Plans+1","Blade Dance","Deflect+1","Accuracy","Deflect+1","Blade Dance","Burst","Endless Agony","Endless Agony","Noxious Fumes","Blur","Well Laid Plans","Riddle With Holes","All Out Attack","Cloak And Dagger+1","Blade Dance","Dodge and Roll","Terror","Corpse Explosion","Prepared","Dash+1","Setup+1","Enlightenment","Dodge and Roll","PiercingWail+1","Cloak And Dagger","Backflip+1","Cloak And Dagger"],"special_seed":0,"relics":["Ring of the Serpent","Bloody Idol","Ancient Tea Set","Whetstone","Pandora\u0027s Box","Omamori","Enchiridion","Art of War","Centennial Puzzle","Orichalcum","Mango","PreservedInsect","Anchor","Oddly Smooth Stone","Thread and Needle","Dodecahedron"],"potions_floor_usage":[],"damage_taken":[{"damage":2.0,"enemies":"Jaw Worm","floor":1.0,"turns":4.0},{"damage":0.0,"enemies":"Cultist","floor":3.0,"turns":4.0},{"damage":4.0,"enemies":"Small Slimes","floor":4.0,"turns":4.0},{"damage":4.0,"enemies":"2 Fungi Beasts","floor":5.0,"turns":3.0},{"damage":9.0,"enemies":"Blue Slaver","floor":13.0,"turns":3.0},{"damage":1.0,"enemies":"Exordium Wildlife","floor":14.0,"turns":2.0},{"damage":10.0,"enemies":"Slime Boss","floor":16.0,"turns":7.0},{"damage":15.0,"enemies":"Shell Parasite","floor":18.0,"turns":5.0},{"damage":50.0,"enemies":"Slavers","floor":27.0,"turns":7.0},{"damage":0.0,"enemies":"3 Byrds","floor":28.0,"turns":4.0},{"damage":6.0,"enemies":"Collector","floor":33.0,"turns":8.0},{"damage":29.0,"enemies":"3 Darklings","floor":35.0,"turns":2.0},{"damage":12.0,"enemies":"Mind Bloom Boss Battle","floor":36.0,"turns":5.0},{"damage":16.0,"enemies":"3 Shapes","floor":37.0,"turns":4.0},{"damage":2.0,"enemies":"Jaw Worm Horde","floor":38.0,"turns":2.0},{"damage":15.0,"enemies":"Maw","floor":39.0,"turns":6.0},{"damage":7.0,"enemies":"Giant Head","floor":40.0,"turns":7.0},{"damage":0.0,"enemies":"4 Shapes","floor":42.0,"turns":2.0},{"damage":18.0,"enemies":"Reptomancer","floor":44.0,"turns":4.0},{"damage":7.0,"enemies":"Writhing Mass","floor":47.0,"turns":6.0},{"damage":1.0,"enemies":"Transient","floor":48.0,"turns":5.0},{"damage":15.0,"enemies":"Donu and Deca","floor":50.0,"turns":9.0},{"damage":35,"enemies":"Shield and Spear","floor":54,"turns":4},{"damage":55,"enemies":"The Heart","floor":55,"turns":3}],"seed_played":"-4432523590738108282","potions_obtained":[{"floor":4.0,"key":"Fire Potion"},{"floor":5.0,"key":"SkillPotion"},{"floor":13.0,"key":"EssenceOfSteel"},{"floor":28.0,"key":"PowerPotion"},{"floor":36.0,"key":"SpeedPotion"},{"floor":37.0,"key":"SmokeBomb"},{"floor":42.0,"key":"Energy Potion"},{"floor":47.0,"key":"GhostInAJar"}],"is_trial":false,"path_per_floor":["M","?","M","M","M","R","?","R","T","T","$","R","M","M","R","B",null,"M","?","?","?","?","R","?","R","T","E","M","$","R","$","R","B",null,"M","?","M","M","M","E","?","M","T","E","?","$","M","M","R","B",null,"R","$","E","B"],"character_chosen":"THE_SILENT","items_purchased":["Accuracy","Orichalcum","Terror","Cloak And Dagger","Thread and Needle"],"campfire_rested":4,"item_purchase_floors":[11,29,29,46,46],"current_hp_per_floor":[68,68,68,64,60,60,43,43,43,43,43,43,34,33,54,44,70,55,55,39,39,39,39,39,60,65,20,25,25,46,46,67,66,70,46,53,42,40,30,28,28,33,33,20,20,20,18,22,22,7,84,84,84,54,0],"gold":65,"neow_bonus":"REMOVE_TWO","is_prod":false,"is_daily":false,"chose_seed":false,"campfire_upgraded":5,"win_rate":0,"timestamp":1559099740,"path_taken":["M","?","M","?","M","R","?","R","T","?","?","R","M","?","R","BOSS","M","?","?","?","?","R","?","R","T","E","M","$","R","$","R","BOSS","M","?","M","M","M","E","?","M","T","E","?","$","M","M","R","BOSS","R","$","E","BOSS"],"build_version":"2019-01-23","purchased_purges":0,"victory":false,"max_hp_per_floor":[70,70,70,70,70,70,70,70,70,70,70,70,70,70,70,70,70,70,70,70,70,70,70,70,70,70,70,70,70,70,70,70,70,70,70,84,84,84,84,84,84,84,84,84,84,84,84,84,84,84,84,84,84,84,84],"card_choices":[{"not_picked":["Outmaneuver","Sucker Punch"],"picked":"Accuracy","floor":1.0},{"not_picked":["Endless Agony","Dagger Spray"],"picked":"Well Laid Plans","floor":3.0},{"not_picked":["Prepared","Bane"],"picked":"Blade Dance","floor":4.0},{"not_picked":["Prepared","Glass Knife"],"picked":"Deflect","floor":5.0},{"not_picked":["Flying Knee","Sucker Punch"],"picked":"Deflect","floor":13.0},{"not_picked":["Dagger Throw","Heel Hook"],"picked":"Blade Dance","floor":14.0},{"not_picked":["Glass Knife","Unload"],"picked":"Burst","floor":16.0},{"not_picked":["Catalyst","Well Laid Plans"],"picked":"Cloak And Dagger+1","floor":18.0},{"not_picked":["Reflex","Acrobatics+1"],"picked":"Blade Dance","floor":27.0},{"not_picked":["Riddle With Holes","Deflect"],"picked":"Dodge and Roll","floor":28.0},{"not_picked":["Bullet Time","Glass Knife"],"picked":"Corpse Explosion","floor":33.0},{"not_picked":["Outmaneuver","Poisoned Stab+1","Underhanded Strike"],"picked":"SKIP","floor":35.0},{"not_picked":["Dagger Throw","Masterful Stab+1"],"picked":"Prepared","floor":36.0},{"not_picked":["Flying Knee+1","Catalyst"],"picked":"Dash+1","floor":37.0},{"not_picked":["Doppelganger","Dagger Spray","Underhanded Strike+1"],"picked":"SKIP","floor":39.0},{"not_picked":["Masterful Stab","Catalyst"],"picked":"Setup+1","floor":40.0},{"not_picked":["Discovery","Trip"],"picked":"Enlightenment","floor":41.0},{"not_picked":["Crippling Poison","Prepared"],"picked":"Dodge and Roll","floor":42.0},{"not_picked":["Slice","Tactician"],"picked":"PiercingWail+1","floor":44.0},{"not_picked":["PiercingWail+1","Flechettes"],"picked":"Backflip+1","floor":47.0},{"not_picked":["All Out Attack+1","Deadly Poison","Acrobatics+1"],"picked":"SKIP","floor":48.0},{"not_picked":["Catalyst","Outmaneuver"],"picked":"Cloak And Dagger","floor":54}],"player_experience":270400,"relics_obtained":[{"floor":9.0,"key":"Ancient Tea Set"},{"floor":10.0,"key":"Whetstone"},{"floor":20.0,"key":"Enchiridion"},{"floor":27.0,"key":"Centennial Puzzle"},{"floor":36.0,"key":"Mango"},{"floor":40.0,"key":"PreservedInsect"},{"floor":43.0,"key":"Anchor"},{"floor":44.0,"key":"Oddly Smooth Stone"},{"floor":54,"key":"Dodecahedron"}],"event_choices":[{"cards_removed":["Defend_G"],"damage_healed":0.0,"max_hp_gain":0.0,"max_hp_loss":0.0,"gold_gain":0.0,"event_name":"Bonfire Elementals","player_choice":"Offered Basic","floor":2.0,"gold_loss":0.0,"damage_taken":0.0},{"damage_healed":0.0,"max_hp_gain":0.0,"max_hp_loss":0.0,"gold_gain":0.0,"event_name":"Golden Idol","player_choice":"Take Damage","floor":7.0,"gold_loss":0.0,"damage_taken":17.0,"relics_obtained":["Golden Idol"]},{"damage_healed":0.0,"max_hp_gain":0.0,"max_hp_loss":0.0,"gold_gain":0.0,"event_name":"Addict","player_choice":"Obtained Relic","floor":19.0,"gold_loss":85.0,"damage_taken":0.0,"relics_obtained":["Omamori"]},{"damage_healed":0.0,"max_hp_gain":0.0,"max_hp_loss":0.0,"gold_gain":0.0,"event_name":"Cursed Tome","player_choice":"Obtained Book","floor":20.0,"gold_loss":0.0,"damage_taken":16.0},{"damage_healed":0.0,"max_hp_gain":0.0,"max_hp_loss":0.0,"gold_gain":0.0,"event_name":"The Mausoleum","player_choice":"Opened","floor":21.0,"gold_loss":0.0,"damage_taken":0.0,"relics_obtained":["Art of War"]},{"damage_healed":0.0,"max_hp_gain":0.0,"max_hp_loss":0.0,"gold_gain":0.0,"event_name":"Ghosts","player_choice":"Ignored","floor":22.0,"gold_loss":0.0,"damage_taken":0.0},{"damage_healed":0.0,"max_hp_gain":0.0,"max_hp_loss":0.0,"gold_gain":0.0,"event_name":"Forgotten Altar","player_choice":"Gave Idol","floor":24.0,"relics_lost":["Golden Idol"],"gold_loss":0.0,"damage_taken":0.0,"relics_obtained":["Bloody Idol"]},{"damage_healed":0.0,"max_hp_gain":0.0,"max_hp_loss":0.0,"gold_gain":0.0,"event_name":"MindBloom","player_choice":"Fight","floor":36.0,"gold_loss":0.0,"damage_taken":0.0},{"damage_healed":0.0,"max_hp_gain":0.0,"max_hp_loss":0.0,"gold_gain":0.0,"event_name":"SensoryStone","player_choice":"Memory 1","floor":41.0,"gold_loss":0.0,"damage_taken":0.0},{"damage_healed":0.0,"max_hp_gain":0.0,"max_hp_loss":0.0,"gold_gain":0.0,"event_name":"Mysterious Sphere","player_choice":"Ignored","floor":45.0,"gold_loss":0.0,"damage_taken":0.0}],"is_beta":false,"boss_relics":[{"not_picked":["Tiny House","Velvet Choker"],"picked":"Pandora\u0027s Box"},{"not_picked":["HoveringKite","Calling Bell"],"picked":"Ring of the Serpent"}],"items_purged_floors":[],"is_endless":false,"potions_floor_spawned":[4,5,13,28,36,37,42,47],"killed_by":"The Heart","ascension_level":3}