{"gold_per_floor":[99,99,99,99,99,99,99,99,99,99,99,99,99,99,99,99,99,99,14,14,14,14,14,14,14,14,14,14,14,14,14,14,14],"floor_reached":33,"playtime":3450,"items_purged":[],"score":478,"play_id":"be03503f-5b44-464d-b6a0-61e045820d41","local_time":"20190523211903","is_ascension_mode":true,"campfire_choices":[{"data":"Bash","floor":7.0,"key":"SMITH"},{"data":"Immolate","floor":12.0,"key":"SMITH"},{"floor":15.0,"key":"REST"},{"data":"Shockwave","floor":28.0,"key":"SMITH"},{"data":"True Grit","floor":32,"key":"SMITH"}],"neow_cost":"NONE","seed_source_timestamp":405345864447112,"circlet_count":0,"master_deck":["Strike_R+1","Strike_R+1","Defend_R+1","Defend_R+1","Defend_R+1","Defend_R+1","Bash+1","Flame Barrier","Corruption","Headbutt","Immolate+1","Shockwave+1","Shrug It Off","Sword Boomerang+1","Immolate+1","Disarm","Anger+1","Fiend Fire+1","Pommel Strike+1","True Grit+1","True Grit+1"],"special_seed":0,"relics":["Ectoplasm","Regal Pillow","Mummified Hand","Bottled Lightning","Molten Egg 2","Odd Mushroom","Runic Dome","Bronze Scales","Boot","Centennial Puzzle","Oddly Smooth Stone","Strawberry"],"potions_floor_usage":[33,33],"damage_taken":[{"damage":0.0,"enemies":"Jaw Worm","floor":1.0,"turns":3.0},{"damage":0.0,"enemies":"Cultist","floor":2.0,"turns":3.0},{"damage":0.0,"enemies":"Small Slimes","floor":3.0,"turns":3.0},{"damage":8.0,"enemies":"Blue Slaver","floor":5.0,"turns":3.0},{"damage":12.0,"enemies":"3 Sentries","floor":6.0,"turns":10.0},{"damage":0.0,"enemies":"Large Slime","floor":8.0,"turns":4.0},{"damage":15.0,"enemies":"Lagavulin","floor":10.0,"turns":5.0},{"damage":0.0,"enemies":"2 Fungi Beasts","floor":11.0,"turns":3.0},{"damage":15.0,"enemies":"3 Sentries","floor":13.0,"turns":3.0},{"damage":0.0,"enemies":"The Mushroom Lair","floor":14.0,"turns":1.0},{"damage":10.0,"enemies":"Hexaghost","floor":16.0,"turns":9.0},{"damage":0.0,"enemies":"3 Byrds","floor":18.0,"turns":2.0},{"damage":2.0,"enemies":"Shell Parasite","floor":20.0,"turns":3.0},{"damage":1.0,"enemies":"Snake Plant","floor":22.0,"turns":2.0},{"damage":10.0,"enemies":"Book of Stabbing","floor":23.0,"turns":4.0},{"damage":0.0,"enemies":"Snecko","floor":24.0,"turns":2.0},{"damage":12.0,"enemies":"Shelled Parasite and Fungi","floor":25.0,"turns":2.0},{"damage":7.0,"enemies":"Slavers","floor":27.0,"turns":2.0},{"damage":0.0,"enemies":"Book of Stabbing","floor":29.0,"turns":4.0},{"damage":0.0,"enemies":"Cultist and Chosen","floor":30.0,"turns":3.0},{"damage":66,"enemies":"Champ","floor":33,"turns":11}],"seed_played":"8047297826395167599","potions_obtained":[{"floor":1.0,"key":"Fire Potion"},{"floor":3.0,"key":"Dexterity Potion"},{"floor":6.0,"key":"Explosive Potion"},{"floor":13.0,"key":"SpeedPotion"},{"floor":14.0,"key":"Block Potion"},{"floor":18.0,"key":"SkillPotion"},{"floor":22.0,"key":"LiquidBronze"},{"floor":27.0,"key":"AttackPotion"},{"floor":29.0,"key":"AttackPotion"}],"is_trial":false,"path_per_floor":["M","M","M","?","M","E","R","M","T","E","M","R","E","?","R","B",null,"M","?","M","?","M","E","M","M","T","E","R","E","M","?","R","B"],"character_chosen":"IRONCLAD","items_purchased":[],"campfire_rested":1,"item_purchase_floors":[],"current_hp_per_floor":[72,72,72,72,64,52,52,52,52,37,37,37,22,22,61,51,73,73,73,71,71,70,60,60,48,48,41,41,48,48,48,48,0],"gold":14,"neow_bonus":"BOSS_RELIC","is_prod":false,"is_daily":false,"chose_seed":false,"campfire_upgraded":4,"win_rate":0,"timestamp":1558626543,"path_taken":["M","M","M","?","M","E","R","M","T","E","?","R","E","?","R","BOSS","M","?","M","?","M","E","M","M","T","E","R","E","M","?","R","BOSS"],"build_version":"2019-01-23","purchased_purges":0,"victory":false,"max_hp_per_floor":[80,80,80,80,80,80,80,80,80,80,80,80,80,80,80,80,80,80,80,80,80,80,80,80,80,80,80,80,87,87,87,87,87],"card_choices":[{"not_picked":["Intimidate","Fire Breathing"],"picked":"Flame Barrier","floor":1.0},{"not_picked":["Seeing Red","Perfected Strike","Wild Strike"],"picked":"SKIP","floor":2.0},{"not_picked":["Hemokinesis","Cleave"],"picked":"Corruption","floor":3.0},{"not_picked":["Cleave","Flex"],"picked":"Headbutt","floor":5.0},{"not_picked":["Havoc","Perfected Strike"],"picked":"Immolate","floor":6.0},{"not_picked":["Iron Wave","True Grit","Heavy Blade"],"picked":"SKIP","floor":8.0},{"not_picked":["Body Slam","Iron Wave"],"picked":"Shockwave","floor":10.0},{"not_picked":["Burning Pact","Bloodletting","Havoc"],"picked":"SKIP","floor":11.0},{"not_picked":["Heavy Blade","Carnage"],"picked":"Shrug It Off","floor":13.0},{"not_picked":["Flex","Pummel+1"],"picked":"Sword Boomerang+1","floor":14.0},{"not_picked":["Fiend Fire+1","Exhume"],"picked":"Immolate+1","floor":16.0},{"not_picked":["Bloodletting","Corruption+1"],"picked":"Disarm","floor":18.0},{"not_picked":["Whirlwind+1","Rage+1","Rupture"],"picked":"SKIP","floor":20.0},{"not_picked":["Cleave+1","Sentinel+1"],"picked":"Pommel Strike+1","floor":22.0},{"not_picked":["Headbutt+1","Rampage+1","Iron Wave+1"],"picked":"SKIP","floor":23.0},{"not_picked":["Blood for Blood+1","Headbutt+1","Clothesline+1"],"picked":"SKIP","floor":24.0},{"not_picked":["Entrench","Searing Blow+1"],"picked":"True Grit+1","floor":25.0},{"not_picked":["Second Wind","Flex","Cleave+1"],"picked":"SKIP","floor":27.0},{"not_picked":["Pummel+1","Rampage+1","Rage"],"picked":"SKIP","floor":29.0},{"not_picked":["Dual Wield+1","Sword Boomerang+1"],"picked":"True Grit","floor":30}],"player_experience":689052,"relics_obtained":[{"floor":6.0,"key":"Regal Pillow"},{"floor":9.0,"key":"Mummified Hand"},{"floor":10.0,"key":"Bottled Lightning"},{"floor":13.0,"key":"Molten Egg 2"},{"floor":14.0,"key":"Odd Mushroom"},{"floor":23.0,"key":"Boot"},{"floor":26.0,"key":"Centennial Puzzle"},{"floor":27.0,"key":"Oddly Smooth Stone"},{"floor":29.0,"key":"Strawberry"}],"event_choices":[{"cards_removed":["Strike_R"],"damage_healed":0.0,"max_hp_gain":0.0,"max_hp_loss":0.0,"gold_gain":0.0,"event_name":"Purifier","player_choice":"Purged","floor":4.0,"gold_loss":0.0,"damage_taken":0.0},{"damage_healed":0.0,"max_hp_gain":0.0,"max_hp_loss":0.0,"gold_gain":0.0,"event_name":"Mushrooms","player_choice":"Fought Mushrooms","floor":14.0,"gold_loss":0.0,"damage_taken":0.0},{"damage_healed":0.0,"max_hp_gain":0.0,"max_hp_loss":0.0,"gold_gain":0.0,"event_name":"Addict","player_choice":"Obtained Relic","floor":19.0,"gold_loss":85.0,"damage_taken":0.0,"relics_obtained":["Bronze Scales"]},{"damage_healed":0.0,"max_hp_gain":0.0,"max_hp_loss":0.0,"gold_gain":0.0,"cards_transformed":["Strike_R","Strike_R"],"event_name":"Drug Dealer","player_choice":"Became Test Subject","floor":21.0,"gold_loss":0.0,"damage_taken":0.0,"cards_obtained":["Anger","Fiend Fire"]},{"damage_healed":0,"gold_gain":0,"player_choice":"Simplicity","damage_taken":0,"max_hp_gain":0,"max_hp_loss":0,"event_name":"Back to Basics","floor":31,"gold_loss":0,"cards_upgraded":["Strike_R","Strike_R","Defend_R","Defend_R","Defend_R","Defend_R"]}],"is_beta":false,"boss_relics":[{"not_picked":["Lizard Tail","Coffee Dripper"],"picked":"Runic Dome"}],"items_purged_floors":[],"is_endless":false,"potions_floor_spawned":[1,3,6,13,14,18,22,27,29],"killed_by":"Champ","ascension_level":7}