{"gold_per_floor":[113,124,136,152,172,247,270,270,270,297,297,323,337,356,356,429,429,445,464,482,482,482,512,94,120,211,623,662,674,720,747,759,845,857,883,908,938,966,697,723,733,752,752,752,96,112,124,157,157,157,157,157,157,57,84,84],"floor_reached":57,"playtime":4682,"items_purged":["Writhe","Sever Soul","Hemokinesis","Anger"],"score":3041,"play_id":"70b1d5fd-6d19-487c-9584-b9c344d60248","local_time":"20190604234826","is_ascension_mode":true,"campfire_choices":[{"data":"Feed","floor":8.0,"key":"SMITH"},{"data":"Feed","floor":11.0,"key":"SMITH"},{"data":"True Grit","floor":15.0,"key":"SMITH"},{"floor":29.0,"key":"RECALL"},{"floor":32.0,"key":"REST"},{"data":"Demon Form","floor":44.0,"key":"SMITH"},{"data":"Disarm","floor":49.0,"key":"SMITH"},{"data":"Offering","floor":53.0,"key":"SMITH"}],"neow_cost":"NONE","seed_source_timestamp":0,"circlet_count":0,"master_deck":["AscendersBane","Bash","Immolate","Metallicize","Inflame","Feed+1","Offering+1","Whirlwind","Uppercut","Shrug It Off","Dual Wield","Feed+1","True Grit+1","Clothesline","Shockwave+1","Reaper","Armaments+1","Spot Weakness+1","Disarm+1","Demon Form+1","Shrug It Off+1","Evolve","Corruption","Shrug It Off"],"special_seed":0,"relics":["Pandora\u0027s Box","Odd Mushroom","Bottled Lightning","Bag of Marbles","Mango","Mark of Pain","Art of War","Smiling Mask","Matryoshka","MawBank","Tiny Chest","Old Coin","Singing Bowl","Ornamental Fan","Darkstone Periapt","Snecko Eye","War Paint","Dodecahedron","Blue Candle","Molten Egg 2","Dead Branch","Medical Kit","Thread and Needle","Kunai"],"potions_floor_usage":[56],"damage_taken":[{"damage":0.0,"enemies":"Small Slimes","floor":1.0,"turns":2.0},{"damage":0.0,"enemies":"2 Louse","floor":2.0,"turns":2.0},{"damage":0.0,"enemies":"Cultist","floor":3.0,"turns":2.0},{"damage":6.0,"enemies":"Looter","floor":4.0,"turns":1.0},{"damage":18.0,"enemies":"3 Louse","floor":5.0,"turns":6.0},{"damage":9.0,"enemies":"The Mushroom Lair","floor":7.0,"turns":2.0},{"damage":18.0,"enemies":"Lagavulin","floor":10.0,"turns":5.0},{"damage":9.0,"enemies":"Gremlin Nob","floor":12.0,"turns":1.0},{"damage":17.0,"enemies":"Lots of Slimes","floor":13.0,"turns":9.0},{"damage":16.0,"enemies":"Gremlin Gang","floor":14.0,"turns":4.0},{"damage":64.0,"enemies":"Slime Boss","floor":16.0,"turns":18.0},{"damage":21.0,"enemies":"2 Thieves","floor":18.0,"turns":4.0},{"damage":9.0,"enemies":"Shell Parasite","floor":19.0,"turns":1.0},{"damage":11.0,"enemies":"Cultist and Chosen","floor":20.0,"turns":4.0},{"damage":46.0,"enemies":"Slavers","floor":23.0,"turns":4.0},{"damage":48.0,"enemies":"Book of Stabbing","floor":25.0,"turns":7.0},{"damage":9.0,"enemies":"Colosseum Slavers","floor":27.0,"turns":4.0},{"damage":13.0,"enemies":"Colosseum Nobs","floor":27.0,"turns":3.0},{"damage":30.0,"enemies":"Gremlin Leader","floor":28.0,"turns":5.0},{"damage":55.0,"enemies":"Slavers","floor":30.0,"turns":4.0},{"damage":31.0,"enemies":"Snecko","floor":31.0,"turns":6.0},{"damage":82.0,"enemies":"Champ","floor":33.0,"turns":12.0},{"damage":28.0,"enemies":"3 Darklings","floor":35.0,"turns":4.0},{"damage":40.0,"enemies":"3 Shapes","floor":36.0,"turns":11.0},{"damage":68.0,"enemies":"Jaw Worm Horde","floor":37.0,"turns":5.0},{"damage":22.0,"enemies":"Maw","floor":38.0,"turns":8.0},{"damage":45.0,"enemies":"Reptomancer","floor":40.0,"turns":6.0},{"damage":62.0,"enemies":"Spire Growth","floor":41.0,"turns":5.0},{"damage":43.0,"enemies":"3 Darklings","floor":42.0,"turns":5.0},{"damage":29.0,"enemies":"4 Shapes","floor":46.0,"turns":5.0},{"damage":9.0,"enemies":"Jaw Worm Horde","floor":47.0,"turns":4.0},{"damage":6.0,"enemies":"Nemesis","floor":48.0,"turns":5.0},{"damage":6.0,"enemies":"Time Eater","floor":50.0,"turns":8.0},{"damage":107.0,"enemies":"Awakened One","floor":51.0,"turns":12.0},{"damage":111.0,"enemies":"Shield and Spear","floor":55.0,"turns":8.0},{"damage":114,"enemies":"The Heart","floor":56,"turns":7}],"seed_played":"-4903702509638340997","potions_obtained":[{"floor":1.0,"key":"SkillPotion"},{"floor":3.0,"key":"Weak Potion"},{"floor":12.0,"key":"Regen Potion"},{"floor":13.0,"key":"Weak Potion"},{"floor":25.0,"key":"FearPotion"},{"floor":27.0,"key":"Energy Potion"},{"floor":31.0,"key":"Strength Potion"},{"floor":33.0,"key":"Swift Potion"},{"floor":36.0,"key":"SneckoOil"}],"is_trial":false,"path_per_floor":["M","M","M","M","M","?","?","R","T","E","R","E","M","M","R","B",null,"M","M","M","?","?","E","$","E","T","?","E","R","E","M","R","B",null,"M","M","M","M","$","E","M","M","T","R","$","M","M","E","R","B","B",null,"R","$","E","B",null],"character_chosen":"IRONCLAD","items_purchased":["Matryoshka","Disarm","Evolve","War Paint","Dead Branch","Medical Kit","Corruption","Shrug It Off"],"campfire_rested":1,"item_purchase_floors":[24,24,39,39,45,45,45,54],"current_hp_per_floor":[71,74,77,74,62,51,48,48,48,34,34,43,57,57,57,9,129,134,129,132,132,132,112,112,68,68,110,86,86,77,50,121,124,215,193,189,135,202,202,236,246,260,260,260,260,285,290,290,290,345,277,337,337,337,261,227],"gold":84,"neow_bonus":"BOSS_RELIC","is_prod":false,"is_daily":false,"chose_seed":true,"campfire_upgraded":6,"win_rate":0,"timestamp":1559684906,"path_taken":["M","M","M","M","M","?","?","R","T","E","R","E","M","M","R","BOSS","M","M","M","?","?","E","$","E","T","?","E","R","E","M","R","BOSS","M","M","M","M","$","E","M","M","T","R","$","M","M","E","R","BOSS","BOSS","R","$","E","BOSS"],"build_version":"2019-01-23","purchased_purges":4,"victory":true,"max_hp_per_floor":[78,81,84,87,93,93,99,99,99,103,103,121,137,153,153,169,169,177,181,189,189,189,197,197,201,201,219,225,225,235,239,239,245,245,251,265,279,285,285,291,297,303,303,303,303,321,335,341,341,345,357,357,357,357,367,371],"card_choices":[{"not_picked":["Corruption","Entrench"],"picked":"Shrug It Off","floor":1.0},{"not_picked":["Entrench","Clothesline","Body Slam"],"picked":"SKIP","floor":2.0},{"not_picked":["Entrench","Clothesline","Body Slam"],"picked":"SKIP","floor":2.0},{"not_picked":["Rage","Sever Soul"],"picked":"Anger","floor":3.0},{"not_picked":["Spot Weakness","True Grit"],"picked":"Dual Wield","floor":4.0},{"not_picked":["Iron Wave","Warcry","Corruption"],"picked":"SKIP","floor":5.0},{"not_picked":["True Grit","Rupture"],"picked":"Feed","floor":10.0},{"not_picked":["Twin Strike","Clothesline"],"picked":"True Grit","floor":12.0},{"not_picked":["Warcry","Sword Boomerang"],"picked":"Clothesline","floor":13.0},{"not_picked":["Havoc","Clash"],"picked":"Shockwave","floor":14.0},{"not_picked":["Brutality","Offering"],"picked":"Reaper","floor":16.0},{"not_picked":["Flex","Cleave","Anger"],"picked":"SKIP","floor":18.0},{"not_picked":["Havoc+1","Wild Strike"],"picked":"Armaments+1","floor":19.0},{"not_picked":["Fire Breathing","Reckless Charge+1","Iron Wave"],"picked":"SKIP","floor":20.0},{"not_picked":["Armaments","Pommel Strike"],"picked":"Spot Weakness+1","floor":23.0},{"not_picked":["Cleave","Clash+1"],"picked":"Demon Form","floor":25.0},{"not_picked":["Second Wind","Warcry+1","Shockwave"],"picked":"Singing Bowl","floor":27.0},{"not_picked":["Body Slam","Second Wind","True Grit"],"picked":"Singing Bowl","floor":28.0},{"not_picked":["Heavy Blade","Entrench","Flex"],"picked":"Singing Bowl","floor":30.0},{"not_picked":["Cleave+1","Sword Boomerang"],"picked":"Shrug It Off","floor":31.0},{"not_picked":["Dark Embrace","Immolate","Juggernaut"],"picked":"Singing Bowl","floor":33.0},{"not_picked":["Spot Weakness+1","Armaments+1","Twin Strike"],"picked":"Singing Bowl","floor":35.0},{"not_picked":["Rupture","Rage","Pommel Strike"],"picked":"Singing Bowl","floor":36.0},{"not_picked":["Clothesline","Body Slam","Warcry+1"],"picked":"Singing Bowl","floor":37.0},{"not_picked":["Thunderclap","Sword Boomerang","Rampage+1"],"picked":"Singing Bowl","floor":38.0},{"not_picked":["Clothesline","Pommel Strike","Uppercut"],"picked":"Singing Bowl","floor":40.0},{"not_picked":["Dual Wield","Armaments","Exhume"],"picked":"Singing Bowl","floor":41.0},{"not_picked":["Thunderclap","Sword Boomerang","Armaments"],"picked":"Singing Bowl","floor":42.0},{"not_picked":["Second Wind","Seeing Red","Pommel Strike+1"],"picked":"Singing Bowl","floor":46.0},{"not_picked":["Bludgeon+1","Perfected Strike+1","Anger+1"],"picked":"Singing Bowl","floor":47.0},{"not_picked":["Armaments","Combust+1","Infernal Blade"],"picked":"Singing Bowl","floor":48.0},{"not_picked":["Blood for Blood+1","Demon Form","Disarm"],"picked":"Singing Bowl","floor":55}],"player_experience":1292266,"relics_obtained":[{"floor":7.0,"key":"Odd Mushroom"},{"floor":9.0,"key":"Bottled Lightning"},{"floor":10.0,"key":"Bag of Marbles"},{"floor":12.0,"key":"Mango"},{"floor":23.0,"key":"Smiling Mask"},{"floor":25.0,"key":"MawBank"},{"floor":26.0,"key":"Tiny Chest"},{"floor":27.0,"key":"Old Coin"},{"floor":27.0,"key":"Singing Bowl"},{"floor":28.0,"key":"Ornamental Fan"},{"floor":30.0,"key":"Darkstone Periapt"},{"floor":40.0,"key":"Dodecahedron"},{"floor":43.0,"key":"Blue Candle"},{"floor":43.0,"key":"Molten Egg 2"},{"floor":48.0,"key":"Thread and Needle"},{"floor":55,"key":"Kunai"}],"event_choices":[{"damage_healed":0.0,"max_hp_gain":0.0,"max_hp_loss":0.0,"gold_gain":75.0,"event_name":"World of Goop","player_choice":"Gather Gold","floor":6.0,"gold_loss":0.0,"damage_taken":11.0},{"damage_healed":0.0,"max_hp_gain":0.0,"max_hp_loss":0.0,"gold_gain":0.0,"event_name":"Mushrooms","player_choice":"Fought Mushrooms","floor":7.0,"gold_loss":0.0,"damage_taken":0.0},{"damage_healed":0.0,"max_hp_gain":0.0,"max_hp_loss":0.0,"gold_gain":0.0,"event_name":"Vampires","player_choice":"Ignored","floor":21.0,"gold_loss":0.0,"damage_taken":0.0},{"damage_healed":0.0,"max_hp_gain":0.0,"max_hp_loss":0.0,"gold_gain":0.0,"event_name":"The Mausoleum","player_choice":"Opened","floor":22.0,"gold_loss":0.0,"damage_taken":0.0,"relics_obtained":["Art of War"],"cards_obtained":["Writhe"]},{"damage_healed":0.0,"max_hp_gain":0.0,"max_hp_loss":0.0,"gold_gain":0.0,"event_name":"Colosseum","player_choice":"Fight","floor":27.0,"gold_loss":0.0,"damage_taken":0.0},{"damage_healed":0.0,"max_hp_gain":0.0,"max_hp_loss":0.0,"gold_gain":0.0,"event_name":"Colosseum","player_choice":"Fought Nobs","floor":27.0,"gold_loss":0.0,"damage_taken":0.0}],"is_beta":false,"boss_relics":[{"not_picked":["Calling Bell","Empty Cage"],"picked":"Mark of Pain"},{"not_picked":["Runic Dome","Busted Crown"],"picked":"Snecko Eye"}],"items_purged_floors":[24,39,45,54],"is_endless":false,"potions_floor_spawned":[1,3,4,12,13,25,27,28,30,31,33,36,38,40,41,47,48,55],"ascension_level":20}