{"gold_per_floor":[117,135,60,60,60,103,103,117,117,151,151,167,186,202,202,326,326,344,368,44,94,94],"floor_reached":22,"playtime":1137,"items_purged":[],"score":265,"play_id":"1376c6e0-0189-4838-955b-1e691139ad43","local_time":"20190324190835","is_ascension_mode":true,"campfire_choices":[{"floor":7,"key":"REST"},{"floor":15,"key":"REST"}],"neow_cost":"NONE","seed_source_timestamp":252603637994642,"circlet_count":0,"master_deck":["Strike_B","Strike_B","Strike_B","Strike_B","Defend_B","Defend_B","Defend_B","Defend_B","Zap","Dualcast","Chaos+1","Fusion","Coolheaded","Steam","Turbo","Ball Lightning","Chaos","Machine Learning","Rebound","Coolheaded","Amplify","Cold Snap","Melter+1","Defragment","Conserve Battery"],"relics":["Cracked Core","NeowsBlessing","StoneCalendar","Golden Idol","Bag of Marbles","Du-Vu Doll","Ornamental Fan","SsserpentHead","Cursed Key","Meat on the Bone"],"potions_floor_usage":[10,10,13],"damage_taken":[{"damage":0,"enemies":"Small Slimes","floor":1,"turns":1},{"damage":0,"enemies":"Cultist","floor":2,"turns":1},{"damage":0,"enemies":"Lagavulin","floor":6,"turns":1},{"damage":5,"enemies":"Jaw Worm","floor":8,"turns":3},{"damage":26,"enemies":"Gremlin Nob","floor":10,"turns":5},{"damage":3,"enemies":"Red Slaver","floor":12,"turns":3},{"damage":9,"enemies":"3 Louse","floor":13,"turns":4},{"damage":7,"enemies":"Looter","floor":14,"turns":3},{"damage":42,"enemies":"The Guardian","floor":16,"turns":10},{"damage":27,"enemies":"Shell Parasite","floor":18,"turns":7},{"damage":9,"enemies":"Spheric Guardian","floor":19,"turns":5},{"damage":0,"enemies":"3 Cultists","floor":22,"turns":1}],"seed_played":"-2197800232794337173","potions_obtained":[{"floor":1,"key":"EssenceOfSteel"},{"floor":6,"key":"Block Potion"},{"floor":12,"key":"Block Potion"}],"is_trial":false,"path_per_floor":["?","?","?","?"],"character_chosen":"DEFECT","items_purchased":["Coolheaded","Steam","Defragment","Conserve Battery","Meat on the Bone"],"campfire_rested":2,"item_purchase_floors":[3,3,20,20,20],"current_hp_per_floor":[75,75,75,72,54,54,75,70,70,44,44,41,32,25,47,5,75,48,39,39,39,39],"gold":94,"neow_bonus":"THREE_ENEMY_KILL","is_prod":false,"is_daily":false,"chose_seed":false,"campfire_upgraded":0,"win_rate":0,"timestamp":1553468915,"path_taken":["M","M","$","?","?","E","R","M","T","E","?","M","M","M","R","BOSS","M","M","$","?","M"],"build_version":"2019-01-23","purchased_purges":0,"victory":false,"max_hp_per_floor":[75,75,75,75,75,75,75,75,75,75,75,75,75,75,75,75,75,75,75,75,75,75],"card_choices":[{"not_picked":["Consume","Sweeping Beam"],"picked":"Chaos","floor":1},{"not_picked":["Go for the Eyes","Sweeping Beam"],"picked":"Fusion","floor":2},{"not_picked":["Compile Driver","Steam"],"picked":"Turbo","floor":6},{"not_picked":["Redo","Blizzard"],"picked":"Ball Lightning","floor":8},{"not_picked":["Coolheaded","Go for the Eyes"],"picked":"Chaos","floor":10},{"not_picked":["Blizzard","Recycle"],"picked":"Machine Learning","floor":12},{"not_picked":["Stack","Sweeping Beam"],"picked":"Rebound","floor":13},{"not_picked":["Force Field","Barrage"],"picked":"Coolheaded","floor":14},{"not_picked":["Rainbow","Biased Cognition"],"picked":"Amplify","floor":16},{"not_picked":["Sweeping Beam","Hologram+1"],"picked":"Cold Snap","floor":18},{"not_picked":["Chaos","Ball Lightning+1"],"picked":"Melter+1","floor":19}],"player_experience":324032,"relics_obtained":[{"floor":6,"key":"Bag of Marbles"},{"floor":9,"key":"Du-Vu Doll"},{"floor":10,"key":"Ornamental Fan"}],"event_choices":[{"damage_healed":0,"gold_gain":0,"player_choice":"Success","damage_taken":3,"relics_obtained":["StoneCalendar"],"max_hp_gain":0,"max_hp_loss":0,"event_name":"Scrap Ooze","floor":4,"gold_loss":0},{"damage_healed":0,"gold_gain":0,"player_choice":"Take Damage","damage_taken":18,"relics_obtained":["Golden Idol"],"max_hp_gain":0,"max_hp_loss":0,"event_name":"Golden Idol","floor":5,"gold_loss":0},{"damage_healed":0,"gold_gain":0,"player_choice":"Trade","damage_taken":0,"relics_obtained":["SsserpentHead"],"max_hp_gain":0,"max_hp_loss":0,"event_name":"FaceTrader","floor":11,"gold_loss":0},{"damage_healed":0,"gold_gain":0,"player_choice":"Upgraded","damage_taken":0,"max_hp_gain":0,"max_hp_loss":0,"event_name":"Upgrade Shrine","floor":21,"gold_loss":0,"cards_upgraded":["Chaos"]}],"is_beta":false,"boss_relics":[{"not_picked":["Runic Pyramid","Lizard Tail"],"picked":"Cursed Key"}],"items_purged_floors":[],"is_endless":false,"potions_floor_spawned":[1,6,12],"killed_by":"3 Cultists","ascension_level":4}