{"gold_per_floor":[113,124,124,143,30,64,64,95,120,120,151,167,167,181,181,301,301,325,346,31,56,56,56,56,87,87,24,55,86,118,177,189,324,336,363,708,396,410,420,452,452,469,515,515,355,388,488,499,499,499],"floor_reached":51,"playtime":13514,"items_purged":["Defend_G","Strike_G","Pain","Strike_G"],"score":1453,"play_id":"023fb19e-c7f7-46cc-b6c0-73599d134d54","local_time":"20190528220909","is_ascension_mode":true,"campfire_choices":[{"data":"Backstab","floor":7.0,"key":"SMITH"},{"data":"Footwork","floor":13.0,"key":"SMITH"},{"data":"Skewer","floor":15.0,"key":"SMITH"},{"data":"Night Terror","floor":23.0,"key":"SMITH"},{"data":"Adrenaline","floor":32.0,"key":"SMITH"},{"data":"Strike_G","floor":41.0,"key":"PURGE"},{"data":"Neutralize","floor":44.0,"key":"SMITH"},{"floor":49.0,"key":"DIG"}],"neow_cost":"NONE","seed_source_timestamp":828512892279600,"circlet_count":0,"master_deck":["Defend_G","Defend_G","Defend_G","Survivor","Neutralize+1","Doppelganger+1","Die Die Die+1","Venomology+1","Backstab+1","Dagger Spray","Leg Sweep","Poisoned Stab","Dodge and Roll","PiercingWail","Footwork+1","Skewer+1","Night Terror+1","Backflip","Adrenaline+1","Escape Plan","Acrobatics+1","Bullet Time","Corpse Explosion","Escape Plan","Backflip+1","Master of Strategy","After Image"],"special_seed":0,"relics":["Astrolabe","Vajra","Strawberry","Oddly Smooth Stone","Anchor","Paper Crane","Runic Dome","Membership Card","Orichalcum","WarpedTongs","Question Card","Letter Opener","MawBank","Peace Pipe","Busted Crown","Happy Flower","Lantern","OrangePellets","Ornamental Fan","Ancient Tea Set","Tingsha","Shovel","Pear"],"potions_floor_usage":[50,50],"damage_taken":[{"damage":0.0,"enemies":"Cultist","floor":1.0,"turns":4.0},{"damage":0.0,"enemies":"Jaw Worm","floor":2.0,"turns":2.0},{"damage":0.0,"enemies":"2 Louse","floor":4.0,"turns":1.0},{"damage":14.0,"enemies":"Gremlin Nob","floor":6.0,"turns":5.0},{"damage":2.0,"enemies":"3 Sentries","floor":8.0,"turns":4.0},{"damage":4.0,"enemies":"Lagavulin","floor":11.0,"turns":4.0},{"damage":0.0,"enemies":"Looter","floor":12.0,"turns":3.0},{"damage":0.0,"enemies":"Lots of Slimes","floor":14.0,"turns":1.0},{"damage":7.0,"enemies":"Slime Boss","floor":16.0,"turns":9.0},{"damage":0.0,"enemies":"Spheric Guardian","floor":18.0,"turns":4.0},{"damage":0.0,"enemies":"Chosen","floor":19.0,"turns":2.0},{"damage":0.0,"enemies":"Centurion and Healer","floor":21.0,"turns":5.0},{"damage":5.0,"enemies":"Gremlin Leader","floor":25.0,"turns":5.0},{"damage":0.0,"enemies":"Slavers","floor":28.0,"turns":3.0},{"damage":0.0,"enemies":"Snake Plant","floor":29.0,"turns":4.0},{"damage":0.0,"enemies":"Snecko","floor":30.0,"turns":2.0},{"damage":0.0,"enemies":"Book of Stabbing","floor":31.0,"turns":5.0},{"damage":0.0,"enemies":"Collector","floor":33.0,"turns":7.0},{"damage":0.0,"enemies":"3 Darklings","floor":35.0,"turns":2.0},{"damage":0.0,"enemies":"3 Shapes","floor":38.0,"turns":2.0},{"damage":7.0,"enemies":"Sphere and 2 Shapes","floor":39.0,"turns":4.0},{"damage":0.0,"enemies":"Reptomancer","floor":40.0,"turns":4.0},{"damage":0.0,"enemies":"Transient","floor":42.0,"turns":5.0},{"damage":0.0,"enemies":"Giant Head","floor":46.0,"turns":8.0},{"damage":0.0,"enemies":"Mind Bloom Boss Battle","floor":47.0,"turns":4.0},{"damage":0.0,"enemies":"Spire Growth","floor":48.0,"turns":4.0},{"damage":0,"enemies":"Donu and Deca","floor":50,"turns":6}],"seed_played":"-1479468629256316715","potions_obtained":[{"floor":1.0,"key":"EntropicBrew"},{"floor":4.0,"key":"Regen Potion"},{"floor":16.0,"key":"PowerPotion"},{"floor":19.0,"key":"SkillPotion"},{"floor":25.0,"key":"EssenceOfSteel"},{"floor":33.0,"key":"Regen Potion"},{"floor":38.0,"key":"Weak Potion"},{"floor":40.0,"key":"Fire Potion"},{"floor":46.0,"key":"Regen Potion"}],"is_trial":false,"path_per_floor":["M","M","?","M","$","E","R","E","T","?","E","M","R","M","R","B",null,"M","M","$","M","?","R","?","E","T","$","E","M","M","E","R","B",null,"M","?","$","M","M","E","R","M","T","R","$","E","?","M","R","B",null],"character_chosen":"THE_SILENT","items_purchased":["Leg Sweep","Membership Card","Orichalcum","Happy Flower","Lantern","OrangePellets","Ancient Tea Set","Master of Strategy"],"campfire_rested":0,"item_purchase_floors":[5,20,20,37,37,37,45,45],"current_hp_per_floor":[63,63,63,63,63,58,58,63,63,60,56,56,56,56,56,49,66,66,66,66,66,66,66,66,70,70,70,70,70,70,70,70,70,72,72,72,72,72,65,72,72,72,72,72,72,72,72,72,82,82],"gold":499,"neow_bonus":"BOSS_RELIC","is_prod":false,"is_daily":false,"chose_seed":false,"campfire_upgraded":6,"win_rate":0,"timestamp":1559061549,"path_taken":["M","?","?","M","$","E","R","E","T","?","E","M","R","M","R","BOSS","M","M","$","M","?","R","?","E","T","$","E","M","?","E","R","BOSS","M","?","$","M","M","E","R","M","T","R","$","E","?","M","R","BOSS"],"build_version":"2019-01-23","purchased_purges":4,"victory":true,"max_hp_per_floor":[70,70,65,65,65,65,65,72,72,72,72,72,72,72,72,72,72,72,72,72,72,72,72,72,72,72,72,72,72,72,72,72,72,72,72,72,72,72,72,72,72,72,72,72,72,72,72,72,82,82],"card_choices":[{"not_picked":["Underhanded Strike","Bane"],"picked":"Backstab","floor":1.0},{"not_picked":["Prepared","Blade Dance","Dagger Spray"],"picked":"SKIP","floor":2.0},{"not_picked":["Prepared","Blade Dance"],"picked":"Dagger Spray","floor":2.0},{"not_picked":["Accuracy","Acrobatics","Sucker Punch"],"picked":"SKIP","floor":4.0},{"not_picked":["Accuracy","Bane"],"picked":"Poisoned Stab","floor":6.0},{"not_picked":["Deflect","Cloak And Dagger"],"picked":"Dodge and Roll","floor":8.0},{"not_picked":["Deflect","Flechettes"],"picked":"PiercingWail","floor":11.0},{"not_picked":["Underhanded Strike","PiercingWail"],"picked":"Footwork","floor":12.0},{"not_picked":["Outmaneuver","Heel Hook"],"picked":"Skewer","floor":14.0},{"not_picked":["Burst","Storm of Steel"],"picked":"Night Terror","floor":16.0},{"not_picked":["Flechettes+1","Cloak And Dagger"],"picked":"Backflip","floor":18.0},{"not_picked":["Masterful Stab+1","Sucker Punch","Prepared"],"picked":"SKIP","floor":19.0},{"not_picked":["Accuracy","Eviscerate","Underhanded Strike"],"picked":"SKIP","floor":21.0},{"not_picked":["Dagger Spray","Deadly Poison"],"picked":"Adrenaline","floor":25.0},{"not_picked":["Endless Agony+1","Caltrops","Skewer+1","Backflip"],"picked":"SKIP","floor":28.0},{"not_picked":["Bane","Cloak And Dagger","Underhanded Strike"],"picked":"Escape Plan","floor":29.0},{"not_picked":["Quick Slash","Backstab","Slice"],"picked":"Acrobatics+1","floor":30.0},{"not_picked":["Quick Slash+1","Crippling Poison","Flechettes"],"picked":"Bullet Time","floor":31.0},{"not_picked":["Storm of Steel","Grand Finale","Glass Knife"],"picked":"Corpse Explosion","floor":33.0},{"not_picked":["Caltrops+1"],"picked":"Escape Plan","floor":35.0},{"not_picked":["Underhanded Strike+1","Dagger Throw"],"picked":"SKIP","floor":38.0},{"not_picked":["All Out Attack","Cloak And Dagger+1"],"picked":"SKIP","floor":39.0},{"not_picked":["Deflect+1"],"picked":"Backflip+1","floor":40.0},{"not_picked":["Sucker Punch+1","Underhanded Strike+1"],"picked":"SKIP","floor":42.0},{"not_picked":["Cloak And Dagger"],"picked":"After Image","floor":46.0},{"not_picked":["Backflip","Outmaneuver+1"],"picked":"SKIP","floor":48.0}],"player_experience":886316,"relics_obtained":[{"floor":6.0,"key":"Vajra"},{"floor":8.0,"key":"Strawberry"},{"floor":9.0,"key":"Oddly Smooth Stone"},{"floor":11.0,"key":"Paper Crane"},{"floor":25.0,"key":"Question Card"},{"floor":26.0,"key":"Letter Opener"},{"floor":28.0,"key":"MawBank"},{"floor":31.0,"key":"Peace Pipe"},{"floor":40.0,"key":"Ornamental Fan"},{"floor":46.0,"key":"Tingsha"},{"floor":47.0,"key":"Shovel"},{"floor":49.0,"key":"Pear"}],"event_choices":[{"damage_healed":0.0,"max_hp_gain":0.0,"max_hp_loss":5.0,"gold_gain":0.0,"event_name":"Golden Idol","player_choice":"Lose Max HP","floor":3.0,"gold_loss":0.0,"damage_taken":0.0,"relics_obtained":["Golden Idol"]},{"damage_healed":0.0,"max_hp_gain":0.0,"max_hp_loss":0.0,"gold_gain":0.0,"event_name":"Scrap Ooze","player_choice":"Success","floor":10.0,"gold_loss":0.0,"damage_taken":3.0,"relics_obtained":["Anchor"]},{"damage_healed":0.0,"max_hp_gain":0.0,"max_hp_loss":0.0,"gold_gain":0.0,"event_name":"Vampires","player_choice":"Ignored","floor":22.0,"gold_loss":0.0,"damage_taken":0.0},{"damage_healed":0.0,"max_hp_gain":0.0,"max_hp_loss":0.0,"gold_gain":0.0,"event_name":"Accursed Blacksmith","player_choice":"Rummage","floor":24.0,"gold_loss":0.0,"damage_taken":0.0,"relics_obtained":["WarpedTongs"],"cards_obtained":["Pain"]},{"damage_healed":0.0,"max_hp_gain":0.0,"max_hp_loss":0.0,"gold_gain":333.0,"event_name":"The Moai Head","player_choice":"Gave Idol","floor":36.0,"relics_lost":["Golden Idol"],"gold_loss":0.0,"damage_taken":0.0},{"damage_healed":0.0,"max_hp_gain":0.0,"max_hp_loss":0.0,"gold_gain":0.0,"event_name":"MindBloom","player_choice":"Fight","floor":47.0,"gold_loss":0.0,"damage_taken":0.0}],"is_beta":false,"boss_relics":[{"not_picked":["HoveringKite","Fusion Hammer"],"picked":"Runic Dome"},{"not_picked":["WristBlade","Snecko Eye"],"picked":"Busted Crown"}],"items_purged_floors":[5,20,27,37],"is_endless":false,"potions_floor_spawned":[1,4,16,19,25,33,38,40,46,48],"ascension_level":9}