{"gold_per_floor":[18,36,51,51,51,51,83,83,83,113,113,132,57,89,89,167,167,178,478,493,82,96,121,121,147,172,191,117,136,136,169,169,244,244,260,274,292,214,230,265,265,298,377,377,394,429,442,459,459,459],"floor_reached":51,"playtime":14265,"items_purged":["Defend_R"],"score":1373,"play_id":"bdba8a44-146a-4698-9c28-a4d25181adf9","local_time":"20190603184724","is_ascension_mode":true,"campfire_choices":[{"data":"Bash","floor":6.0,"key":"SMITH"},{"data":"Fiend Fire","floor":8.0,"key":"SMITH"},{"data":"Armaments","floor":11.0,"key":"SMITH"},{"data":"Entrench","floor":15.0,"key":"SMITH"},{"data":"True Grit","floor":32.0,"key":"SMITH"},{"data":"Heavy Blade","floor":41.0,"key":"SMITH"},{"data":"Feel No Pain","floor":49.0,"key":"SMITH"}],"neow_cost":"NO_GOLD","seed_source_timestamp":84548978038160,"circlet_count":0,"master_deck":["AscendersBane","Strike_R+1","Strike_R","Defend_R","Defend_R","Defend_R","Bash+1","Carnage","Entrench+1","Armaments+1","Shrug It Off","True Grit+1","Feel No Pain+1","Fiend Fire+1","Reaper+1","Double Tap","Heavy Blade+1","Corruption","Uppercut+1","Offering","Feel No Pain","Inflame","Feed","Shockwave","Flame Barrier","Spot Weakness","Headbutt","Writhe","Inflame"],"special_seed":0,"relics":["Burning Blood","Mummified Hand","Matryoshka","Boot","Blood Vial","Bronze Scales","FossilizedHelix","Philosopher\u0027s Stone","Old Coin","Bag of Preparation","Bottled Lightning","Pocketwatch","Nilry\u0027s Codex","Whetstone","Ancient Tea Set","Anchor","Potion Belt","Cursed Key","Regal Pillow","Nunchaku","Vajra"],"potions_floor_usage":[50,50],"damage_taken":[{"damage":0.0,"enemies":"2 Louse","floor":1.0,"turns":2.0},{"damage":0.0,"enemies":"Jaw Worm","floor":2.0,"turns":5.0},{"damage":1.0,"enemies":"Cultist","floor":3.0,"turns":6.0},{"damage":21.0,"enemies":"Lagavulin","floor":7.0,"turns":6.0},{"damage":16.0,"enemies":"Gremlin Nob","floor":10.0,"turns":5.0},{"damage":8.0,"enemies":"Looter","floor":12.0,"turns":3.0},{"damage":12.0,"enemies":"Lagavulin","floor":14.0,"turns":7.0},{"damage":53.0,"enemies":"Hexaghost","floor":16.0,"turns":12.0},{"damage":0.0,"enemies":"Chosen","floor":18.0,"turns":5.0},{"damage":8.0,"enemies":"3 Byrds","floor":20.0,"turns":3.0},{"damage":0.0,"enemies":"Sentry and Sphere","floor":22.0,"turns":3.0},{"damage":24.0,"enemies":"Slavers","floor":23.0,"turns":7.0},{"damage":1.0,"enemies":"Book of Stabbing","floor":25.0,"turns":4.0},{"damage":0.0,"enemies":"Cultist and Chosen","floor":27.0,"turns":4.0},{"damage":0.0,"enemies":"Chosen and Byrds","floor":29.0,"turns":3.0},{"damage":9.0,"enemies":"Slavers","floor":31.0,"turns":3.0},{"damage":34.0,"enemies":"Champ","floor":33.0,"turns":9.0},{"damage":0.0,"enemies":"3 Shapes","floor":35.0,"turns":4.0},{"damage":0.0,"enemies":"Orb Walker","floor":36.0,"turns":6.0},{"damage":11.0,"enemies":"4 Shapes","floor":37.0,"turns":5.0},{"damage":0.0,"enemies":"Sphere and 2 Shapes","floor":39.0,"turns":5.0},{"damage":38.0,"enemies":"Nemesis","floor":40.0,"turns":7.0},{"damage":0.0,"enemies":"Giant Head","floor":42.0,"turns":9.0},{"damage":6.0,"enemies":"3 Darklings","floor":45.0,"turns":5.0},{"damage":12.0,"enemies":"Reptomancer","floor":46.0,"turns":6.0},{"damage":8.0,"enemies":"Writhing Mass","floor":47.0,"turns":4.0},{"damage":4.0,"enemies":"Jaw Worm Horde","floor":48.0,"turns":5.0},{"damage":95,"enemies":"Donu and Deca","floor":50,"turns":8}],"seed_played":"5013946652094963204","potions_obtained":[{"floor":2.0,"key":"SteroidPotion"},{"floor":14.0,"key":"SneckoOil"},{"floor":20.0,"key":"Fire Potion"},{"floor":23.0,"key":"Poison Potion"},{"floor":29.0,"key":"AttackPotion"},{"floor":33.0,"key":"BloodPotion"},{"floor":35.0,"key":"Strength Potion"},{"floor":40.0,"key":"SpeedPotion"},{"floor":45.0,"key":"Block Potion"},{"floor":46.0,"key":"SteroidPotion"}],"is_trial":false,"path_per_floor":["M","M","M","?","?","R","E","R","T","E","R","M","$","E","R","B",null,"M","?","M","$","M","E","?","E","T","M","$","M","$","E","R","B",null,"M","M","M","$","M","E","R","E","T","?","M","E","M","M","R","B",null],"character_chosen":"IRONCLAD","items_purchased":["Bag of Preparation","Bottled Lightning","Inflame","Spot Weakness"],"campfire_rested":0,"item_purchase_floors":[21,21,28,38],"current_hp_per_floor":[78,80,80,80,80,80,65,65,65,57,57,62,62,58,58,18,65,73,73,73,73,80,62,46,59,59,79,79,80,80,77,77,78,80,84,87,90,90,93,92,92,93,93,88,88,82,82,89,89,55],"gold":459,"neow_bonus":"TRANSFORM_TWO_CARDS","is_prod":false,"is_daily":false,"chose_seed":false,"campfire_upgraded":7,"win_rate":0,"timestamp":1559567844,"path_taken":["M","M","M","?","?","R","E","R","T","E","R","?","$","E","R","BOSS","M","?","?","?","M","E","?","E","T","M","$","M","$","E","R","BOSS","M","M","M","$","M","E","R","E","T","?","M","E","M","M","R","BOSS"],"build_version":"2019-01-23","purchased_purges":1,"victory":true,"max_hp_per_floor":[80,80,80,80,80,80,80,80,80,80,80,80,80,80,80,80,80,80,80,80,80,80,80,80,80,80,80,80,80,80,80,80,80,80,84,87,90,90,93,93,93,93,93,88,88,88,88,91,91,91],"card_choices":[{"not_picked":["Perfected Strike","Havoc"],"picked":"Armaments","floor":1.0},{"not_picked":["Clash","Twin Strike"],"picked":"Shrug It Off","floor":2.0},{"not_picked":["Armaments","Havoc"],"picked":"True Grit","floor":3.0},{"not_picked":["Metallicize","Heavy Blade"],"picked":"Fiend Fire","floor":7.0},{"not_picked":["Disarm","Double Tap"],"picked":"Reaper","floor":10.0},{"not_picked":["Perfected Strike","Heavy Blade","Dual Wield"],"picked":"SKIP","floor":12.0},{"not_picked":["Havoc","Perfected Strike","Twin Strike"],"picked":"SKIP","floor":14.0},{"not_picked":["Bludgeon","Dark Embrace"],"picked":"Double Tap","floor":16.0},{"not_picked":["Clash","Iron Wave"],"picked":"Heavy Blade","floor":18.0},{"not_picked":["Seeing Red","Sentinel"],"picked":"Corruption","floor":20.0},{"not_picked":["Armaments","Hemokinesis"],"picked":"Uppercut+1","floor":22.0},{"not_picked":["Shrug It Off","Thunderclap"],"picked":"Offering","floor":23.0},{"not_picked":["Anger","Thunderclap"],"picked":"Feel No Pain","floor":25.0},{"not_picked":["Anger","Warcry","Twin Strike+1"],"picked":"SKIP","floor":27.0},{"not_picked":["Heavy Blade","Pommel Strike","Carnage"],"picked":"SKIP","floor":29.0},{"not_picked":["Seeing Red","Blood for Blood","Intimidate"],"picked":"SKIP","floor":31.0},{"not_picked":["Fiend Fire","Exhume"],"picked":"Feed","floor":33.0},{"not_picked":["Iron Wave","Entrench"],"picked":"Shockwave","floor":35.0},{"not_picked":["Twin Strike","Cleave","Sword Boomerang"],"picked":"SKIP","floor":36.0},{"not_picked":["Havoc","Armaments+1"],"picked":"Flame Barrier","floor":37.0},{"not_picked":["Twin Strike+1","Warcry"],"picked":"Headbutt","floor":39.0},{"not_picked":["Pommel Strike","Perfected Strike","Heavy Blade"],"picked":"SKIP","floor":40.0},{"not_picked":["Pommel Strike","Dual Wield","Body Slam+1"],"picked":"SKIP","floor":42.0},{"not_picked":["Power Through+1","Bloodletting","Clothesline"],"picked":"SKIP","floor":45.0},{"not_picked":["Clash+1","True Grit"],"picked":"Inflame","floor":46.0},{"not_picked":["Flex","Thunderclap","Berserk"],"picked":"SKIP","floor":47.0},{"not_picked":["Hemokinesis","Sever Soul","True Grit+1"],"picked":"SKIP","floor":48.0}],"player_experience":1137498,"relics_obtained":[{"floor":7.0,"key":"Matryoshka"},{"floor":9.0,"key":"Boot"},{"floor":9.0,"key":"Blood Vial"},{"floor":10.0,"key":"Bronze Scales"},{"floor":14.0,"key":"FossilizedHelix"},{"floor":19.0,"key":"Old Coin"},{"floor":23.0,"key":"Pocketwatch"},{"floor":24.0,"key":"Nilry\u0027s Codex"},{"floor":25.0,"key":"Whetstone"},{"floor":26.0,"key":"Ancient Tea Set"},{"floor":26.0,"key":"Anchor"},{"floor":31.0,"key":"Potion Belt"},{"floor":40.0,"key":"Regal Pillow"},{"floor":42.0,"key":"Nunchaku"},{"floor":46.0,"key":"Vajra"}],"event_choices":[{"damage_healed":0.0,"max_hp_gain":0.0,"max_hp_loss":0.0,"gold_gain":0.0,"cards_transformed":["Strike_R"],"event_name":"Living Wall","player_choice":"Change","floor":4.0,"gold_loss":0.0,"damage_taken":0.0,"cards_obtained":["Feel No Pain"]},{"damage_healed":0.0,"max_hp_gain":0.0,"max_hp_loss":0.0,"gold_gain":0.0,"event_name":"WeMeetAgain","player_choice":"Gave Potion","floor":5.0,"gold_loss":0.0,"damage_taken":0.0,"relics_obtained":["Mummified Hand"]},{"damage_healed":0.0,"max_hp_gain":0.0,"max_hp_loss":0.0,"gold_gain":0.0,"event_name":"Wheel of Change","player_choice":"Relic","floor":19.0,"gold_loss":0.0,"damage_taken":0.0},{"damage_healed":0.0,"max_hp_gain":0.0,"max_hp_loss":0.0,"gold_gain":0.0,"event_name":"Cursed Tome","player_choice":"Obtained Book","floor":24.0,"gold_loss":0.0,"damage_taken":16.0},{"damage_healed":0.0,"max_hp_gain":0.0,"max_hp_loss":5.0,"gold_gain":0.0,"event_name":"Winding Halls","player_choice":"Max HP","floor":44.0,"gold_loss":0.0,"damage_taken":0.0}],"is_beta":false,"boss_relics":[{"not_picked":["Eternal Feather","Pandora\u0027s Box"],"picked":"Philosopher\u0027s Stone"},{"not_picked":["Runic Cube","Empty Cage"],"picked":"Cursed Key"}],"items_purged_floors":[13],"is_endless":false,"potions_floor_spawned":[2,14,20,23,29,33,35,40,45,46],"ascension_level":13}