{"gold_per_floor":[117,131,143,163,163,163,198,198,279,295,1,1,12,38,38,134,134,148,148,168,12,32,32,32],"floor_reached":24,"playtime":1767,"items_purged":["Strike_B"],"score":250,"play_id":"3a42a93e-e43e-45e8-abd6-bfe5beb7408f","local_time":"20190323194126","is_ascension_mode":true,"campfire_choices":[{"floor":6,"key":"REST"},{"floor":8,"key":"REST"},{"data":"Creative AI","floor":12,"key":"SMITH"},{"floor":15,"key":"REST"},{"floor":23,"key":"REST"}],"neow_cost":"NONE","seed_source_timestamp":167550491019205,"circlet_count":0,"master_deck":["Strike_B","Strike_B","Strike_B","Defend_B","Defend_B","Defend_B+1","Defend_B","Zap","Dualcast","Creative AI+1","Cold Snap","Skim","Conserve Battery","Defragment+1","Fusion","Turbo","Turbo","Ball Lightning","Meteor Strike","Defragment","Echo Form","Self Repair","Undo","Storm","Leap+1"],"relics":["Cracked Core","Peace Pipe","Darkstone Periapt","Lee\u0027s Waffle","Regal Pillow","Runic Pyramid","PreservedInsect"],"potions_floor_usage":[7,16,16,22],"damage_taken":[{"damage":0,"enemies":"Small Slimes","floor":1,"turns":3},{"damage":2,"enemies":"Jaw Worm","floor":2,"turns":6},{"damage":6,"enemies":"2 Louse","floor":3,"turns":2},{"damage":12,"enemies":"Exordium Wildlife","floor":4,"turns":3},{"damage":25,"enemies":"Gremlin Nob","floor":7,"turns":4},{"damage":4,"enemies":"2 Fungi Beasts","floor":10,"turns":5},{"damage":0,"enemies":"Large Slime","floor":13,"turns":4},{"damage":27,"enemies":"3 Sentries","floor":14,"turns":6},{"damage":34,"enemies":"The Guardian","floor":16,"turns":11},{"damage":12,"enemies":"Chosen","floor":18,"turns":4},{"damage":32,"enemies":"Spheric Guardian","floor":20,"turns":7},{"damage":15,"enemies":"Shelled Parasite and Fungi","floor":22,"turns":5},{"damage":67,"enemies":"3 Cultists","floor":24,"turns":5}],"seed_played":"-175295046936513874","potions_obtained":[{"floor":3,"key":"Fire Potion"},{"floor":7,"key":"Weak Potion"},{"floor":10,"key":"Dexterity Potion"},{"floor":14,"key":"SkillPotion"},{"floor":16,"key":"GamblersBrew"},{"floor":18,"key":"Ancient Potion"}],"is_trial":false,"path_per_floor":["?","?"],"character_chosen":"DEFECT","items_purchased":["Turbo","Lee\u0027s Waffle","Ball Lightning","Storm"],"campfire_rested":4,"item_purchase_floors":[11,11,11,21],"current_hp_per_floor":[75,73,67,55,40,62,37,59,59,55,82,82,82,55,82,48,82,70,70,52,52,44,82,15],"gold":32,"neow_bonus":"ONE_RANDOM_RARE_CARD","is_prod":false,"is_daily":false,"chose_seed":false,"campfire_upgraded":1,"win_rate":0,"timestamp":1553384486,"path_taken":["M","M","M","M","?","R","E","R","T","M","$","R","M","E","R","BOSS","M","?","M","$","M","R","M"],"build_version":"2019-01-23","purchased_purges":1,"victory":false,"max_hp_per_floor":[75,75,75,75,75,75,75,75,75,75,82,82,82,82,82,82,82,82,82,82,82,82,82,82],"card_choices":[{"not_picked":["Loop","Scrape"],"picked":"Cold Snap","floor":1},{"not_picked":["Rebound","Recycle"],"picked":"Skim","floor":2},{"not_picked":["Ball Lightning","Hologram"],"picked":"Conserve Battery","floor":3},{"not_picked":["Heatsinks","Fusion"],"picked":"Defragment","floor":4},{"not_picked":["Steam","Ball Lightning"],"picked":"Fusion","floor":7},{"not_picked":["Cold Snap","Hologram"],"picked":"Turbo","floor":10},{"not_picked":["Capacitor","Turbo"],"picked":"Meteor Strike","floor":13},{"not_picked":["Fusion","Hello World"],"picked":"Defragment","floor":14},{"not_picked":["All For One","Thunder Strike"],"picked":"Echo Form","floor":16},{"not_picked":["Beam Cell","Leap"],"picked":"Self Repair","floor":18},{"not_picked":["Loop","Steam Power"],"picked":"Undo","floor":20},{"not_picked":["Sunder","Ball Lightning"],"picked":"Leap+1","floor":22}],"player_experience":318758,"relics_obtained":[{"floor":7,"key":"Peace Pipe"},{"floor":9,"key":"Darkstone Periapt"},{"floor":14,"key":"Regal Pillow"}],"event_choices":[{"damage_healed":0,"gold_gain":0,"player_choice":"Entered Light","damage_taken":15,"max_hp_gain":0,"max_hp_loss":0,"event_name":"Shining Light","floor":5,"gold_loss":0,"cards_upgraded":["Defragment","Defend_B"]},{"damage_healed":0,"gold_gain":0,"player_choice":"Opened","damage_taken":0,"relics_obtained":["PreservedInsect"],"max_hp_gain":0,"max_hp_loss":0,"event_name":"The Mausoleum","floor":19,"gold_loss":0}],"is_beta":false,"boss_relics":[{"not_picked":["White Beast Statue","Ectoplasm"],"picked":"Runic Pyramid"}],"items_purged_floors":[21],"is_endless":false,"potions_floor_spawned":[3,7,10,14,16,18],"killed_by":"3 Cultists","ascension_level":4}