{"gold_per_floor":[109,5,15,190,209,239,239,239,239,239,274,274,307,317,317,390,690,703,350,350,367,378,411,430,461,461,493,506,518,518,535,535,608,608,625,638,654,654],"floor_reached":38,"playtime":5451,"items_purged":["Decay"],"score":1038,"play_id":"d14514da-2db4-47c4-829f-5e848293f57a","local_time":"20190603223354","is_ascension_mode":true,"campfire_choices":[{"data":"Defragment","floor":7.0,"key":"SMITH"},{"data":"Dualcast","floor":12.0,"key":"SMITH"},{"data":"Fission","floor":15.0,"key":"SMITH"},{"data":"Defragment","floor":32.0,"key":"SMITH"}],"neow_cost":"CURSE","seed_source_timestamp":112861817788016,"circlet_count":0,"master_deck":["AscendersBane","Strike_B","Strike_B","Strike_B","Strike_B","Defend_B","Defend_B","Defend_B","Defend_B+1","Zap+1","Dualcast+1","Chill","Defragment+1","Ball Lightning","FTL","Doubt","Cold Snap","Coolheaded","Defragment+1","Fission+1","Seek","Injury","Clumsy","Injury","Go for the Eyes+1","Defragment","Ghostly","Ghostly","Ghostly+1","Ghostly","Ghostly","Darkness+1","Cold Snap","Hologram+1","Hologram+1","Creative AI","Core Surge","Defragment+1"],"special_seed":0,"relics":["Cracked Core","Emotion Chip","Bottled Tornado","Boot","Symbiotic Virus","Pantograph","Art of War","Calling Bell","PreservedInsect","Kunai","Old Coin","ClockworkSouvenir","Toxic Egg 2","Ice Cream","Bag of Preparation","War Paint","Inserter"],"potions_floor_usage":[],"damage_taken":[{"damage":2.0,"enemies":"Small Slimes","floor":1.0,"turns":3.0},{"damage":7.0,"enemies":"Jaw Worm","floor":3.0,"turns":3.0},{"damage":11.0,"enemies":"2 Louse","floor":5.0,"turns":2.0},{"damage":13.0,"enemies":"Lagavulin","floor":6.0,"turns":6.0},{"damage":14.0,"enemies":"Gremlin Nob","floor":11.0,"turns":3.0},{"damage":0.0,"enemies":"3 Sentries","floor":13.0,"turns":3.0},{"damage":1.0,"enemies":"Exordium Thugs","floor":14.0,"turns":3.0},{"damage":8.0,"enemies":"Hexaghost","floor":16.0,"turns":9.0},{"damage":3.0,"enemies":"Shell Parasite","floor":18.0,"turns":7.0},{"damage":0.0,"enemies":"Spheric Guardian","floor":21.0,"turns":4.0},{"damage":9.0,"enemies":"Snake Plant","floor":22.0,"turns":5.0},{"damage":13.0,"enemies":"Book of Stabbing","floor":23.0,"turns":7.0},{"damage":0.0,"enemies":"Shelled Parasite and Fungi","floor":24.0,"turns":7.0},{"damage":0.0,"enemies":"Gremlin Leader","floor":25.0,"turns":10.0},{"damage":1.0,"enemies":"Book of Stabbing","floor":27.0,"turns":4.0},{"damage":3.0,"enemies":"Sentry and Sphere","floor":28.0,"turns":6.0},{"damage":0.0,"enemies":"Centurion and Healer","floor":29.0,"turns":7.0},{"damage":0.0,"enemies":"Snecko","floor":31.0,"turns":6.0},{"damage":25.0,"enemies":"Automaton","floor":33.0,"turns":15.0},{"damage":0.0,"enemies":"Orb Walker","floor":35.0,"turns":4.0},{"damage":0.0,"enemies":"3 Shapes","floor":36.0,"turns":8.0},{"damage":23.0,"enemies":"Transient","floor":37.0,"turns":5.0},{"damage":14,"enemies":"Jaw Worm Horde","floor":38,"turns":4}],"seed_played":"795751713175215291","potions_obtained":[{"floor":1.0,"key":"SteroidPotion"},{"floor":6.0,"key":"Fire Potion"},{"floor":14.0,"key":"FearPotion"},{"floor":16.0,"key":"Ancient Potion"},{"floor":25.0,"key":"Fire Potion"},{"floor":27.0,"key":"GamblersBrew"},{"floor":28.0,"key":"FearPotion"},{"floor":31.0,"key":"SkillPotion"},{"floor":33.0,"key":"FearPotion"}],"is_trial":false,"path_per_floor":["M","$","M","?","M","E","R","?","T","?","E","R","E","M","R","B",null,"M","$","?","M","M","E","M","E","T","E","M","M","?","M","R","B",null,"M","M","M","M"],"character_chosen":"DEFECT","items_purchased":["Defragment","Ball Lightning","Defragment","ClockworkSouvenir"],"campfire_rested":0,"item_purchase_floors":[2,2,19,19],"current_hp_per_floor":[66,66,59,59,48,35,35,23,23,23,9,9,9,8,8,25,63,60,60,37,37,28,15,15,15,15,14,11,11,11,11,11,11,31,31,31,8,0],"gold":654,"neow_bonus":"ONE_RARE_RELIC","is_prod":false,"is_daily":false,"chose_seed":false,"campfire_upgraded":4,"win_rate":0,"timestamp":1559581434,"path_taken":["M","$","M","?","M","E","R","?","T","?","E","R","E","M","R","BOSS","M","$","?","M","M","E","M","E","T","E","M","M","?","?","R","BOSS","M","M","?","?"],"build_version":"2019-01-23","purchased_purges":1,"victory":false,"max_hp_per_floor":[75,75,75,75,75,75,75,75,75,75,75,75,75,75,75,75,75,75,75,37,37,37,37,37,37,37,37,37,37,37,37,37,37,37,37,37,37,37],"card_choices":[{"not_picked":["Force Field","Redo"],"picked":"Chill","floor":1.0},{"not_picked":["Fusion","Recycle"],"picked":"FTL","floor":3.0},{"not_picked":["Gash","Auto Shields"],"picked":"Cold Snap","floor":5.0},{"not_picked":["Sweeping Beam","Rip and Tear","Rebound"],"picked":"SKIP","floor":6.0},{"not_picked":["Conserve Battery","Hologram"],"picked":"Coolheaded","floor":11.0},{"not_picked":["FTL","Compile Driver"],"picked":"Defragment","floor":13.0},{"not_picked":["Sunder","Coolheaded"],"picked":"Fission","floor":14.0},{"not_picked":["Multi-Cast","Machine Learning"],"picked":"Seek","floor":16.0},{"not_picked":["Turbo","Steam"],"picked":"Go for the Eyes+1","floor":18.0},{"not_picked":["Compile Driver","Aggregate","Streamline"],"picked":"SKIP","floor":21.0},{"not_picked":["FTL","Steam","Rebound"],"picked":"SKIP","floor":22.0},{"not_picked":["Tempest","Chaos","Melter"],"picked":"SKIP","floor":23.0},{"not_picked":["Streamline","Chaos+1","Fusion+1"],"picked":"SKIP","floor":24.0},{"not_picked":["Streamline","Redo+1"],"picked":"Darkness+1","floor":25.0},{"not_picked":["Barrage","Thunder Strike","Cold Snap"],"picked":"SKIP","floor":27.0},{"not_picked":["Barrage","Thunder Strike"],"picked":"Cold Snap","floor":27.0},{"not_picked":["Redo+1","Conserve Battery+1"],"picked":"Hologram+1","floor":28.0},{"not_picked":["Gash","Chaos+1"],"picked":"Hologram+1","floor":29.0},{"not_picked":["Genetic Algorithm+1","Auto Shields+1","Lockon"],"picked":"SKIP","floor":31.0},{"not_picked":["Reboot+1","Fission+1"],"picked":"Core Surge","floor":33.0},{"not_picked":["Hologram+1","Gash","Reprogram+1"],"picked":"SKIP","floor":35.0},{"not_picked":["Redo+1","Gash","Leap+1"],"picked":"SKIP","floor":36.0},{"not_picked":["Turbo+1","Double Energy+1"],"picked":"Defragment+1","floor":37.0}],"player_experience":1157633,"relics_obtained":[{"floor":6.0,"key":"Bottled Tornado"},{"floor":9.0,"key":"Symbiotic Virus"},{"floor":11.0,"key":"Pantograph"},{"floor":13.0,"key":"Art of War"},{"floor":17.0,"key":"PreservedInsect"},{"floor":17.0,"key":"Kunai"},{"floor":17.0,"key":"Old Coin"},{"floor":23.0,"key":"Toxic Egg 2"},{"floor":25.0,"key":"Ice Cream"},{"floor":26.0,"key":"Bag of Preparation"},{"floor":27.0,"key":"War Paint"}],"event_choices":[{"damage_healed":0.0,"max_hp_gain":0.0,"max_hp_loss":0.0,"gold_gain":175.0,"event_name":"Liars Game","player_choice":"AGREE","floor":4.0,"gold_loss":0.0,"damage_taken":0.0,"cards_obtained":["Doubt"]},{"damage_healed":0.0,"max_hp_gain":0.0,"max_hp_loss":0.0,"gold_gain":0.0,"event_name":"Scrap Ooze","player_choice":"Success","floor":8.0,"gold_loss":0.0,"damage_taken":12.0,"relics_obtained":["Boot"]},{"damage_healed":0.0,"max_hp_gain":0.0,"max_hp_loss":0.0,"gold_gain":0.0,"event_name":"Upgrade Shrine","player_choice":"Upgraded","floor":10.0,"gold_loss":0.0,"damage_taken":0.0,"cards_upgraded":["Zap"]},{"damage_healed":0.0,"max_hp_gain":0.0,"max_hp_loss":38.0,"gold_gain":0.0,"event_name":"Ghosts","player_choice":"Became a Ghost","floor":20.0,"gold_loss":0.0,"damage_taken":0.0,"cards_obtained":["Ghostly","Ghostly","Ghostly","Ghostly","Ghostly"]},{"damage_healed":0.0,"max_hp_gain":0.0,"max_hp_loss":0.0,"gold_gain":0.0,"event_name":"The Library","player_choice":"Read","floor":30.0,"gold_loss":0.0,"damage_taken":0.0,"cards_obtained":["Creative AI"]}],"is_beta":false,"boss_relics":[{"not_picked":["Empty Cage","White Beast Statue"],"picked":"Calling Bell"},{"not_picked":["Fusion Hammer","Orrery"],"picked":"Inserter"}],"items_purged_floors":[19],"is_endless":false,"potions_floor_spawned":[1,6,11,14,16,25,27,28,31,33,35,36],"killed_by":"Jaw Worm Horde","ascension_level":13}