{"gold_per_floor":[112,129,142,142,157,157,10,39,39,39,51,64,82,96,96,196,196,215,235,235,235,248,248,265,280,280,280],"floor_reached":27,"playtime":1008,"items_purged":["Strike_R"],"score":332,"play_id":"8e870f1e-e037-4c07-9bb5-c28e232c2ced","local_time":"20190403144737","is_ascension_mode":true,"campfire_choices":[{"data":"True Grit","floor":6.0,"key":"SMITH"},{"data":"Disarm","floor":10.0,"key":"SMITH"},{"data":"Spot Weakness","floor":15.0,"key":"SMITH"},{"floor":23,"key":"REST"}],"neow_cost":"NONE","seed_source_timestamp":0,"circlet_count":0,"master_deck":["AscendersBane","Strike_R","Defend_R","Defend_R","Defend_R","Bash","Bludgeon+1","Battle Trance","True Grit+1","Disarm+1","Bloodletting","Spot Weakness+1","Cleave","Ghostly Armor","Warcry","Shockwave","Offering","Rage+1","Body Slam+1","Shrug It Off+1","Heavy Blade+1","Sword Boomerang","Feed","Anger","Armaments"],"special_seed":0,"relics":["Burning Blood","The Courier","Astrolabe","Bottled Flame"],"potions_floor_usage":[],"damage_taken":[{"damage":21.0,"enemies":"Small Slimes","floor":1.0,"turns":4.0},{"damage":10.0,"enemies":"Cultist","floor":2.0,"turns":4.0},{"damage":2.0,"enemies":"Jaw Worm","floor":3.0,"turns":3.0},{"damage":18.0,"enemies":"Exordium Wildlife","floor":5.0,"turns":4.0},{"damage":27.0,"enemies":"Gremlin Nob","floor":8.0,"turns":4.0},{"damage":5.0,"enemies":"Looter","floor":11.0,"turns":2.0},{"damage":0.0,"enemies":"Large Slime","floor":12.0,"turns":5.0},{"damage":9.0,"enemies":"3 Louse","floor":13.0,"turns":4.0},{"damage":8.0,"enemies":"Red Slaver","floor":14.0,"turns":3.0},{"damage":41.0,"enemies":"Slime Boss","floor":16.0,"turns":10.0},{"damage":9.0,"enemies":"Shell Parasite","floor":18.0,"turns":9.0},{"damage":16.0,"enemies":"Spheric Guardian","floor":19.0,"turns":5.0},{"damage":23,"enemies":"3 Cultists","floor":22,"turns":6},{"damage":30,"enemies":"Sentry and Sphere","floor":24,"turns":7},{"damage":8,"enemies":"Snecko","floor":25,"turns":3},{"damage":23,"enemies":"Snake Plant","floor":27,"turns":4}],"seed_played":"-2879127211999223105","potions_obtained":[{"floor":5.0,"key":"PowerPotion"},{"floor":8.0,"key":"FairyPotion"},{"floor":11.0,"key":"BloodPotion"},{"floor":18.0,"key":"SteroidPotion"},{"floor":22,"key":"Ancient Potion"}],"is_trial":false,"path_per_floor":["M","M","M","?","M","R","$","E","T","R","M","M","M","M","R","B",null,"M","M","?","?","M","R","M","M","T","M"],"character_chosen":"IRONCLAD","items_purchased":["Spot Weakness"],"campfire_rested":1,"item_purchase_floors":[7],"current_hp_per_floor":[57,53,57,57,45,45,45,24,24,24,25,31,28,26,26,14,64,61,51,36,36,22,48,24,22,22,0],"gold":280,"neow_bonus":"ONE_RANDOM_RARE_CARD","is_prod":false,"is_daily":false,"chose_seed":false,"campfire_upgraded":3,"win_rate":0,"timestamp":1554270457,"path_taken":["M","M","M","?","M","R","$","E","T","R","M","M","M","M","R","BOSS","M","M","?","?","M","R","M","M","T","M"],"build_version":"2019-01-23","purchased_purges":1,"victory":false,"max_hp_per_floor":[80,80,80,80,80,80,80,80,80,80,80,80,80,80,80,80,80,80,80,85,85,88,88,88,88,88,88],"card_choices":[{"not_picked":["Pommel Strike","Anger"],"picked":"Battle Trance","floor":1.0},{"not_picked":["Dropkick","Combust"],"picked":"True Grit","floor":2.0},{"not_picked":["Feel No Pain","Clothesline"],"picked":"Disarm","floor":3.0},{"not_picked":["Pommel Strike","Wild Strike"],"picked":"Bloodletting","floor":5.0},{"not_picked":["Rupture","Pommel Strike"],"picked":"Cleave","floor":8.0},{"not_picked":["Second Wind","Cleave"],"picked":"Ghostly Armor","floor":11.0},{"not_picked":["Feed","Dual Wield"],"picked":"Warcry","floor":12.0},{"not_picked":["Spot Weakness","Thunderclap","Cleave"],"picked":"SKIP","floor":13.0},{"not_picked":["Body Slam","Power Through"],"picked":"Shockwave","floor":14.0},{"not_picked":["Impervious","Bludgeon"],"picked":"Offering","floor":16.0},{"not_picked":["Armaments+1","Thunderclap+1"],"picked":"Shrug It Off+1","floor":18.0},{"not_picked":["Dropkick","Havoc"],"picked":"Heavy Blade+1","floor":19.0},{"not_picked":["Havoc","True Grit","Corruption"],"picked":"SKIP","floor":22},{"not_picked":["Fire Breathing","True Grit+1"],"picked":"Anger","floor":24},{"not_picked":["Corruption","Battle Trance"],"picked":"Armaments","floor":25}],"player_experience":406362,"relics_obtained":[{"floor":8.0,"key":"The Courier"},{"floor":26,"key":"Bottled Flame"}],"event_choices":[{"damage_healed":0.0,"max_hp_gain":0.0,"max_hp_loss":0.0,"gold_gain":0.0,"event_name":"Accursed Blacksmith","player_choice":"Forge","floor":4.0,"gold_loss":0.0,"damage_taken":0.0,"cards_upgraded":["Bludgeon"]},{"damage_healed":0.0,"max_hp_gain":5.0,"max_hp_loss":0.0,"gold_gain":0.0,"event_name":"Forgotten Altar","player_choice":"Shed Blood","floor":20.0,"gold_loss":0.0,"damage_taken":20.0},{"damage_healed":0,"gold_gain":0,"cards_transformed":["Strike_R","Sever Soul"],"player_choice":"Became Test Subject","damage_taken":0,"max_hp_gain":0,"max_hp_loss":0,"event_name":"Drug Dealer","floor":21,"gold_loss":0,"cards_obtained":["Sword Boomerang","Feed"]}],"is_beta":false,"boss_relics":[{"not_picked":["Philosopher\u0027s Stone","Black Star"],"picked":"Astrolabe"}],"items_purged_floors":[7],"is_endless":false,"potions_floor_spawned":[5,8,11,14,18,22],"killed_by":"Snake Plant","ascension_level":10}