{"gold_per_floor":[112,287,302,38,53,53,87,97,97,154,225,225,236,253,253,356,356,375,375,89,108,123,123,139,139,163,179,179,179,197,25,25,121,121,133,133,133,152,152,152,177,188,188,188],"floor_reached":44,"playtime":3239,"items_purged":["Doubt","Doubt"],"score":515,"play_id":"01f12041-264c-4db2-8087-b7b2bc71c3a6","local_time":"20190421214422","is_ascension_mode":false,"campfire_choices":[{"data":"The Bomb","floor":6,"key":"SMITH"},{"floor":15,"key":"REST"},{"floor":23,"key":"REST"},{"floor":25,"key":"REST"},{"data":"Seek","floor":28,"key":"SMITH"},{"floor":32,"key":"REST"},{"floor":40,"key":"REST"}],"neow_cost":"NONE","seed_source_timestamp":263050333085871,"circlet_count":0,"master_deck":["Defend_B","Defend_B","Defend_B","Defend_B","Zap","Dualcast","Streamline","Gash","Steam Power","The Bomb+1","Coolheaded","Cold Snap","Chaos","Seek+1","Zap","Turbo","Seek","Undo","Bite","Bite","Bite","Bite","Bite","Capacitor","Cold Snap","Turbo","Conserve Battery","Consume","Gash","Gash+1","Conserve Battery+1","Fusion","Meteor Strike","Apotheosis","Gash+1","Injury"],"relics":["Cracked Core","Letter Opener","Ornamental Fan","Singing Bowl","Cursed Key","Dream Catcher","Ancient Tea Set","Fusion Hammer","Blue Candle","Meat on the Bone"],"potions_floor_usage":[7,22,33,33,33,38],"damage_taken":[{"damage":0,"enemies":"2 Louse","floor":1,"turns":3},{"damage":0,"enemies":"Small Slimes","floor":3,"turns":3},{"damage":6,"enemies":"Jaw Worm","floor":5,"turns":3},{"damage":6,"enemies":"Gremlin Nob","floor":7,"turns":3},{"damage":0,"enemies":"2 Fungi Beasts","floor":8,"turns":2},{"damage":20,"enemies":"3 Sentries","floor":10,"turns":4},{"damage":29,"enemies":"Exordium Thugs","floor":13,"turns":3},{"damage":4,"enemies":"3 Louse","floor":14,"turns":3},{"damage":9,"enemies":"Slime Boss","floor":16,"turns":5},{"damage":0,"enemies":"Spheric Guardian","floor":18,"turns":3},{"damage":4,"enemies":"Chosen","floor":21,"turns":4},{"damage":30,"enemies":"Shelled Parasite and Fungi","floor":22,"turns":5},{"damage":15,"enemies":"Snake Plant","floor":24,"turns":3},{"damage":14,"enemies":"Snecko","floor":27,"turns":6},{"damage":9,"enemies":"3 Cultists","floor":30,"turns":3},{"damage":57,"enemies":"Champ","floor":33,"turns":12},{"damage":8,"enemies":"3 Darklings","floor":35,"turns":6},{"damage":29,"enemies":"Orb Walker","floor":38,"turns":4},{"damage":58,"enemies":"Reptomancer","floor":41,"turns":7},{"damage":30,"enemies":"Transient","floor":42,"turns":5},{"damage":0,"enemies":"Spire Growth","floor":44,"turns":2}],"seed_played":"-7674087778493155930","potions_obtained":[{"floor":5,"key":"Block Potion"},{"floor":8,"key":"FocusPotion"},{"floor":13,"key":"Weak Potion"},{"floor":16,"key":"PowerPotion"},{"floor":22,"key":"Poison Potion"},{"floor":33,"key":"AttackPotion"},{"floor":35,"key":"FocusPotion"}],"is_trial":false,"path_per_floor":["?","?","?","?","M","?","?","M","?","?","?","M"],"character_chosen":"DEFECT","items_purchased":["The Bomb","Dream Catcher","Capacitor","Cold Snap","Turbo","Fusion"],"campfire_rested":5,"item_purchase_floors":[4,20,20,20,20,31],"current_hp_per_floor":[75,75,75,75,69,69,63,63,63,43,43,43,16,12,35,26,77,77,53,53,53,29,45,38,56,56,49,49,40,37,37,57,13,64,64,61,61,41,41,63,25,7,7,11],"gold":188,"neow_bonus":"TRANSFORM_CARD","is_prod":false,"is_daily":false,"chose_seed":false,"campfire_upgraded":2,"win_rate":0,"timestamp":1555897462,"path_taken":["M","?","M","$","M","R","E","M","T","?","?","?","?","M","R","BOSS","M","?","$","M","M","R","M","R","T","M","R","?","?","$","R","BOSS","M","?","?","M","?","R","E","M","T","?"],"build_version":"2019-01-23","purchased_purges":2,"victory":false,"max_hp_per_floor":[75,75,75,75,75,75,75,75,75,75,75,75,77,77,77,77,77,77,53,53,55,55,55,55,57,57,57,57,62,62,62,64,64,64,66,68,65,67,67,69,69,71,71,71],"card_choices":[{"not_picked":["Cold Snap","Beam Cell"],"picked":"Gash","floor":1},{"not_picked":["Beam Cell","Leap"],"picked":"Steam Power","floor":3},{"not_picked":["Barrage","Steam","Sweeping Beam"],"picked":"SKIP","floor":5},{"not_picked":["FTL","Go for the Eyes"],"picked":"Coolheaded","floor":7},{"not_picked":["Darkness","Go for the Eyes"],"picked":"Cold Snap","floor":8},{"not_picked":["Conserve Battery","Go for the Eyes"],"picked":"Chaos","floor":10},{"not_picked":["Stack","Skim","Beam Cell"],"picked":"Singing Bowl","floor":13},{"not_picked":["Beam Cell","Cold Snap"],"picked":"Turbo","floor":14},{"not_picked":["Biased Cognition","Amplify"],"picked":"Seek","floor":16},{"not_picked":["Reprogram+1","Reinforced Body"],"picked":"Undo","floor":18},{"not_picked":["Compile Driver","Conserve Battery","BootSequence+1"],"picked":"Singing Bowl","floor":21},{"not_picked":["Genetic Algorithm","Stack"],"picked":"Conserve Battery","floor":22},{"not_picked":["FTL","Compile Driver+1"],"picked":"Consume","floor":23},{"not_picked":["Ball Lightning+1","Tempest"],"picked":"Gash","floor":24},{"not_picked":["Sunder","Scrape+1","Go for the Eyes"],"picked":"Singing Bowl","floor":25},{"not_picked":["Conserve Battery+1","Compile Driver"],"picked":"Gash+1","floor":27},{"not_picked":["Aggregate","Scrape"],"picked":"Conserve Battery+1","floor":30},{"not_picked":["Redo","Tempest","Rebound"],"picked":"Singing Bowl","floor":32},{"not_picked":["Electrodynamics","Machine Learning"],"picked":"Meteor Strike","floor":33},{"not_picked":["Undo","Stack+1","Loop"],"picked":"Singing Bowl","floor":35},{"not_picked":["Blind","Deep Breath","Flash of Steel"],"picked":"Singing Bowl","floor":36},{"not_picked":["Discovery","Swift Strike"],"picked":"Apotheosis","floor":36},{"not_picked":["Compile Driver+1","BootSequence+1","Conserve Battery+1"],"picked":"Singing Bowl","floor":38},{"not_picked":["Sweeping Beam+1","Beam Cell+1","Cold Snap"],"picked":"Singing Bowl","floor":40},{"not_picked":["Steam+1","Sweeping Beam+1"],"picked":"Gash+1","floor":41},{"not_picked":["Reinforced Body+1","Cold Snap+1","Aggregate"],"picked":"Singing Bowl","floor":42}],"player_experience":400730,"relics_obtained":[{"floor":7,"key":"Letter Opener"},{"floor":9,"key":"Ornamental Fan"},{"floor":10,"key":"Singing Bowl"},{"floor":26,"key":"Ancient Tea Set"},{"floor":41,"key":"Blue Candle"},{"floor":43,"key":"Meat on the Bone"}],"event_choices":[{"damage_healed":0,"gold_gain":175,"player_choice":"AGREE","damage_taken":0,"max_hp_gain":0,"max_hp_loss":0,"event_name":"Liars Game","floor":2,"gold_loss":0,"cards_obtained":["Doubt"]},{"damage_healed":0,"gold_gain":30,"player_choice":"Searched \u00273\u0027 times","damage_taken":0,"max_hp_gain":0,"max_hp_loss":0,"event_name":"Dead Adventurer","floor":10,"gold_loss":0},{"damage_healed":0,"gold_gain":71,"player_choice":"Gained Gold","damage_taken":0,"max_hp_gain":0,"max_hp_loss":0,"event_name":"Golden Wing","floor":11,"gold_loss":0},{"damage_healed":0,"gold_gain":0,"player_choice":"2 cards matched","damage_taken":0,"max_hp_gain":0,"max_hp_loss":0,"event_name":"Match and Keep!","floor":12,"gold_loss":0,"cards_obtained":["Seek","Zap"]},{"damage_healed":0,"gold_gain":0,"player_choice":"Became a vampire","damage_taken":0,"max_hp_gain":0,"max_hp_loss":24,"event_name":"Vampires","floor":19,"gold_loss":0,"cards_obtained":["Bite","Bite","Bite","Bite","Bite"]},{"damage_healed":0,"gold_gain":0,"player_choice":"Shed Blood","damage_taken":14,"max_hp_gain":5,"max_hp_loss":0,"event_name":"Forgotten Altar","floor":29,"gold_loss":0},{"damage_healed":0,"gold_gain":0,"player_choice":"Memory 2","damage_taken":5,"max_hp_gain":0,"max_hp_loss":0,"event_name":"SensoryStone","floor":36,"gold_loss":0},{"damage_healed":0,"gold_gain":0,"player_choice":"Max HP","damage_taken":0,"max_hp_gain":0,"max_hp_loss":3,"event_name":"Winding Halls","floor":37,"gold_loss":0},{"damage_healed":0,"gold_gain":0,"player_choice":"Ignored","damage_taken":0,"max_hp_gain":0,"max_hp_loss":0,"event_name":"Tomb of Lord Red Mask","floor":39,"gold_loss":0}],"is_beta":false,"boss_relics":[{"not_picked":["Tiny House","Coffee Dripper"],"picked":"Cursed Key"},{"not_picked":["Astrolabe","Nuclear Battery"],"picked":"Fusion Hammer"}],"items_purged_floors":[4,31],"is_endless":false,"potions_floor_spawned":[5,8,13,16,22,27,33,35,42],"killed_by":"Spire Growth","ascension_level":0}