{"gold_per_floor":[115,132,132,188,263,291,316,328],"floor_reached":8,"playtime":309,"items_purged":[],"score":78,"play_id":"287eb6ac-e3af-4bc8-864f-7e3ce2624fd8","local_time":"20190527082648","is_ascension_mode":true,"campfire_choices":[],"neow_cost":"NONE","seed_source_timestamp":708174681012728,"circlet_count":0,"master_deck":["Defend_G","Defend_G+1","Defend_G","Defend_G","Defend_G+1","Strike_G","Strike_G","Strike_G","Survivor","Neutralize","Noxious Fumes","Backstab","Bouncing Flask","Crippling Poison"],"relics":["Empty Cage","MawBank"],"potions_floor_usage":[],"damage_taken":[{"damage":18,"enemies":"2 Louse","floor":1,"turns":5},{"damage":4,"enemies":"Small Slimes","floor":2,"turns":6},{"damage":28,"enemies":"Lagavulin","floor":6,"turns":9},{"damage":0,"enemies":"Cultist","floor":7,"turns":4},{"damage":8,"enemies":"3 Sentries","floor":8,"turns":2}],"seed_played":"2227343654161914162","potions_obtained":[{"floor":1,"key":"FairyPotion"},{"floor":7,"key":"Dexterity Potion"}],"is_trial":false,"path_per_floor":["M","M","?","?","?","E","M","E"],"character_chosen":"THE_SILENT","items_purchased":[],"campfire_rested":0,"item_purchase_floors":[],"current_hp_per_floor":[45,41,27,27,16,7,7,0],"gold":328,"neow_bonus":"BOSS_RELIC","is_prod":false,"is_daily":false,"chose_seed":false,"campfire_upgraded":0,"win_rate":0,"timestamp":1558925808,"path_taken":["M","M","?","?","?","E","M","E"],"build_version":"2019-01-23","purchased_purges":0,"victory":false,"max_hp_per_floor":[70,70,70,70,70,70,70,70],"card_choices":[{"not_picked":["Dagger Throw","Quick Slash"],"picked":"Noxious Fumes","floor":1},{"not_picked":["Terror","Accuracy"],"picked":"Backstab","floor":2},{"not_picked":["Masterful Stab","Backflip"],"picked":"Bouncing Flask","floor":6},{"not_picked":["Dagger Spray","Outmaneuver"],"picked":"Crippling Poison","floor":7}],"player_experience":819744,"relics_obtained":[{"floor":6,"key":"MawBank"}],"event_choices":[{"damage_healed":0,"gold_gain":0,"player_choice":"Entered Light","damage_taken":14,"max_hp_gain":0,"max_hp_loss":0,"event_name":"Shining Light","floor":3,"gold_loss":0,"cards_upgraded":["Defend_G","Defend_G"]},{"damage_healed":0,"gold_gain":56,"player_choice":"Gained Gold","damage_taken":0,"max_hp_gain":0,"max_hp_loss":0,"event_name":"Golden Wing","floor":4,"gold_loss":0},{"damage_healed":0,"gold_gain":75,"player_choice":"Gather Gold","damage_taken":11,"max_hp_gain":0,"max_hp_loss":0,"event_name":"World of Goop","floor":5,"gold_loss":0}],"is_beta":false,"boss_relics":[],"items_purged_floors":[],"is_endless":false,"potions_floor_spawned":[1,7],"killed_by":"3 Sentries","ascension_level":8}