{"gold_per_floor":[113,125,135,154,172,172,202,212,212,212,212,212,222,234,234,332,332,344,344,58,58,75,75,75,100,181,206,220,220,254,49,49,147,147,162,173,173,184,60,88,88,119,119,147,147,178,190,190,190,190,190,190,26,59,59],"floor_reached":56,"playtime":1839,"items_purged":["Strike_R","Strike_R","Pain"],"score":1950,"play_id":"1fdbdd68-ee7c-4a93-921e-3f47683a76ad","local_time":"20190404004242","is_ascension_mode":true,"campfire_choices":[{"data":"Bludgeon","floor":6.0,"key":"SMITH"},{"data":"Armaments","floor":11.0,"key":"SMITH"},{"data":"Bash","floor":15.0,"key":"SMITH"},{"data":"Immolate","floor":23.0,"key":"SMITH"},{"data":"Flame Barrier","floor":29.0,"key":"SMITH"},{"data":"Evolve","floor":32,"key":"SMITH"},{"data":"Shockwave","floor":41,"key":"SMITH"},{"data":"Uppercut","floor":45,"key":"SMITH"},{"floor":49,"key":"RECALL"},{"data":"Impervious","floor":52,"key":"SMITH"}],"neow_cost":"NONE","seed_source_timestamp":1386242997967247,"circlet_count":0,"master_deck":["AscendersBane","Strike_R","Defend_R","Defend_R","Defend_R","Defend_R","Bash+1","Armaments+1","Cleave+1","Headbutt","Flame Barrier+1","Bludgeon+1","Warcry","Immolate+1","Impervious+1","Evolve+1","Armaments+1","Shrug It Off","Bludgeon+1","Immolate+1","Pommel Strike","Shockwave+1","Bludgeon+1","Battle Trance+1","Clothesline","Uppercut+1","Carnage","Disarm"],"special_seed":0,"relics":["Burning Blood","Happy Flower","Meat on the Bone","Strawberry","Snecko Eye","PreservedInsect","Pen Nib","Shuriken","Bronze Scales","Matryoshka","DollysMirror","Cursed Key","Gremlin Horn","Paper Frog","Ancient Tea Set","Whetstone","The Courier","Frozen Egg 2","Self Forming Clay"],"potions_floor_usage":[33,55,55],"damage_taken":[{"damage":6.0,"enemies":"Cultist","floor":1.0,"turns":3.0},{"damage":12.0,"enemies":"Jaw Worm","floor":2.0,"turns":2.0},{"damage":5.0,"enemies":"2 Louse","floor":3.0,"turns":3.0},{"damage":26.0,"enemies":"Exordium Thugs","floor":4.0,"turns":4.0},{"damage":17.0,"enemies":"Red Slaver","floor":5.0,"turns":4.0},{"damage":25.0,"enemies":"3 Sentries","floor":7.0,"turns":7.0},{"damage":8.0,"enemies":"Lots of Slimes","floor":8.0,"turns":4.0},{"damage":31.0,"enemies":"Exordium Thugs","floor":13.0,"turns":5.0},{"damage":0.0,"enemies":"Looter","floor":14.0,"turns":2.0},{"damage":32.0,"enemies":"The Guardian","floor":16.0,"turns":14.0},{"damage":23.0,"enemies":"2 Thieves","floor":18.0,"turns":3.0},{"damage":0.0,"enemies":"Chosen","floor":22.0,"turns":4.0},{"damage":16.0,"enemies":"Book of Stabbing","floor":25.0,"turns":3.0},{"damage":0.0,"enemies":"Gremlin Leader","floor":27.0,"turns":3.0},{"damage":19.0,"enemies":"Snake Plant","floor":28.0,"turns":4.0},{"damage":2,"enemies":"Slavers","floor":30,"turns":3},{"damage":61,"enemies":"Champ","floor":33,"turns":9},{"damage":6,"enemies":"Orb Walker","floor":35,"turns":1},{"damage":0,"enemies":"3 Shapes","floor":36,"turns":3},{"damage":3,"enemies":"3 Darklings","floor":38,"turns":3},{"damage":9,"enemies":"Giant Head","floor":40,"turns":5},{"damage":0,"enemies":"Reptomancer","floor":42,"turns":2},{"damage":7,"enemies":"Giant Head","floor":44,"turns":4},{"damage":15,"enemies":"Nemesis","floor":46,"turns":3},{"damage":5,"enemies":"Transient","floor":47,"turns":5},{"damage":76,"enemies":"Awakened One","floor":50,"turns":7},{"damage":0,"enemies":"Shield and Spear","floor":54,"turns":2},{"damage":30,"enemies":"The Heart","floor":55,"turns":6}],"seed_played":"-1803248075859220177","potions_obtained":[{"floor":1.0,"key":"EntropicBrew"},{"floor":14.0,"key":"Strength Potion"},{"floor":16.0,"key":"Swift Potion"},{"floor":28.0,"key":"Strength Potion"},{"floor":36,"key":"SneckoOil"},{"floor":42,"key":"FairyPotion"}],"is_trial":false,"path_per_floor":["M","M","M","M","M","R","E","M","T","?","R","?","M","M","R","B",null,"M","?","$","T","M","R","$","E","T","E","M","R","E","$","R","B",null,"M","M","?","M","$","E","R","E","T","E","R","E","M","?","R","B",null,"R","$","E","B",null],"character_chosen":"IRONCLAD","items_purchased":["Impervious","Evolve","DollysMirror","Clothesline","Carnage"],"campfire_rested":0,"item_purchase_floors":[20,20,31,39,53],"current_hp_per_floor":[72,66,67,47,36,36,17,27,34,39,39,32,19,37,37,23,75,58,58,58,58,64,64,64,54,54,60,59,59,63,63,63,20,74,74,80,80,83,83,80,80,86,86,85,85,76,77,77,77,19,74,74,74,80,56],"gold":59,"neow_bonus":"RANDOM_COMMON_RELIC","is_prod":false,"is_daily":false,"chose_seed":false,"campfire_upgraded":9,"win_rate":0,"timestamp":1554306162,"path_taken":["M","M","M","M","M","R","E","M","T","?","R","?","M","M","R","BOSS","M","?","$","?","?","R","?","E","T","E","?","R","E","$","R","BOSS","M","M","?","M","?","E","R","E","T","E","R","E","M","?","R","BOSS","R","$","E","BOSS"],"build_version":"2019-01-23","purchased_purges":3,"victory":true,"max_hp_per_floor":[80,80,80,80,80,80,80,80,87,92,92,92,92,92,92,92,92,92,92,92,92,92,92,92,92,92,92,92,92,92,92,92,92,92,92,92,92,92,92,92,92,92,92,92,92,92,92,92,92,92,92,92,92,92,92],"card_choices":[{"not_picked":["Wild Strike","Dropkick"],"picked":"Armaments","floor":1.0},{"not_picked":["Wild Strike","Clash"],"picked":"Cleave","floor":2.0},{"not_picked":["Fire Breathing","Havoc"],"picked":"Headbutt","floor":3.0},{"not_picked":["Havoc","Metallicize"],"picked":"Flame Barrier","floor":4.0},{"not_picked":["Shrug It Off","Flex"],"picked":"Bludgeon","floor":5.0},{"not_picked":["Havoc","Intimidate","Hemokinesis"],"picked":"SKIP","floor":7.0},{"not_picked":["Clothesline","Headbutt","Hemokinesis"],"picked":"SKIP","floor":8.0},{"not_picked":["Heavy Blade","Cleave","Headbutt"],"picked":"SKIP","floor":13.0},{"not_picked":["Iron Wave","Thunderclap"],"picked":"Warcry","floor":14.0},{"not_picked":["Berserk","Reaper"],"picked":"Immolate","floor":16.0},{"not_picked":["Rage","Headbutt","Armaments"],"picked":"SKIP","floor":18.0},{"not_picked":["Anger","Body Slam","Bloodletting+1"],"picked":"SKIP","floor":22.0},{"not_picked":["Thunderclap+1","Intimidate+1"],"picked":"Armaments+1","floor":25.0},{"not_picked":["Sentinel","Wild Strike","Rampage"],"picked":"SKIP","floor":27.0},{"not_picked":["Corruption","Clash"],"picked":"Shrug It Off","floor":28.0},{"not_picked":["Havoc","Twin Strike","Perfected Strike"],"picked":"SKIP","floor":30},{"not_picked":["Juggernaut","Reaper"],"picked":"Immolate","floor":33},{"not_picked":["Perfected Strike+1","Body Slam+1"],"picked":"Pommel Strike","floor":35},{"not_picked":["Intimidate","Wild Strike"],"picked":"Shockwave","floor":36},{"not_picked":["Havoc+1","Armaments"],"picked":"Battle Trance+1","floor":38},{"not_picked":["Clothesline+1","Inflame+1","Clash+1"],"picked":"SKIP","floor":40},{"not_picked":["Feed","Seeing Red","Heavy Blade+1"],"picked":"SKIP","floor":42},{"not_picked":["Flame Barrier","Armaments+1"],"picked":"Uppercut","floor":44},{"not_picked":["Dual Wield+1","Reckless Charge","Searing Blow+1"],"picked":"SKIP","floor":46},{"not_picked":["Inflame+1","Rampage+1","Wild Strike"],"picked":"SKIP","floor":47},{"not_picked":["Pummel","Perfected Strike"],"picked":"Disarm","floor":54}],"player_experience":410202,"relics_obtained":[{"floor":7.0,"key":"Meat on the Bone"},{"floor":9.0,"key":"Strawberry"},{"floor":21.0,"key":"PreservedInsect"},{"floor":25.0,"key":"Pen Nib"},{"floor":26.0,"key":"Shuriken"},{"floor":27.0,"key":"Bronze Scales"},{"floor":30,"key":"Matryoshka"},{"floor":40,"key":"Gremlin Horn"},{"floor":42,"key":"Paper Frog"},{"floor":43,"key":"Ancient Tea Set"},{"floor":44,"key":"Whetstone"},{"floor":46,"key":"The Courier"},{"floor":48,"key":"Frozen Egg 2"},{"floor":54,"key":"Self Forming Clay"}],"event_choices":[{"damage_healed":0.0,"max_hp_gain":5.0,"max_hp_loss":0.0,"gold_gain":0.0,"event_name":"Big Fish","player_choice":"Donut","floor":10.0,"gold_loss":0.0,"damage_taken":0.0},{"cards_removed":["Strike_R"],"damage_healed":0.0,"max_hp_gain":0.0,"max_hp_loss":0.0,"gold_gain":0.0,"event_name":"Golden Wing","player_choice":"Card Removal","floor":12.0,"gold_loss":0.0,"damage_taken":7.0},{"cards_removed":["Strike_R"],"damage_healed":0.0,"max_hp_gain":0.0,"max_hp_loss":0.0,"gold_gain":0.0,"event_name":"Purifier","player_choice":"Purged","floor":19.0,"gold_loss":0.0,"damage_taken":0.0},{"damage_healed":0,"gold_gain":0,"player_choice":"Copied","damage_taken":0,"max_hp_gain":0,"max_hp_loss":0,"event_name":"Duplicator","floor":37,"gold_loss":0,"cards_obtained":["Bludgeon"]},{"damage_healed":0,"gold_gain":0,"player_choice":"Relic","damage_taken":0,"max_hp_gain":0,"max_hp_loss":0,"event_name":"Wheel of Change","floor":48,"gold_loss":0}],"is_beta":false,"boss_relics":[{"not_picked":["Runic Dome","Calling Bell"],"picked":"Snecko Eye"},{"not_picked":["Runic Pyramid","Busted Crown"],"picked":"Cursed Key"}],"items_purged_floors":[20,39,53],"is_endless":false,"potions_floor_spawned":[1,5,8,14,16,25,28,36,38,42,46],"ascension_level":10}