{"gold_per_floor":[115,115,126,143,143,143,203,203,203,222,8,43,60,60],"floor_reached":14,"playtime":867,"items_purged":[],"score":110,"play_id":"2754e6a4-e7dc-44ba-bb5d-ececa5b8a273","local_time":"20190320183704","is_ascension_mode":true,"campfire_choices":[{"data":"Undo","floor":6,"key":"SMITH"},{"floor":8,"key":"REST"}],"neow_cost":"NONE","seed_source_timestamp":163267145492938,"circlet_count":0,"master_deck":["Strike_B","Strike_B","Strike_B","Defend_B","Defend_B","Defend_B","Defend_B","Zap+1","Dualcast","Double Energy","Undo+1","Cold Snap","Regret","Double Energy","Conserve Battery","Coolheaded","Static Discharge","Leap","Blizzard","Coolheaded","Genetic Algorithm"],"relics":["Cracked Core","Nunchaku","Tiny Chest","Ice Cream"],"potions_floor_usage":[5],"damage_taken":[{"damage":0,"enemies":"Small Slimes","floor":1,"turns":2},{"damage":7,"enemies":"Jaw Worm","floor":3,"turns":3},{"damage":0,"enemies":"2 Louse","floor":4,"turns":3},{"damage":20,"enemies":"Lagavulin","floor":7,"turns":8},{"damage":5,"enemies":"Looter","floor":10,"turns":3},{"damage":16,"enemies":"3 Sentries","floor":12,"turns":9},{"damage":18,"enemies":"2 Fungi Beasts","floor":13,"turns":4},{"damage":31,"enemies":"Gremlin Nob","floor":14,"turns":4}],"seed_played":"-5512010899752886394","potions_obtained":[{"floor":1,"key":"Explosive Potion"},{"floor":4,"key":"Fruit Juice"},{"floor":10,"key":"FocusPotion"}],"is_trial":false,"path_per_floor":["?","?"],"character_chosen":"DEFECT","items_purchased":["Coolheaded","Static Discharge","Leap","Blizzard"],"campfire_rested":1,"item_purchase_floors":[11,11,11,11],"current_hp_per_floor":[75,68,61,61,66,66,46,70,70,65,65,49,31,0],"gold":60,"neow_bonus":"UPGRADE_CARD","is_prod":false,"is_daily":false,"chose_seed":false,"campfire_upgraded":1,"win_rate":0,"timestamp":1553121424,"path_taken":["M","?","M","M","?","R","E","R","T","M","$","E","M","E"],"build_version":"2019-01-23","purchased_purges":0,"victory":false,"max_hp_per_floor":[75,75,75,75,80,80,80,80,80,80,80,80,80,80],"card_choices":[{"not_picked":["Force Field","Skim"],"picked":"Double Energy","floor":1},{"not_picked":["Force Field","Tempest"],"picked":"Undo","floor":3},{"not_picked":["Ball Lightning","Rip and Tear"],"picked":"Cold Snap","floor":4},{"not_picked":["Compile Driver","Stack"],"picked":"Double Energy","floor":7},{"not_picked":["Ball Lightning","Gash"],"picked":"Conserve Battery","floor":10},{"not_picked":["Rebound","Steam Power"],"picked":"Coolheaded","floor":12},{"not_picked":["Compile Driver","Ball Lightning"],"picked":"Genetic Algorithm","floor":13}],"player_experience":308523,"relics_obtained":[{"floor":7,"key":"Tiny Chest"},{"floor":12,"key":"Ice Cream"}],"event_choices":[{"cards_removed":["Strike_B"],"damage_healed":0,"gold_gain":0,"player_choice":"Card Removal","damage_taken":7,"max_hp_gain":0,"max_hp_loss":0,"event_name":"Golden Wing","floor":2,"gold_loss":0},{"damage_healed":0,"gold_gain":0,"player_choice":"Box","damage_taken":0,"relics_obtained":["Nunchaku"],"max_hp_gain":0,"max_hp_loss":0,"event_name":"Big Fish","floor":5,"gold_loss":0,"cards_obtained":["Regret"]}],"is_beta":false,"boss_relics":[],"items_purged_floors":[],"is_endless":false,"potions_floor_spawned":[1,4,10],"killed_by":"Gremlin Nob","ascension_level":2}