{"gold_per_floor":[116,116,133,21,39,74,74,99,99,99,113,123,155,175,175,273,273,288,288,29,43,43,72,72,72],"floor_reached":25,"playtime":1848,"items_purged":["Parasite","Parasite"],"score":386,"play_id":"a42e84b3-ed20-4e6f-bb55-315f5083b3de","local_time":"20190531174306","is_ascension_mode":true,"campfire_choices":[{"data":"Neutralize","floor":7.0,"key":"SMITH"},{"data":"Skewer","floor":15.0,"key":"SMITH"}],"neow_cost":"NONE","seed_source_timestamp":1085391300457657,"circlet_count":0,"master_deck":["AscendersBane","Defend_G","Defend_G","Defend_G","Defend_G","Defend_G","Strike_G","Strike_G","Strike_G","Strike_G","Strike_G","Survivor","Neutralize+1","Cloak And Dagger+1","Blade Dance+1","Well Laid Plans","Skewer+1","Corpse Explosion+1","Poisoned Stab","Deadly Poison+1","Glass Knife+1","Footwork","Footwork","Noxious Fumes","Backflip+1","Night Terror+1"],"special_seed":0,"relics":["Calling Bell","Vajra","Toxic Egg 2","Mango","Oddly Smooth Stone","Nunchaku","Blue Candle","Ninja Scroll","The Courier","Sozu","Paper Crane"],"potions_floor_usage":[],"damage_taken":[{"damage":3.0,"enemies":"2 Louse","floor":1.0,"turns":4.0},{"damage":0.0,"enemies":"Jaw Worm","floor":3.0,"turns":5.0},{"damage":0.0,"enemies":"Cultist","floor":5.0,"turns":4.0},{"damage":36.0,"enemies":"Gremlin Nob","floor":6.0,"turns":5.0},{"damage":13.0,"enemies":"3 Sentries","floor":8.0,"turns":9.0},{"damage":0.0,"enemies":"Looter","floor":11.0,"turns":2.0},{"damage":2.0,"enemies":"3 Louse","floor":12.0,"turns":4.0},{"damage":8.0,"enemies":"Lagavulin","floor":13.0,"turns":5.0},{"damage":1.0,"enemies":"Blue Slaver","floor":14.0,"turns":2.0},{"damage":8.0,"enemies":"Hexaghost","floor":16.0,"turns":9.0},{"damage":4.0,"enemies":"Spheric Guardian","floor":18.0,"turns":3.0},{"damage":8.0,"enemies":"2 Thieves","floor":21.0,"turns":4.0},{"damage":32.0,"enemies":"Slavers","floor":23.0,"turns":5.0},{"damage":19,"enemies":"Gremlin Leader","floor":25,"turns":5}],"seed_played":"3641136408606812840","potions_obtained":[{"floor":3.0,"key":"Weak Potion"},{"floor":11.0,"key":"AttackPotion"},{"floor":13.0,"key":"SpeedPotion"}],"is_trial":false,"path_per_floor":["M","?","M","$","M","E","R","E","T","T","M","M","E","M","R","B",null,"M","?","$","M","$","E","?","E"],"character_chosen":"THE_SILENT","items_purchased":["Well Laid Plans","Footwork","Footwork","Noxious Fumes"],"campfire_rested":0,"item_purchase_floors":[4,20,20,20],"current_hp_per_floor":[74,74,74,74,74,38,38,25,25,25,25,23,15,14,14,6,62,58,58,58,50,50,18,18,0],"gold":72,"neow_bonus":"BOSS_RELIC","is_prod":false,"is_daily":false,"chose_seed":false,"campfire_upgraded":2,"win_rate":0,"timestamp":1559304786,"path_taken":["M","?","M","$","M","E","R","E","T","?","M","M","E","M","R","BOSS","M","?","$","?","$","E","?","E"],"build_version":"2019-01-23","purchased_purges":2,"victory":false,"max_hp_per_floor":[84,84,84,81,81,81,81,81,81,81,81,81,81,81,81,81,81,81,81,78,78,78,78,78,78],"card_choices":[{"not_picked":["Dagger Throw","Blade Dance+1"],"picked":"Cloak And Dagger+1","floor":1.0},{"not_picked":["PiercingWail+1","Concentrate+1"],"picked":"Blade Dance+1","floor":3.0},{"not_picked":["Poisoned Stab","Backstab"],"picked":"Skewer","floor":5.0},{"not_picked":["Sucker Punch","Bane","All Out Attack"],"picked":"SKIP","floor":6.0},{"not_picked":["Reflex+1","Prepared+1","Setup+1"],"picked":"SKIP","floor":8.0},{"not_picked":["Distraction+1","Slice","Prepared+1"],"picked":"SKIP","floor":11.0},{"not_picked":["Acrobatics+1","Deadly Poison+1"],"picked":"Corpse Explosion+1","floor":12.0},{"not_picked":["Quick Slash","All Out Attack"],"picked":"Poisoned Stab","floor":13.0},{"not_picked":["Deflect+1","PiercingWail+1"],"picked":"Deadly Poison+1","floor":14.0},{"not_picked":["Corpse Explosion+1","Tools of the Trade"],"picked":"Glass Knife","floor":16.0},{"not_picked":["Deflect+1","Skewer","Outmaneuver+1"],"picked":"SKIP","floor":18.0},{"not_picked":["Well Laid Plans","Slice"],"picked":"Backflip+1","floor":21.0},{"not_picked":["Dagger Spray","Footwork"],"picked":"Night Terror+1","floor":23.0}],"player_experience":1018615,"relics_obtained":[{"floor":0.0,"key":"Vajra"},{"floor":0.0,"key":"Toxic Egg 2"},{"floor":0.0,"key":"Mango"},{"floor":6.0,"key":"Oddly Smooth Stone"},{"floor":8.0,"key":"Nunchaku"},{"floor":9.0,"key":"Blue Candle"},{"floor":10.0,"key":"Ninja Scroll"},{"floor":13.0,"key":"The Courier"},{"floor":23.0,"key":"Paper Crane"}],"event_choices":[{"cards_removed":["Writhe"],"damage_healed":0.0,"max_hp_gain":0.0,"max_hp_loss":0.0,"gold_gain":0.0,"event_name":"Living Wall","player_choice":"Forget","floor":2.0,"gold_loss":0.0,"damage_taken":0.0},{"damage_healed":0.0,"max_hp_gain":0.0,"max_hp_loss":0.0,"gold_gain":0.0,"event_name":"Upgrade Shrine","player_choice":"Upgraded","floor":19.0,"gold_loss":0.0,"damage_taken":0.0,"cards_upgraded":["Glass Knife"]}],"is_beta":false,"boss_relics":[{"not_picked":["HoveringKite","Cursed Key"],"picked":"Sozu"}],"items_purged_floors":[4,20],"is_endless":false,"potions_floor_spawned":[3,11,13,18,23],"killed_by":"Gremlin Leader","ascension_level":12}