{"gold_per_floor":[117,127,127,127,146,146,160,6,31,65,85,98,98,84,84,84],"floor_reached":16,"playtime":1025,"items_purged":[],"score":104,"play_id":"5c73dee4-5563-456e-a5dd-b1325375070d","local_time":"20190523180210","is_ascension_mode":false,"campfire_choices":[{"data":"Capacitor","floor":6,"key":"SMITH"},{"floor":13,"key":"REST"},{"data":"Self Repair","floor":15,"key":"SMITH"}],"neow_cost":"TEN_PERCENT_HP_LOSS","seed_source_timestamp":257867439915924,"circlet_count":0,"master_deck":["Strike_B+1","Strike_B","Defend_B","Defend_B","Defend_B","Defend_B","Zap+1","Dualcast","Turbo","Leap","Capacitor+1","Ball Lightning+1","Meteor Strike","Cold Snap","Self Repair+1","Auto Shields","Chill"],"relics":["Cracked Core","Whetstone","Potion Belt"],"potions_floor_usage":[7,16],"damage_taken":[{"damage":1,"enemies":"Jaw Worm","floor":1,"turns":3},{"damage":0,"enemies":"2 Louse","floor":2,"turns":2},{"damage":0,"enemies":"Cultist","floor":5,"turns":4},{"damage":13,"enemies":"Large Slime","floor":7,"turns":5},{"damage":12,"enemies":"Lagavulin","floor":10,"turns":7},{"damage":2,"enemies":"Blue Slaver","floor":11,"turns":3},{"damage":8,"enemies":"2 Fungi Beasts","floor":12,"turns":3},{"damage":1,"enemies":"Exordium Thugs","floor":14,"turns":4},{"damage":55,"enemies":"Slime Boss","floor":16,"turns":12}],"seed_played":"-584085436418893826","potions_obtained":[{"floor":2,"key":"Explosive Potion"},{"floor":5,"key":"Strength Potion"},{"floor":14,"key":"Weak Potion"}],"is_trial":false,"path_per_floor":["?","?"],"character_chosen":"DEFECT","items_purchased":["Meteor Strike"],"campfire_rested":1,"item_purchase_floors":[8],"current_hp_per_floor":[67,67,67,67,67,67,54,54,54,42,40,32,52,51,51,0],"gold":84,"neow_bonus":"REMOVE_TWO","is_prod":false,"is_daily":false,"chose_seed":false,"campfire_upgraded":2,"win_rate":0,"timestamp":1558648930,"path_taken":["M","M","?","?","M","R","M","$","T","E","M","M","R","M","R","BOSS"],"build_version":"2019-01-23","purchased_purges":0,"victory":false,"max_hp_per_floor":[68,68,68,68,68,68,68,68,68,68,68,68,68,68,68,68],"card_choices":[{"not_picked":["Recycle","Reprogram"],"picked":"Turbo","floor":1},{"not_picked":["Hologram","Hello World"],"picked":"Leap","floor":2},{"not_picked":["Leap","Turbo"],"picked":"Capacitor","floor":5},{"not_picked":["Compile Driver","Capacitor"],"picked":"Ball Lightning","floor":7},{"not_picked":["Rebound","Capacitor"],"picked":"Cold Snap","floor":10},{"not_picked":["Ball Lightning","Stack"],"picked":"Self Repair","floor":11},{"not_picked":["Compile Driver","Steam"],"picked":"Auto Shields","floor":12},{"not_picked":["Stack","Buffer"],"picked":"Chill","floor":14}],"player_experience":564132,"relics_obtained":[{"floor":9,"key":"Whetstone"},{"floor":10,"key":"Potion Belt"}],"event_choices":[{"damage_healed":0,"gold_gain":0,"player_choice":"Ignored","damage_taken":0,"max_hp_gain":0,"max_hp_loss":0,"event_name":"Shining Light","floor":3,"gold_loss":0},{"damage_healed":0,"gold_gain":0,"player_choice":"Upgraded","damage_taken":0,"max_hp_gain":0,"max_hp_loss":0,"event_name":"Upgrade Shrine","floor":4,"gold_loss":0,"cards_upgraded":["Zap"]}],"is_beta":false,"boss_relics":[],"items_purged_floors":[],"is_endless":false,"potions_floor_spawned":[2,5,14],"killed_by":"Slime Boss","ascension_level":0}