{"gold_per_floor":[110,126,136,136,146,146,173,173,255,269,269,118,118,133,133,228,228,245,261,261,161,161,161,186,186,186,215,235,262,262,273,273,372,372,386,386,400,412,432,432,452,138,189,200,200,200,219,249,249,249,249,249,16,50,50],"floor_reached":56,"playtime":4735,"items_purged":["Strike_B","Dualcast"],"score":1539,"play_id":"d1dcdcef-cfc9-4a8d-8555-18534100f46d","local_time":"20190303181005","is_ascension_mode":false,"campfire_choices":[{"data":"Genetic Algorithm","floor":6.0,"key":"SMITH"},{"data":"Sunder","floor":8.0,"key":"SMITH"},{"data":"Beam Cell","floor":11.0,"key":"SMITH"},{"data":"Beam Cell","floor":15.0,"key":"SMITH"},{"floor":23.0,"key":"RECALL"},{"floor":25.0,"key":"REST"},{"floor":32.0,"key":"REST"},{"data":"1","floor":40.0,"key":"LIFT"},{"data":"2","floor":49.0,"key":"LIFT"},{"data":"3","floor":52.0,"key":"LIFT"}],"neow_cost":"NONE","seed_source_timestamp":0,"circlet_count":0,"master_deck":["Defend_B+1","Defend_B+1","Defend_B+1","Defend_B+1","Zap","Sunder+1","Beam Cell+1","Genetic Algorithm+1","FTL","Beam Cell+1","FTL","Skim","Scrape","Gash+1","Bite","Bite","Bite","Bite","Bite","Hello World","Conserve Battery+1","All For One","Conserve Battery","J.A.X.","Stack+1","Seek+1","Beam Cell+1","Redo+1","Go for the Eyes","Go for the Eyes+1","Secret Technique+1","Thinking Ahead","Doubt","Scrape+1","FTL","All For One","FTL","Gash+1"],"special_seed":0,"relics":["Cracked Core","Dream Catcher","Turnip","Lantern","Cables","Fusion Hammer","Orichalcum","Girya","DataDisk","Busted Crown","Bag of Preparation","Oddly Smooth Stone","Strawberry","War Paint","DollysMirror","Ginger"],"potions_floor_usage":[55,55],"damage_taken":[{"damage":4.0,"enemies":"2 Louse","floor":1.0,"turns":3.0},{"damage":0.0,"enemies":"Cultist","floor":2.0,"turns":2.0},{"damage":6.0,"enemies":"Jaw Worm","floor":3.0,"turns":2.0},{"damage":1.0,"enemies":"Exordium Thugs","floor":5.0,"turns":4.0},{"damage":28.0,"enemies":"Gremlin Nob","floor":7.0,"turns":4.0},{"damage":0.0,"enemies":"Large Slime","floor":10.0,"turns":3.0},{"damage":0.0,"enemies":"2 Fungi Beasts","floor":14.0,"turns":3.0},{"damage":31.0,"enemies":"Hexaghost","floor":16.0,"turns":6.0},{"damage":0.0,"enemies":"2 Thieves","floor":18.0,"turns":3.0},{"damage":12.0,"enemies":"Shell Parasite","floor":19.0,"turns":2.0},{"damage":14.0,"enemies":"Book of Stabbing","floor":24.0,"turns":4.0},{"damage":0.0,"enemies":"Slavers","floor":27.0,"turns":5.0},{"damage":0.0,"enemies":"Snecko","floor":28.0,"turns":2.0},{"damage":31.0,"enemies":"Book of Stabbing","floor":29.0,"turns":5.0},{"damage":3.0,"enemies":"Cultist and Chosen","floor":31.0,"turns":3.0},{"damage":33.0,"enemies":"Automaton","floor":33.0,"turns":8.0},{"damage":11.0,"enemies":"Orb Walker","floor":35.0,"turns":3.0},{"damage":12.0,"enemies":"3 Darklings","floor":37.0,"turns":4.0},{"damage":16.0,"enemies":"Sphere and 2 Shapes","floor":38.0,"turns":3.0},{"damage":6.0,"enemies":"Spire Growth","floor":39.0,"turns":3.0},{"damage":15.0,"enemies":"4 Shapes","floor":41.0,"turns":4.0},{"damage":6.0,"enemies":"3 Darklings","floor":44.0,"turns":2.0},{"damage":6.0,"enemies":"Maw","floor":47.0,"turns":4.0},{"damage":16.0,"enemies":"Giant Head","floor":48.0,"turns":7.0},{"damage":30.0,"enemies":"Donu and Deca","floor":50.0,"turns":7.0},{"damage":6.0,"enemies":"Shield and Spear","floor":54.0,"turns":3.0},{"damage":61,"enemies":"The Heart","floor":55,"turns":5}],"seed_played":"-7469169756361212056","potions_obtained":[{"floor":1.0,"key":"FairyPotion"},{"floor":3.0,"key":"GamblersBrew"},{"floor":7.0,"key":"EssenceOfSteel"},{"floor":10.0,"key":"Regen Potion"},{"floor":18.0,"key":"AttackPotion"},{"floor":19.0,"key":"EntropicBrew"},{"floor":28.0,"key":"FairyPotion"},{"floor":33.0,"key":"AttackPotion"},{"floor":39.0,"key":"SpeedPotion"},{"floor":48.0,"key":"SteroidPotion"}],"is_trial":false,"path_per_floor":["M","M","M","?","M","R","E","R","T","M","R","$","?","M","R","B",null,"M","M","?","$","?","R","E","R","T","E","M","E","?","M","R","B",null,"M","?","M","M","M","R","M","$","T","M","?","?","M","E","R","B",null,"R","$","E","B",null],"character_chosen":"DEFECT","items_purchased":["FTL","Bag of Preparation","Oddly Smooth Stone","Go for the Eyes","DollysMirror","FTL"],"campfire_rested":2,"item_purchase_floors":[12,42,42,42,53,53],"current_hp_per_floor":[71,71,65,65,64,64,36,36,36,36,36,36,36,36,36,19,75,75,63,52,52,52,52,48,52,52,52,52,25,25,30,45,28,52,43,43,39,29,29,29,24,24,31,31,21,59,59,49,49,35,59,59,59,53,4],"gold":50,"neow_bonus":"RANDOM_COMMON_RELIC","is_prod":false,"is_daily":false,"chose_seed":false,"campfire_upgraded":4,"win_rate":0,"timestamp":1551658205,"path_taken":["M","M","M","?","M","R","E","R","T","?","R","$","?","?","R","BOSS","M","M","?","$","?","R","E","R","T","E","M","E","?","M","R","BOSS","M","?","?","M","?","R","M","$","T","M","?","?","M","E","R","BOSS","R","$","E","BOSS"],"build_version":"2019-01-23","purchased_purges":2,"victory":true,"max_hp_per_floor":[75,75,75,75,75,75,75,75,75,75,75,75,75,75,75,75,75,75,75,52,52,52,52,52,52,52,52,52,52,52,52,52,52,52,52,52,52,52,52,52,52,52,59,59,59,59,59,59,59,59,59,59,59,59,59],"card_choices":[{"not_picked":["Reprogram","Steam Power"],"picked":"Sunder","floor":1.0},{"not_picked":["Coolheaded","Cold Snap"],"picked":"Beam Cell","floor":2.0},{"not_picked":["Stack","Thunder Strike"],"picked":"Genetic Algorithm","floor":3.0},{"not_picked":["Steam","Auto Shields","Consume"],"picked":"SKIP","floor":5.0},{"not_picked":["Streamline","Conserve Battery"],"picked":"FTL","floor":7.0},{"not_picked":["Genetic Algorithm","Conserve Battery"],"picked":"Beam Cell","floor":10.0},{"not_picked":["Genetic Algorithm","Rebound"],"picked":"Skim","floor":14.0},{"not_picked":["Auto Shields+1","Coolheaded"],"picked":"Scrape","floor":18.0},{"not_picked":["Steam","Hologram"],"picked":"Gash+1","floor":19.0},{"not_picked":["Steam Power","Cold Snap"],"picked":"Hello World","floor":24.0},{"not_picked":["Barrage","Ball Lightning"],"picked":"Conserve Battery+1","floor":25.0},{"not_picked":["Force Field+1","Sweeping Beam"],"picked":"All For One","floor":27.0},{"not_picked":["Compile Driver","Rebound","Cold Snap+1"],"picked":"SKIP","floor":28.0},{"not_picked":["Rainbow","Barrage"],"picked":"Conserve Battery","floor":29.0},{"not_picked":["Static Discharge","Force Field"],"picked":"Stack","floor":31.0},{"not_picked":["Thunder Strike","Electrodynamics"],"picked":"Seek","floor":33.0},{"not_picked":["Cold Snap"],"picked":"SKIP","floor":35.0},{"not_picked":[],"picked":"Beam Cell+1","floor":37.0},{"not_picked":[],"picked":"Redo+1","floor":38.0},{"not_picked":["Ball Lightning"],"picked":"SKIP","floor":39.0},{"not_picked":["Undo"],"picked":"SKIP","floor":41.0},{"not_picked":[],"picked":"Go for the Eyes+1","floor":44.0},{"not_picked":[],"picked":"Secret Technique","floor":45.0},{"not_picked":[],"picked":"Thinking Ahead","floor":45.0},{"not_picked":[],"picked":"Scrape+1","floor":47.0},{"not_picked":[],"picked":"FTL","floor":48.0},{"not_picked":[],"picked":"Gash+1","floor":54.0}],"player_experience":185078,"relics_obtained":[{"floor":7.0,"key":"Lantern"},{"floor":9.0,"key":"Cables"},{"floor":24.0,"key":"Orichalcum"},{"floor":27.0,"key":"Girya"},{"floor":29.0,"key":"DataDisk"},{"floor":43.0,"key":"Strawberry"},{"floor":48.0,"key":"War Paint"},{"floor":54.0,"key":"Ginger"}],"event_choices":[{"damage_healed":0.0,"max_hp_gain":0.0,"max_hp_loss":0.0,"gold_gain":0.0,"event_name":"WeMeetAgain","player_choice":"Gave Potion","floor":4.0,"gold_loss":0.0,"damage_taken":0.0,"relics_obtained":["Turnip"]},{"damage_healed":0.0,"max_hp_gain":0.0,"max_hp_loss":0.0,"gold_gain":0.0,"event_name":"NoteForYourself","player_choice":"Ignored","floor":13.0,"gold_loss":0.0,"damage_taken":0.0},{"damage_healed":0.0,"max_hp_gain":0.0,"max_hp_loss":23.0,"gold_gain":0.0,"event_name":"Vampires","player_choice":"Became a vampire","floor":20.0,"gold_loss":0.0,"damage_taken":0.0,"cards_obtained":["Bite","Bite","Bite","Bite","Bite"]},{"damage_healed":0.0,"max_hp_gain":0.0,"max_hp_loss":0.0,"gold_gain":0.0,"event_name":"Back to Basics","player_choice":"Simplicity","floor":22.0,"gold_loss":0.0,"damage_taken":0.0,"cards_upgraded":["Defend_B","Defend_B","Defend_B","Defend_B"]},{"damage_healed":0.0,"max_hp_gain":0.0,"max_hp_loss":0.0,"gold_gain":0.0,"event_name":"Drug Dealer","player_choice":"Obtain J.A.X.","floor":30.0,"gold_loss":0.0,"damage_taken":0.0,"cards_obtained":["J.A.X."]},{"damage_healed":0.0,"max_hp_gain":0.0,"max_hp_loss":0.0,"gold_gain":0.0,"event_name":"Accursed Blacksmith","player_choice":"Forge","floor":36.0,"gold_loss":0.0,"damage_taken":0.0,"cards_upgraded":["Seek"]},{"damage_healed":0.0,"max_hp_gain":0.0,"max_hp_loss":0.0,"gold_gain":0.0,"event_name":"SensoryStone","player_choice":"Memory 3","floor":45.0,"gold_loss":0.0,"damage_taken":10.0},{"damage_healed":38.0,"max_hp_gain":0.0,"max_hp_loss":0.0,"gold_gain":0.0,"event_name":"MindBloom","player_choice":"Heal","floor":46.0,"gold_loss":0.0,"damage_taken":0.0,"cards_obtained":["Doubt"]}],"is_beta":false,"boss_relics":[{"not_picked":["Tiny House","Calling Bell"],"picked":"Fusion Hammer"},{"not_picked":["Astrolabe","Nuclear Battery"],"picked":"Busted Crown"}],"items_purged_floors":[12,21],"is_endless":false,"potions_floor_spawned":[1,3,7,10,14,18,19,28,33,38,39,48],"ascension_level":0}