{"gold_per_floor":[362,362,16,32,46,60,60,93,93,139,139,153,186,222,222,341,341,352,352,352,115,70,103,103,138,138,138,188,188,206,216,216,315,315,351,351,385,402,156,156,193,193,242,150,200,173,187,248,248,248],"floor_reached":50,"playtime":3763,"items_purged":["Strike_B","Parasite"],"score":609,"play_id":"706bd960-6780-4ef4-8fac-16c3cf45c25c","local_time":"20190426185229","is_ascension_mode":false,"campfire_choices":[{"data":"Defragment","floor":7,"key":"SMITH"},{"data":"Rainbow","floor":11,"key":"SMITH"},{"floor":15,"key":"REST"},{"data":"Seek","floor":24,"key":"SMITH"},{"floor":27,"key":"REST"},{"floor":29,"key":"REST"},{"floor":32,"key":"REST"},{"data":"Chaos","floor":40,"key":"SMITH"},{"data":"Chill","floor":42,"key":"SMITH"},{"floor":49,"key":"DIG"}],"neow_cost":"TEN_PERCENT_HP_LOSS","seed_source_timestamp":684119874067699,"circlet_count":0,"master_deck":["Zap","Dualcast","Doom and Gloom","Rebound","Defragment+1","Conserve Battery","HandOfGreed","Double Energy","Cold Snap","Rainbow+1","Chaos+1","Ball Lightning","Glacier","White Noise","Seek+1","Capacitor","Rip and Tear","Lockon","Multi-Cast","Storm","Scrape","Auto Shields","Necronomicurse","Conserve Battery","Cold Snap","Blizzard","Conserve Battery","Chill+1","Conserve Battery","Creative AI+1","Self Repair+1","Blizzard+1","Storm+1","Turbo","Force Field","Turbo+1"],"relics":["Cracked Core","Ancient Tea Set","Happy Flower","Pandora\u0027s Box","Necronomicon","Runic Capacitor","Matryoshka","Kunai","Smiling Mask","Frozen Egg 2","Philosopher\u0027s Stone","SsserpentHead","Lee\u0027s Waffle","Orichalcum","Boot","Shovel","Letter Opener"],"potions_floor_usage":[16,23,23,33,33],"damage_taken":[{"damage":0,"enemies":"2 Louse","floor":1,"turns":2},{"damage":0,"enemies":"Jaw Worm","floor":4,"turns":3},{"damage":0,"enemies":"Cultist","floor":5,"turns":3},{"damage":15,"enemies":"Exordium Thugs","floor":6,"turns":3},{"damage":0,"enemies":"Exordium Wildlife","floor":8,"turns":3},{"damage":11,"enemies":"3 Sentries","floor":10,"turns":6},{"damage":0,"enemies":"Lots of Slimes","floor":12,"turns":1},{"damage":3,"enemies":"Looter","floor":13,"turns":3},{"damage":0,"enemies":"Gremlin Gang","floor":14,"turns":5},{"damage":0,"enemies":"The Guardian","floor":16,"turns":9},{"damage":0,"enemies":"Spheric Guardian","floor":18,"turns":4},{"damage":57,"enemies":"Slavers","floor":23,"turns":8},{"damage":26,"enemies":"Book of Stabbing","floor":25,"turns":6},{"damage":1,"enemies":"Chosen","floor":30,"turns":3},{"damage":16,"enemies":"3 Cultists","floor":31,"turns":5},{"damage":9,"enemies":"Automaton","floor":33,"turns":9},{"damage":0,"enemies":"Orb Walker","floor":35,"turns":4},{"damage":26,"enemies":"3 Darklings","floor":37,"turns":3},{"damage":25,"enemies":"Writhing Mass","floor":38,"turns":7},{"damage":2,"enemies":"Jaw Worm Horde","floor":41,"turns":6},{"damage":13,"enemies":"Transient","floor":47,"turns":5},{"damage":13,"enemies":"Spire Growth","floor":48,"turns":4},{"damage":73,"enemies":"Awakened One","floor":50,"turns":6}],"seed_played":"2954048314616127257","potions_obtained":[{"floor":10,"key":"FairyPotion"},{"floor":12,"key":"Regen Potion"},{"floor":13,"key":"EssenceOfSteel"},{"floor":14,"key":"PowerPotion"},{"floor":16,"key":"Regen Potion"},{"floor":23,"key":"Strength Potion"},{"floor":25,"key":"FocusPotion"},{"floor":30,"key":"AttackPotion"},{"floor":38,"key":"SteroidPotion"}],"is_trial":false,"path_per_floor":["?","?","?","$","?","M","?","T","$","M"],"character_chosen":"DEFECT","items_purchased":["Defragment","Conserve Battery","HandOfGreed","Conserve Battery","Runic Capacitor","Cold Snap","Lee\u0027s Waffle","Storm+1","Turbo","Force Field"],"campfire_rested":4,"item_purchase_floors":[3,3,3,21,21,22,39,44,44,46],"current_hp_per_floor":[68,68,68,68,68,53,53,53,53,42,42,42,39,39,59,59,68,68,68,52,52,52,44,44,18,18,38,38,58,57,41,61,52,68,68,68,52,37,72,72,72,72,72,72,72,72,69,56,56,0],"gold":248,"neow_bonus":"TWO_FIFTY_GOLD","is_prod":false,"is_daily":false,"chose_seed":false,"campfire_upgraded":5,"win_rate":0,"timestamp":1556319149,"path_taken":["M","?","$","M","M","M","R","M","T","E","R","M","M","M","R","BOSS","M","?","?","?","$","E","R","E","T","R","?","R","M","?","R","BOSS","M","?","M","M","$","R","M","R","T","$","?","?","M","?","R","BOSS"],"build_version":"2019-01-23","purchased_purges":2,"victory":false,"max_hp_per_floor":[68,68,68,68,68,68,68,68,68,68,68,68,68,68,68,68,68,68,68,68,68,68,68,68,68,68,68,68,68,68,68,68,68,68,68,68,68,68,72,72,72,72,72,72,72,72,72,72,72,72],"card_choices":[{"not_picked":["Turbo","Compile Driver"],"picked":"Doom and Gloom","floor":1},{"not_picked":["Recycle","Lockon","Steam"],"picked":"SKIP","floor":4},{"not_picked":["Beam Cell","Go for the Eyes"],"picked":"Double Energy","floor":5},{"not_picked":["FTL","Steam Power"],"picked":"Cold Snap","floor":6},{"not_picked":["Lockon","Beam Cell"],"picked":"Rainbow","floor":8},{"not_picked":["Recycle","Auto Shields"],"picked":"Chaos","floor":10},{"not_picked":["Sweeping Beam","Lockon"],"picked":"Ball Lightning","floor":12},{"not_picked":["BootSequence","Turbo"],"picked":"Glacier","floor":13},{"not_picked":["Go for the Eyes","Barrage"],"picked":"White Noise","floor":14},{"not_picked":["Hyperbeam","Meteor Strike"],"picked":"Seek","floor":16},{"not_picked":["Sweeping Beam+1","Leap"],"picked":"Auto Shields","floor":18},{"not_picked":["BootSequence","Recycle"],"picked":"Blizzard","floor":23},{"not_picked":["Steam Power","Compile Driver"],"picked":"Conserve Battery","floor":25},{"not_picked":["Hologram","Redo"],"picked":"Chill","floor":30},{"not_picked":["BootSequence","Steam+1"],"picked":"Conserve Battery","floor":31},{"not_picked":["Seek","Reboot"],"picked":"Creative AI+1","floor":33},{"not_picked":["Coolheaded+1","Double Energy+1"],"picked":"Self Repair+1","floor":35},{"not_picked":["Go for the Eyes","Capacitor+1"],"picked":"Blizzard+1","floor":37},{"not_picked":["Streamline","Heatsinks+1","Blizzard"],"picked":"SKIP","floor":38},{"not_picked":["Hologram","Steam+1","Stack"],"picked":"SKIP","floor":41},{"not_picked":["Ball Lightning","Redo+1"],"picked":"Turbo+1","floor":47},{"not_picked":["Go for the Eyes+1","Rebound","Sweeping Beam"],"picked":"SKIP","floor":48}],"player_experience":409488,"relics_obtained":[{"floor":9,"key":"Ancient Tea Set"},{"floor":10,"key":"Happy Flower"},{"floor":20,"key":"Necronomicon"},{"floor":23,"key":"Matryoshka"},{"floor":25,"key":"Kunai"},{"floor":26,"key":"Smiling Mask"},{"floor":26,"key":"Frozen Egg 2"},{"floor":43,"key":"Orichalcum"},{"floor":43,"key":"Boot"},{"floor":45,"key":"Shovel"},{"floor":49,"key":"Letter Opener"}],"event_choices":[{"damage_healed":0,"gold_gain":0,"cards_transformed":["Strike_B"],"player_choice":"Change","damage_taken":0,"max_hp_gain":0,"max_hp_loss":0,"event_name":"Living Wall","floor":2,"gold_loss":0,"cards_obtained":["Rebound"]},{"damage_healed":0,"gold_gain":0,"player_choice":"Ignored","damage_taken":0,"max_hp_gain":0,"max_hp_loss":0,"event_name":"Vampires","floor":19,"gold_loss":0},{"damage_healed":0,"gold_gain":0,"player_choice":"Obtained Book","damage_taken":16,"max_hp_gain":0,"max_hp_loss":0,"event_name":"Cursed Tome","floor":20,"gold_loss":0},{"damage_healed":0,"gold_gain":100,"player_choice":"Bet on Murderer","damage_taken":0,"max_hp_gain":0,"max_hp_loss":0,"event_name":"The Joust","floor":28,"gold_loss":50},{"damage_healed":0,"gold_gain":0,"player_choice":"Trade","damage_taken":0,"relics_obtained":["SsserpentHead"],"max_hp_gain":0,"max_hp_loss":0,"event_name":"FaceTrader","floor":36,"gold_loss":0}],"is_beta":false,"boss_relics":[{"not_picked":["Runic Dome","Lizard Tail"],"picked":"Pandora\u0027s Box"},{"not_picked":["Snecko Eye","Busted Crown"],"picked":"Philosopher\u0027s Stone"}],"items_purged_floors":[3,39],"is_endless":false,"potions_floor_spawned":[10,12,13,14,16,23,25,30,38],"killed_by":"Awakened One","ascension_level":0}