{"gold_per_floor":[17,17,33,44,57,57,85,104,104,54,54,67,67,80,80,177,177,194,194],"floor_reached":19,"playtime":1864,"items_purged":[],"score":214,"play_id":"27e5e605-c05d-4ec9-8841-49ae06916139","local_time":"20190529130027","is_ascension_mode":true,"campfire_choices":[{"floor":6.0,"key":"DIG"},{"data":"Defragment","floor":11.0,"key":"SMITH"},{"floor":13.0,"key":"REST"},{"data":"Zap","floor":15.0,"key":"SMITH"}],"neow_cost":"NO_GOLD","seed_source_timestamp":1992129851363350,"circlet_count":0,"master_deck":["Strike_B","Strike_B","Strike_B","Defend_B","Defend_B","Defend_B","Defend_B","Zap+1","Dualcast","Reinforced Body","Consume","Doom and Gloom","Defragment+1","Echo Form","Ball Lightning","Conserve Battery","Auto Shields","Buffer","Redo+1"],"special_seed":0,"relics":["Cracked Core","Shovel","Sundial","Thread and Needle","Ice Cream","Inserter"],"potions_floor_usage":[19],"damage_taken":[{"damage":3.0,"enemies":"Small Slimes","floor":1.0,"turns":4.0},{"damage":1.0,"enemies":"Cultist","floor":3.0,"turns":4.0},{"damage":0.0,"enemies":"2 Louse","floor":4.0,"turns":3.0},{"damage":31.0,"enemies":"Gremlin Gang","floor":5.0,"turns":4.0},{"damage":20.0,"enemies":"Lagavulin","floor":7.0,"turns":6.0},{"damage":3.0,"enemies":"Large Slime","floor":8.0,"turns":4.0},{"damage":2.0,"enemies":"Looter","floor":12.0,"turns":3.0},{"damage":3.0,"enemies":"3 Louse","floor":14.0,"turns":3.0},{"damage":27.0,"enemies":"Slime Boss","floor":16.0,"turns":8.0},{"damage":5.0,"enemies":"Shell Parasite","floor":18.0,"turns":7.0},{"damage":56,"enemies":"Masked Bandits","floor":19,"turns":3}],"seed_played":"-5394576177975173569","potions_obtained":[{"floor":1.0,"key":"Ancient Potion"},{"floor":3.0,"key":"Regen Potion"},{"floor":5.0,"key":"FocusPotion"},{"floor":12.0,"key":"SpeedPotion"}],"is_trial":false,"path_per_floor":["M","$","M","M","M","R","E","M","T","?","R","M","R","M","R","B",null,"M","?"],"character_chosen":"DEFECT","items_purchased":[],"campfire_rested":1,"item_purchase_floors":[],"current_hp_per_floor":[72,72,71,71,51,51,31,28,28,28,28,26,48,45,45,18,61,56,0],"gold":194,"neow_bonus":"ONE_RARE_RELIC","is_prod":false,"is_daily":false,"chose_seed":false,"campfire_upgraded":2,"win_rate":0,"timestamp":1559149227,"path_taken":["M","$","M","M","M","R","E","M","T","?","R","M","R","M","R","BOSS","M","?"],"build_version":"2019-01-23","purchased_purges":0,"victory":false,"max_hp_per_floor":[75,75,75,75,75,75,75,75,75,75,75,75,75,75,75,75,75,75,75],"card_choices":[{"not_picked":["Double Energy","Streamline"],"picked":"Reinforced Body","floor":1.0},{"not_picked":["Genetic Algorithm","Streamline"],"picked":"Consume","floor":3.0},{"not_picked":["Genetic Algorithm","Go for the Eyes"],"picked":"Doom and Gloom","floor":4.0},{"not_picked":["Rebound","Streamline"],"picked":"Defragment","floor":5.0},{"not_picked":["Melter","Darkness"],"picked":"Echo Form","floor":7.0},{"not_picked":["Turbo","Auto Shields"],"picked":"Ball Lightning","floor":8.0},{"not_picked":["Rebound","Beam Cell"],"picked":"Conserve Battery","floor":12.0},{"not_picked":["Blizzard","Melter"],"picked":"Auto Shields","floor":14.0},{"not_picked":["Amplify","Electrodynamics"],"picked":"Buffer","floor":16.0},{"not_picked":["Turbo","Cold Snap"],"picked":"Redo+1","floor":18.0}],"player_experience":297083,"relics_obtained":[{"floor":6.0,"key":"Sundial"},{"floor":7.0,"key":"Thread and Needle"},{"floor":9.0,"key":"Ice Cream"}],"event_choices":[{"cards_removed":["Strike_B"],"damage_healed":0.0,"max_hp_gain":0.0,"max_hp_loss":0.0,"gold_gain":0.0,"event_name":"The Cleric","player_choice":"Card Removal","floor":10.0,"gold_loss":50.0,"damage_taken":0.0},{"damage_healed":0,"gold_gain":0,"player_choice":"Fought Bandits","damage_taken":0,"max_hp_gain":0,"max_hp_loss":0,"event_name":"Masked Bandits","floor":19,"gold_loss":0}],"is_beta":false,"boss_relics":[{"not_picked":["Runic Pyramid","Snecko Eye"],"picked":"Inserter"}],"items_purged_floors":[],"is_endless":false,"potions_floor_spawned":[1,3,5,12],"killed_by":"Masked Bandits","ascension_level":5}