{"gold_per_floor":[118,118,118,137,11,55,79,79,131,143,178,208,254,287,299,442,454,490,477,503,539,112,112,135,60,60,60,185,185,199,122,122,122],"floor_reached":33,"playtime":2969,"items_purged":["Strike_R","Rupture"],"score":259,"play_id":"3c16a899-c414-4416-ac31-ed1daa054486","local_time":"20190106202900","is_ascension_mode":false,"campfire_choices":[{"floor":8,"key":"REST"},{"data":"1","floor":15,"key":"LIFT"},{"floor":23,"key":"REST"},{"data":"2","floor":27,"key":"LIFT"},{"floor":32,"key":"REST"}],"neow_cost":"NONE","seed_source_timestamp":698189840630299,"circlet_count":0,"master_deck":["Strike_R","Strike_R","Strike_R","Strike_R","Defend_R","Defend_R","Defend_R","Defend_R","Bash","Ghostly Armor","Bash","Blind","Pommel Strike","Anger","Battle Trance","Ghostly Armor","Shrug It Off","Second Wind","Armaments","Body Slam","Barricade","Flex+1","Second Wind","Cleave","Master of Strategy","Fiend Fire","Anger","Feel No Pain","Burning Pact+1","Shrug It Off+1","Entrench+1"],"relics":["Burning Blood","Golden Idol","Bronze Scales","MawBank","Girya","Regal Pillow","Runic Cube","Thread and Needle","Pocketwatch","Toxic Egg 2"],"potions_floor_usage":[28,28,28],"damage_taken":[{"damage":7,"enemies":"2 Louse","floor":1,"turns":3},{"damage":0,"enemies":"Small Slimes","floor":4,"turns":3},{"damage":35,"enemies":"Lagavulin","floor":6,"turns":7},{"damage":0,"enemies":"Cultist","floor":7,"turns":2},{"damage":0,"enemies":"Exordium Thugs","floor":11,"turns":5},{"damage":14,"enemies":"Gremlin Gang","floor":12,"turns":4},{"damage":14,"enemies":"Gremlin Nob","floor":13,"turns":5},{"damage":6,"enemies":"Large Slime","floor":14,"turns":7},{"damage":17,"enemies":"Hexaghost","floor":16,"turns":11},{"damage":18,"enemies":"Spheric Guardian","floor":18,"turns":6},{"damage":22,"enemies":"2 Thieves","floor":19,"turns":5},{"damage":14,"enemies":"Centurion and Healer","floor":20,"turns":6},{"damage":36,"enemies":"Snecko","floor":21,"turns":9},{"damage":21,"enemies":"Chosen and Byrds","floor":24,"turns":5},{"damage":8,"enemies":"Colosseum Slavers","floor":28,"turns":4},{"damage":34,"enemies":"Colosseum Nobs","floor":28,"turns":5},{"damage":6,"enemies":"Sentry and Sphere","floor":30,"turns":3},{"damage":27,"enemies":"Collector","floor":33,"turns":5}],"seed_played":"-4692721425149503900","potions_obtained":[{"floor":1,"key":"PowerPotion"},{"floor":7,"key":"Weak Potion"},{"floor":13,"key":"EssenceOfSteel"},{"floor":30,"key":"SkillPotion"}],"is_trial":false,"path_per_floor":["M","?","?","M","$","E","M","R","T","T","M","M","E","M","R","B",null,"M","M","M","M","$","R","M","$","T","R","?","?","M","$","R","B"],"character_chosen":"IRONCLAD","items_purchased":["Anger","Master of Strategy","Fiend Fire","Feel No Pain","Entrench+1"],"campfire_rested":3,"item_purchase_floors":[5,22,22,25,31],"current_hp_per_floor":[87,65,65,71,71,42,48,74,74,74,80,72,64,64,64,53,88,76,60,52,22,22,63,48,48,48,48,18,18,18,18,59,32],"gold":122,"neow_bonus":"TEN_PERCENT_HP_BONUS","is_prod":false,"is_daily":false,"chose_seed":false,"campfire_upgraded":0,"win_rate":0.0,"timestamp":1546828140,"path_taken":["M","?","?","M","$","E","?","R","T","?","?","M","E","M","R","BOSS","M","M","M","M","$","R","M","$","T","R","?","?","M","$","R","BOSS"],"build_version":"2019-01-03v4","purchased_purges":2,"victory":false,"max_hp_per_floor":[88,88,88,88,88,88,88,88,88,88,88,88,88,88,88,88,88,88,88,88,88,88,88,88,88,88,88,88,88,88,88,88,88],"card_choices":[{"not_picked":["Body Slam","Flex"],"picked":"Ghostly Armor","floor":1},{"not_picked":["Twin Strike","Dropkick"],"picked":"Pommel Strike","floor":4},{"not_picked":["Sever Soul","Armaments"],"picked":"Battle Trance","floor":6},{"not_picked":["Heavy Blade","Power Through"],"picked":"Ghostly Armor","floor":7},{"not_picked":["Searing Blow","Spot Weakness"],"picked":"Shrug It Off","floor":11},{"not_picked":["Sword Boomerang","Warcry"],"picked":"Second Wind","floor":12},{"not_picked":["Warcry","Carnage"],"picked":"Armaments","floor":13},{"not_picked":["Dual Wield","Warcry"],"picked":"Body Slam","floor":14},{"not_picked":["Impervious","Dark Embrace"],"picked":"Barricade","floor":16},{"not_picked":["Inflame","Sever Soul"],"picked":"Rupture","floor":18},{"not_picked":["Shrug It Off","Headbutt"],"picked":"Flex+1","floor":19},{"not_picked":["Power Through+1","Sever Soul+1"],"picked":"Second Wind","floor":20},{"not_picked":["Clash+1","Perfected Strike"],"picked":"Cleave","floor":21},{"not_picked":["Pommel Strike","Limit Break"],"picked":"Anger","floor":24},{"not_picked":["Reckless Charge","Pommel Strike+1"],"picked":"Burning Pact","floor":28},{"not_picked":["Flex+1","Warcry+1"],"picked":"Shrug It Off+1","floor":30}],"player_experience":29959,"relics_obtained":[{"floor":6,"key":"Bronze Scales"},{"floor":9,"key":"MawBank"},{"floor":10,"key":"Girya"},{"floor":13,"key":"Regal Pillow"},{"floor":26,"key":"Thread and Needle"},{"floor":28,"key":"Pocketwatch"},{"floor":28,"key":"Toxic Egg 2"}],"event_choices":[{"damage_healed":0,"gold_gain":0,"player_choice":"Take Damage","damage_taken":22,"relics_obtained":["Golden Idol"],"max_hp_gain":0,"max_hp_loss":0,"event_name":"Golden Idol","floor":2,"gold_loss":0},{"damage_healed":0,"gold_gain":0,"player_choice":"2 cards matched","damage_taken":0,"max_hp_gain":0,"max_hp_loss":0,"event_name":"Match and Keep!","floor":3,"gold_loss":0,"cards_obtained":["Bash","Blind"]},{"damage_healed":0,"gold_gain":0,"player_choice":"Fight","damage_taken":0,"max_hp_gain":0,"max_hp_loss":0,"event_name":"Colosseum","floor":28,"gold_loss":0},{"damage_healed":0,"gold_gain":0,"player_choice":"Fought Nobs","damage_taken":0,"max_hp_gain":0,"max_hp_loss":0,"event_name":"Colosseum","floor":28,"gold_loss":0},{"damage_healed":0,"gold_gain":0,"player_choice":"Ignored","damage_taken":0,"max_hp_gain":0,"max_hp_loss":0,"event_name":"Ghosts","floor":29,"gold_loss":0}],"is_beta":false,"boss_relics":[{"not_picked":["Lizard Tail","Philosopher\u0027s Stone"],"picked":"Runic Cube"}],"items_purged_floors":[5,22],"is_endless":false,"potions_floor_spawned":[1,7,13,20,21,24,30],"killed_by":"Collector","ascension_level":0}