{"gold_per_floor":[111,111,111,121,133,168,168,28,52,69,69,69,83,101,101,205,205,218,233,37,52,63,93,93,106,106,117,117,133,150,170,170,268,268,278,295,295,27,27,27],"floor_reached":40,"playtime":3432,"items_purged":["Strike_B"],"score":441,"play_id":"7aebef21-e52c-4ec1-ae02-30c5bead5b12","local_time":"20190224105158","is_ascension_mode":false,"campfire_choices":[{"floor":7,"key":"REST"},{"floor":12,"key":"REST"},{"data":"Rainbow","floor":15,"key":"SMITH"},{"floor":24,"key":"REST"},{"floor":32,"key":"REST"}],"neow_cost":"NONE","seed_source_timestamp":997424438301210,"circlet_count":0,"master_deck":["Strike_B+1","Defend_B","Defend_B","Defend_B","Zap","Dualcast","Glacier","Static Discharge","Static Discharge+1","Undo","Sunder","Conserve Battery","Defragment","Conserve Battery","Streamline+1","Self Repair","Fusion","Rainbow+1","Meteor Strike","Defragment+1","Heatsinks+1","Stack+1","Chill","Aggregate","Storm","Coolheaded","Turbo","Cold Snap","Fusion","Steam","Static Discharge","Steam","Storm","Turbo","Seek","Steam+1","Hello World+1","Self Repair","Coolheaded","Madness"],"relics":["Cracked Core","Bag of Marbles","Happy Flower","Astrolabe","Juzu Bracelet","Kunai","CultistMask","Black Star","PreservedInsect"],"potions_floor_usage":[16,23],"damage_taken":[{"damage":3,"enemies":"2 Louse","floor":1,"turns":2},{"damage":0,"enemies":"Cultist","floor":2,"turns":4},{"damage":6,"enemies":"Jaw Worm","floor":4,"turns":4},{"damage":11,"enemies":"Gremlin Gang","floor":5,"turns":3},{"damage":13,"enemies":"3 Sentries","floor":6,"turns":8},{"damage":2,"enemies":"Exordium Wildlife","floor":10,"turns":4},{"damage":0,"enemies":"2 Fungi Beasts","floor":13,"turns":2},{"damage":13,"enemies":"Exordium Thugs","floor":14,"turns":4},{"damage":17,"enemies":"Slime Boss","floor":16,"turns":9},{"damage":5,"enemies":"Chosen","floor":18,"turns":7},{"damage":2,"enemies":"Shell Parasite","floor":19,"turns":8},{"damage":3,"enemies":"Snake Plant","floor":21,"turns":6},{"damage":7,"enemies":"Shelled Parasite and Fungi","floor":22,"turns":5},{"damage":39,"enemies":"Slavers","floor":23,"turns":3},{"damage":15,"enemies":"Cultist and Chosen","floor":25,"turns":5},{"damage":8,"enemies":"Snake Plant","floor":27,"turns":5},{"damage":1,"enemies":"Chosen and Byrds","floor":29,"turns":5},{"damage":10,"enemies":"Cultist and Chosen","floor":30,"turns":4},{"damage":14,"enemies":"Centurion and Healer","floor":31,"turns":3},{"damage":79,"enemies":"Champ","floor":33,"turns":9},{"damage":48,"enemies":"3 Darklings","floor":35,"turns":4},{"damage":2,"enemies":"3 Shapes","floor":36,"turns":9},{"damage":79,"enemies":"Reptomancer","floor":40,"turns":2}],"seed_played":"-8289660835390183442","potions_obtained":[{"floor":4,"key":"GamblersBrew"},{"floor":5,"key":"EssenceOfSteel"},{"floor":6,"key":"Ancient Potion"},{"floor":21,"key":"Explosive Potion"},{"floor":25,"key":"SteroidPotion"},{"floor":27,"key":"FairyPotion"},{"floor":35,"key":"Swift Potion"}],"is_trial":false,"path_per_floor":["?","M","?","?","?","?"],"character_chosen":"DEFECT","items_purchased":["Defragment","Conserve Battery","Streamline","Storm","Coolheaded","PreservedInsect","Self Repair","Coolheaded"],"campfire_rested":4,"item_purchase_floors":[8,8,8,20,20,38,38,38],"current_hp_per_floor":[72,72,72,66,55,42,64,64,64,62,47,69,69,63,63,46,75,75,75,75,75,75,43,65,57,57,49,49,55,52,38,60,14,75,34,32,66,66,66,0],"gold":27,"neow_bonus":"THREE_CARDS","is_prod":false,"is_daily":false,"chose_seed":false,"campfire_upgraded":1,"win_rate":0,"timestamp":1551023518,"path_taken":["M","M","?","?","M","E","R","$","T","M","?","R","M","M","R","BOSS","M","M","$","M","M","E","R","M","T","M","?","M","M","M","R","BOSS","M","M","?","$","?","E"],"build_version":"2019-01-23","purchased_purges":1,"victory":false,"max_hp_per_floor":[75,75,75,75,75,75,75,75,75,75,75,75,75,75,75,75,75,75,75,75,75,75,75,75,75,75,75,75,75,75,75,75,75,75,75,75,66,66,66,66],"card_choices":[{"not_picked":["Auto Shields","Steam"],"picked":"Glacier","floor":0},{"not_picked":["Beam Cell","Sweeping Beam"],"picked":"Static Discharge","floor":1},{"not_picked":["Heatsinks","Stack"],"picked":"Static Discharge","floor":2},{"not_picked":["Barrage","Hologram"],"picked":"Undo","floor":4},{"not_picked":["Compile Driver","Redo"],"picked":"Sunder","floor":5},{"not_picked":["FTL","Stack"],"picked":"Conserve Battery","floor":6},{"not_picked":["Redo","Rebound"],"picked":"Self Repair","floor":10},{"not_picked":["Coolheaded","Go for the Eyes"],"picked":"Fusion","floor":13},{"not_picked":["Compile Driver","Cold Snap"],"picked":"Rainbow","floor":14},{"not_picked":["Machine Learning","Echo Form"],"picked":"Meteor Strike","floor":16},{"not_picked":["Stack","Steam"],"picked":"Chill","floor":18},{"not_picked":["Barrage","Beam Cell"],"picked":"Aggregate","floor":19},{"not_picked":["Hologram+1","Doom and Gloom"],"picked":"Turbo","floor":21},{"not_picked":["Leap","Hologram"],"picked":"Cold Snap","floor":22},{"not_picked":["Hologram","Redo"],"picked":"Fusion","floor":23},{"not_picked":["Beam Cell","Compile Driver"],"picked":"Steam","floor":25},{"not_picked":["Multi-Cast","Steam"],"picked":"Static Discharge","floor":27},{"not_picked":["Go for the Eyes","Chaos"],"picked":"Steam","floor":29},{"not_picked":["FTL","Self Repair"],"picked":"Storm","floor":30},{"not_picked":["Beam Cell","Streamline+1"],"picked":"Turbo","floor":31},{"not_picked":["Core Surge","Rainbow"],"picked":"Seek","floor":33},{"not_picked":["Coolheaded","Barrage"],"picked":"Steam+1","floor":35},{"not_picked":["BootSequence","Stack+1"],"picked":"Hello World+1","floor":36},{"not_picked":["Forethought","Blind"],"picked":"Madness","floor":39}],"player_experience":185656,"relics_obtained":[{"floor":6,"key":"Bag of Marbles"},{"floor":9,"key":"Happy Flower"},{"floor":23,"key":"Juzu Bracelet"},{"floor":26,"key":"Kunai"}],"event_choices":[{"damage_healed":0,"gold_gain":0,"player_choice":"Forge","damage_taken":0,"max_hp_gain":0,"max_hp_loss":0,"event_name":"Accursed Blacksmith","floor":3,"gold_loss":0,"cards_upgraded":["Static Discharge"]},{"damage_healed":0,"gold_gain":0,"player_choice":"Entered Light","damage_taken":15,"max_hp_gain":0,"max_hp_loss":0,"event_name":"Shining Light","floor":11,"gold_loss":0,"cards_upgraded":["Streamline","Strike_B"]},{"damage_healed":0,"gold_gain":0,"player_choice":"Trade","damage_taken":0,"relics_obtained":["CultistMask"],"max_hp_gain":0,"max_hp_loss":0,"event_name":"FaceTrader","floor":28,"gold_loss":0},{"damage_healed":66,"gold_gain":0,"player_choice":"Heal","damage_taken":0,"max_hp_gain":0,"max_hp_loss":9,"event_name":"The Moai Head","floor":37,"gold_loss":0},{"damage_healed":0,"gold_gain":0,"player_choice":"Memory 1","damage_taken":0,"max_hp_gain":0,"max_hp_loss":0,"event_name":"SensoryStone","floor":39,"gold_loss":0}],"is_beta":false,"boss_relics":[{"not_picked":["Runic Pyramid","Coffee Dripper"],"picked":"Astrolabe"},{"not_picked":["Pandora\u0027s Box","Busted Crown"],"picked":"Black Star"}],"items_purged_floors":[20],"is_endless":false,"potions_floor_spawned":[4,5,6,14,21,25,27,29,30,31,35,36],"killed_by":"Reptomancer","ascension_level":0}