{"gold_per_floor":[110,110,125,50,30,56,70,87,113,128,139,139,152,187,187,291,291,302,302,108,127,146,146,162,162,162,173,189,222,222,233,233,233],"floor_reached":33,"playtime":3635,"items_purged":["Strike_R","Strike_R"],"score":333,"play_id":"12f815c2-c004-4cec-b69b-17d1882975d7","local_time":"20190502223050","is_ascension_mode":false,"campfire_choices":[{"data":"Twin Strike","floor":12,"key":"SMITH"},{"data":"Demon Form","floor":15,"key":"SMITH"},{"data":"Heavy Blade","floor":23,"key":"SMITH"},{"data":"True Grit","floor":25,"key":"SMITH"},{"data":"Dark Embrace","floor":32,"key":"SMITH"}],"neow_cost":"NONE","seed_source_timestamp":259310348157500,"circlet_count":0,"master_deck":["Defend_R","Defend_R","Defend_R","Defend_R","Bash","Shrug It Off","Twin Strike","Heavy Blade+1","Twin Strike+1","Whirlwind","True Grit+1","Demon Form+1","Twin Strike+1","Corruption","Rupture","Flash of Steel","Twin Strike","Iron Wave+1","Dark Embrace+1","Iron Wave"],"relics":["Burning Blood","NeowsBlessing","Happy Flower","Oddly Smooth Stone","Bag of Marbles","Mark of Pain","Thread and Needle"],"potions_floor_usage":[14,18,22,24,27,27,33],"damage_taken":[{"damage":0,"enemies":"2 Louse","floor":1,"turns":1},{"damage":0,"enemies":"Small Slimes","floor":3,"turns":1},{"damage":0,"enemies":"3 Sentries","floor":6,"turns":2},{"damage":1,"enemies":"Cultist","floor":7,"turns":4},{"damage":5,"enemies":"Looter","floor":8,"turns":3},{"damage":1,"enemies":"Blue Slaver","floor":10,"turns":4},{"damage":0,"enemies":"Large Slime","floor":11,"turns":5},{"damage":1,"enemies":"3 Louse","floor":13,"turns":3},{"damage":14,"enemies":"Gremlin Nob","floor":14,"turns":3},{"damage":43,"enemies":"The Guardian","floor":16,"turns":8},{"damage":12,"enemies":"3 Byrds","floor":18,"turns":6},{"damage":25,"enemies":"2 Thieves","floor":21,"turns":4},{"damage":15,"enemies":"Snake Plant","floor":22,"turns":3},{"damage":6,"enemies":"Centurion and Healer","floor":24,"turns":4},{"damage":11,"enemies":"Shelled Parasite and Fungi","floor":27,"turns":4},{"damage":19,"enemies":"Snake Plant","floor":28,"turns":5},{"damage":28,"enemies":"Book of Stabbing","floor":29,"turns":5},{"damage":7,"enemies":"Centurion and Healer","floor":31,"turns":5},{"damage":18,"enemies":"Collector","floor":33,"turns":6}],"seed_played":"-5420196966352808564","potions_obtained":[{"floor":3,"key":"LiquidBronze"},{"floor":5,"key":"SkillPotion"},{"floor":8,"key":"SteroidPotion"},{"floor":10,"key":"AttackPotion"},{"floor":14,"key":"BloodPotion"},{"floor":18,"key":"Regen Potion"},{"floor":22,"key":"Strength Potion"},{"floor":29,"key":"Ancient Potion"},{"floor":31,"key":"SteroidPotion"}],"is_trial":false,"path_per_floor":["M","?","M","$","?","E","M","M","T","M","M","R","M","E","R","B",null,"M","?","$","M","M","R","M","R","T","M","M","E","?","M","R","B"],"character_chosen":"IRONCLAD","items_purchased":["Flash of Steel"],"campfire_rested":0,"item_purchase_floors":[20],"current_hp_per_floor":[80,73,79,79,79,80,80,80,80,80,80,80,80,72,72,35,80,74,74,74,55,54,54,66,66,66,61,48,26,26,25,25,7],"gold":233,"neow_bonus":"THREE_ENEMY_KILL","is_prod":false,"is_daily":false,"chose_seed":false,"campfire_upgraded":5,"win_rate":0,"timestamp":1556854250,"path_taken":["M","?","M","$","?","E","M","M","T","M","M","R","?","E","R","BOSS","M","?","$","M","M","R","M","R","T","M","M","E","?","M","R","BOSS"],"build_version":"2019-01-23","purchased_purges":2,"victory":false,"max_hp_per_floor":[80,80,80,80,80,80,80,80,80,80,80,80,80,80,80,80,80,80,80,80,80,80,80,80,80,80,80,80,80,80,80,80,80],"card_choices":[{"not_picked":["Perfected Strike","Havoc"],"picked":"Shrug It Off","floor":1},{"not_picked":["Warcry","Clothesline"],"picked":"Twin Strike","floor":3},{"not_picked":["Pummel","Double Tap"],"picked":"Heavy Blade","floor":6},{"not_picked":["Warcry","Heavy Blade"],"picked":"Twin Strike","floor":7},{"not_picked":["Evolve","Entrench","Sentinel"],"picked":"SKIP","floor":8},{"not_picked":["Body Slam","Entrench","Sentinel"],"picked":"SKIP","floor":10},{"not_picked":["Pummel","Clash"],"picked":"Whirlwind","floor":11},{"not_picked":["Clash","Body Slam"],"picked":"True Grit","floor":13},{"not_picked":["Warcry","Perfected Strike"],"picked":"Demon Form","floor":14},{"not_picked":["Clothesline","Pummel+1"],"picked":"Twin Strike+1","floor":18},{"not_picked":["Disarm","Body Slam"],"picked":"Twin Strike","floor":21},{"not_picked":["Intimidate","Clash"],"picked":"Iron Wave+1","floor":22},{"not_picked":["Wild Strike","Body Slam","Rupture+1"],"picked":"SKIP","floor":24},{"not_picked":["Flex","Headbutt","Warcry"],"picked":"SKIP","floor":27},{"not_picked":["Uppercut+1","Clash"],"picked":"Dark Embrace","floor":28},{"not_picked":["Bludgeon","Body Slam","Rupture"],"picked":"SKIP","floor":29},{"not_picked":["Body Slam","Perfected Strike+1"],"picked":"Iron Wave","floor":31}],"player_experience":253342,"relics_obtained":[{"floor":6,"key":"Happy Flower"},{"floor":9,"key":"Oddly Smooth Stone"},{"floor":14,"key":"Bag of Marbles"},{"floor":29,"key":"Thread and Needle"}],"event_choices":[{"cards_removed":["Strike_R"],"damage_healed":0,"gold_gain":0,"player_choice":"Card Removal","damage_taken":7,"max_hp_gain":0,"max_hp_loss":0,"event_name":"Golden Wing","floor":2,"gold_loss":0},{"damage_healed":0,"gold_gain":0,"player_choice":"Bought 1 Potion","damage_taken":0,"max_hp_gain":0,"max_hp_loss":0,"event_name":"The Woman in Blue","floor":5,"gold_loss":0},{"damage_healed":0,"gold_gain":0,"cards_transformed":["Strike_R","Strike_R"],"player_choice":"Became Test Subject","damage_taken":0,"max_hp_gain":0,"max_hp_loss":0,"event_name":"Drug Dealer","floor":19,"gold_loss":0,"cards_obtained":["Corruption","Rupture"]},{"damage_healed":0,"gold_gain":0,"player_choice":"Ignored","damage_taken":0,"max_hp_gain":0,"max_hp_loss":0,"event_name":"Ghosts","floor":30,"gold_loss":0}],"is_beta":false,"boss_relics":[{"not_picked":["Orrery","Runic Pyramid"],"picked":"Mark of Pain"}],"items_purged_floors":[4,20],"is_endless":false,"potions_floor_spawned":[3,8,10,13,14,18,21,22,29,31],"killed_by":"Collector","ascension_level":0}