{"gold_per_floor":[112,123,137,150,166,197,210,138,163,178,236,236,255,288,288,391,391,402,417,429,429,429,429,504,538,538,538,548,548,43,63,63,63],"floor_reached":33,"playtime":3885,"items_purged":[],"score":306,"play_id":"f44cf0b6-c55b-4979-aaa1-daea5ea5d21c","local_time":"20190220183709","is_ascension_mode":false,"campfire_choices":[{"floor":12,"key":"REST"},{"data":"Combust","floor":15,"key":"SMITH"},{"floor":23,"key":"REST"},{"floor":27,"key":"REST"},{"floor":29,"key":"REST"},{"data":"Limit Break","floor":32,"key":"SMITH"}],"neow_cost":"NONE","seed_source_timestamp":679344592826918,"circlet_count":0,"master_deck":["Strike_R","Strike_R","Strike_R","Strike_R","Strike_R","Defend_R","Defend_R","Defend_R","Defend_R","Bash","Shrug It Off","Burning Pact","Rampage","Reckless Charge","Searing Blow","Fiend Fire","Thunderclap","Reckless Charge","Battle Trance","Dark Embrace","Combust+1","Impervious","Body Slam","Clash+1","Limit Break+1","Iron Wave+1","Rampage","Metallicize","Violence","Flame Barrier","Thunderclap"],"relics":["Burning Blood","Pear","Bronze Scales","Bag of Marbles","Black Star","Nilry\u0027s Codex","Omamori","Bag of Preparation","Question Card","Brimstone"],"potions_floor_usage":[4,5,16,16,16,25,33,33],"damage_taken":[{"damage":0,"enemies":"2 Louse","floor":1,"turns":4},{"damage":8,"enemies":"Jaw Worm","floor":2,"turns":5},{"damage":2,"enemies":"Cultist","floor":3,"turns":4},{"damage":6,"enemies":"Gremlin Gang","floor":4,"turns":6},{"damage":7,"enemies":"Looter","floor":5,"turns":3},{"damage":15,"enemies":"Gremlin Nob","floor":6,"turns":4},{"damage":32,"enemies":"Exordium Thugs","floor":7,"turns":6},{"damage":12,"enemies":"Blue Slaver","floor":10,"turns":3},{"damage":0,"enemies":"Large Slime","floor":13,"turns":3},{"damage":31,"enemies":"3 Sentries","floor":14,"turns":8},{"damage":50,"enemies":"Slime Boss","floor":16,"turns":7},{"damage":15,"enemies":"Chosen","floor":18,"turns":5},{"damage":3,"enemies":"3 Byrds","floor":19,"turns":3},{"damage":27,"enemies":"Cultist and Chosen","floor":20,"turns":7},{"damage":70,"enemies":"Gremlin Leader","floor":25,"turns":6},{"damage":10,"enemies":"Snecko","floor":28,"turns":5},{"damage":0,"enemies":"Snake Plant","floor":31,"turns":1},{"damage":98,"enemies":"Collector","floor":33,"turns":6}],"seed_played":"7859549196869381882","potions_obtained":[{"floor":2,"key":"Explosive Potion"},{"floor":3,"key":"LiquidBronze"},{"floor":4,"key":"PowerPotion"},{"floor":5,"key":"Fruit Juice"},{"floor":7,"key":"Explosive Potion"},{"floor":19,"key":"Strength Potion"},{"floor":28,"key":"BloodPotion"},{"floor":31,"key":"Regen Potion"}],"is_trial":false,"path_per_floor":["?","?","?","?","M","M"],"character_chosen":"IRONCLAD","items_purchased":["Reckless Charge","Metallicize","Brimstone","Violence","Flame Barrier"],"campfire_rested":4,"item_purchase_floors":[8,30,30,30,30],"current_hp_per_floor":[88,86,88,88,92,93,67,67,67,61,61,91,97,72,72,28,103,94,97,76,60,60,90,80,16,16,46,42,72,72,78,78,4],"gold":63,"neow_bonus":"TEN_PERCENT_HP_BONUS","is_prod":false,"is_daily":false,"chose_seed":false,"campfire_upgraded":2,"win_rate":0.0,"timestamp":1550705829,"path_taken":["M","M","M","M","M","E","M","$","T","M","?","R","M","E","R","BOSS","M","M","M","?","?","R","?","E","T","R","?","R","$","?","R","BOSS"],"build_version":"2019-01-23","purchased_purges":0,"victory":false,"max_hp_per_floor":[88,88,88,88,93,103,103,103,103,103,103,103,103,103,103,103,103,103,103,103,103,103,103,103,103,103,103,103,103,103,103,103,103],"card_choices":[{"not_picked":["Wild Strike","Pummel"],"picked":"Shrug It Off","floor":1},{"not_picked":["Warcry","Twin Strike"],"picked":"Burning Pact","floor":2},{"not_picked":["True Grit","Flex"],"picked":"Rampage","floor":3},{"not_picked":["Headbutt","Pommel Strike"],"picked":"Reckless Charge","floor":4},{"not_picked":["Wild Strike","Cleave"],"picked":"Searing Blow","floor":5},{"not_picked":["Body Slam","Havoc"],"picked":"Fiend Fire","floor":6},{"not_picked":["Havoc","Heavy Blade"],"picked":"Thunderclap","floor":7},{"not_picked":["Perfected Strike","Fire Breathing"],"picked":"Battle Trance","floor":10},{"not_picked":["Heavy Blade","Havoc"],"picked":"Dark Embrace","floor":13},{"not_picked":["Shrug It Off","Wild Strike"],"picked":"Combust","floor":14},{"not_picked":["Juggernaut","Exhume"],"picked":"Impervious","floor":16},{"not_picked":["Uppercut","Perfected Strike"],"picked":"Body Slam","floor":18},{"not_picked":["Dual Wield","Clothesline"],"picked":"Clash+1","floor":19},{"not_picked":["Disarm","Clash+1"],"picked":"Limit Break","floor":20},{"not_picked":["Shockwave","Havoc"],"picked":"Iron Wave+1","floor":25},{"not_picked":["Warcry","Wild Strike","Flex"],"picked":"Rampage","floor":28},{"not_picked":["True Grit","Wild Strike","Clash"],"picked":"Thunderclap","floor":31}],"player_experience":132306,"relics_obtained":[{"floor":6,"key":"Pear"},{"floor":9,"key":"Bronze Scales"},{"floor":14,"key":"Bag of Marbles"},{"floor":21,"key":"Nilry\u0027s Codex"},{"floor":25,"key":"Omamori"},{"floor":25,"key":"Bag of Preparation"},{"floor":26,"key":"Question Card"}],"event_choices":[{"damage_healed":0,"gold_gain":58,"player_choice":"Gained Gold","damage_taken":0,"max_hp_gain":0,"max_hp_loss":0,"event_name":"Golden Wing","floor":11,"gold_loss":0},{"damage_healed":0,"gold_gain":0,"player_choice":"Obtained Book","damage_taken":16,"max_hp_gain":0,"max_hp_loss":0,"event_name":"Cursed Tome","floor":21,"gold_loss":0},{"damage_healed":0,"gold_gain":0,"player_choice":"Ignored","damage_taken":0,"max_hp_gain":0,"max_hp_loss":0,"event_name":"Ghosts","floor":22,"gold_loss":0},{"damage_healed":0,"gold_gain":75,"player_choice":"Touch","damage_taken":10,"max_hp_gain":0,"max_hp_loss":0,"event_name":"FaceTrader","floor":24,"gold_loss":0}],"is_beta":false,"boss_relics":[{"not_picked":["Ectoplasm","Fusion Hammer"],"picked":"Black Star"}],"items_purged_floors":[],"is_endless":false,"potions_floor_spawned":[2,3,4,5,7,19,28,31],"killed_by":"Collector","ascension_level":0}