{"gold_per_floor":[129,157,185,217,229,241,253,282,294,340,352,364,392,579,591,705,717,715,344,360,360,360,360,360,376,376,376,376,393,47,60,60,163,163,178,188,188,188,207,207,207],"floor_reached":41,"playtime":2647,"items_purged":["Regret","Decay"],"score":438,"play_id":"469c4553-119f-4b0f-99ae-4bccad79a10b","local_time":"20190506185533","is_ascension_mode":false,"campfire_choices":[{"data":"FTL","floor":6,"key":"SMITH"},{"floor":11,"key":"REST"},{"data":"Consume","floor":15,"key":"SMITH"},{"data":"Rainbow","floor":24,"key":"SMITH"},{"floor":28,"key":"REST"},{"data":"Defragment","floor":32,"key":"SMITH"},{"floor":40,"key":"REST"}],"neow_cost":"NONE","seed_source_timestamp":89570190593249,"circlet_count":0,"master_deck":["Strike_B","Strike_B","Strike_B+1","Defend_B","Defend_B","Defend_B","Defend_B","Zap","Dualcast","Go for the Eyes","FTL+1","Conserve Battery","Cold Snap","Self Repair","Blizzard+1","Consume+1","Doubt","Rainbow+1","Redo+1","Self Repair","Undo","Doom and Gloom","Injury","Coolheaded","Chill","Glacier","Defragment+1","The Bomb","Turbo","Fission","Cold Snap","Redo+1","Bandage Up","Ball Lightning","Reboot","Blizzard+1"],"relics":["Cracked Core","MawBank","Blood Vial","WarpedTongs","Blue Candle","Kunai","Philosopher\u0027s Stone","Whetstone","Cables","Cursed Key"],"potions_floor_usage":[16,23,31,39],"damage_taken":[{"damage":2,"enemies":"2 Louse","floor":1,"turns":3},{"damage":2,"enemies":"Small Slimes","floor":2,"turns":2},{"damage":0,"enemies":"Cultist","floor":3,"turns":3},{"damage":5,"enemies":"3 Louse","floor":4,"turns":4},{"damage":6,"enemies":"Looter","floor":8,"turns":3},{"damage":30,"enemies":"3 Sentries","floor":10,"turns":8},{"damage":13,"enemies":"Red Slaver","floor":13,"turns":3},{"damage":46,"enemies":"The Guardian","floor":16,"turns":13},{"damage":34,"enemies":"2 Thieves","floor":18,"turns":4},{"damage":6,"enemies":"Shell Parasite","floor":20,"turns":8},{"damage":1,"enemies":"Slavers","floor":23,"turns":1},{"damage":29,"enemies":"Shelled Parasite and Fungi","floor":25,"turns":5},{"damage":14,"enemies":"Snake Plant","floor":29,"turns":4},{"damage":14,"enemies":"Cultist and Chosen","floor":31,"turns":7},{"damage":49,"enemies":"Collector","floor":33,"turns":9},{"damage":43,"enemies":"3 Darklings","floor":35,"turns":4},{"damage":17,"enemies":"Orb Walker","floor":36,"turns":3},{"damage":13,"enemies":"4 Shapes","floor":39,"turns":4},{"damage":20,"enemies":"Transient","floor":41,"turns":3}],"seed_played":"-6398089743899632744","potions_obtained":[{"floor":3,"key":"Ancient Potion"},{"floor":8,"key":"Poison Potion"},{"floor":16,"key":"FearPotion"},{"floor":20,"key":"SmokeBomb"},{"floor":29,"key":"Weak Potion"},{"floor":35,"key":"SkillPotion"},{"floor":39,"key":"LiquidBronze"}],"is_trial":false,"path_per_floor":["?","?","M","?","?","?","M","?","M","$","?","?","M"],"character_chosen":"DEFECT","items_purchased":["Self Repair","Undo","Whetstone","Defragment","The Bomb"],"campfire_rested":3,"item_purchase_floors":[19,19,19,30,30],"current_hp_per_floor":[73,71,71,66,66,66,66,62,62,41,63,63,59,59,59,22,75,48,48,58,58,58,59,59,39,39,39,61,66,66,71,71,34,75,46,38,38,38,41,63,45],"gold":207,"neow_bonus":"RANDOM_COMMON_RELIC","is_prod":false,"is_daily":false,"chose_seed":false,"campfire_upgraded":4,"win_rate":0,"timestamp":1557183333,"path_taken":["M","M","M","M","?","R","?","?","T","E","R","$","M","?","R","BOSS","M","$","M","?","?","E","R","?","T","?","R","?","?","M","R","BOSS","M","M","?","?","?","R","M"],"build_version":"2019-01-23","purchased_purges":2,"victory":false,"max_hp_per_floor":[75,75,75,75,75,75,75,75,75,75,75,75,75,75,75,75,75,75,75,75,75,75,75,75,75,75,75,75,75,75,75,75,75,75,75,75,75,75,75,75,75],"card_choices":[{"not_picked":["Beam Cell","Barrage"],"picked":"Go for the Eyes","floor":1},{"not_picked":["Rebound","Hologram"],"picked":"FTL","floor":2},{"not_picked":["Go for the Eyes","Fusion"],"picked":"Conserve Battery","floor":3},{"not_picked":["Auto Shields","Reprogram"],"picked":"Cold Snap","floor":4},{"not_picked":["Reprogram","BootSequence"],"picked":"Self Repair","floor":8},{"not_picked":["Hyperbeam","Redo"],"picked":"Blizzard","floor":10},{"not_picked":["Storm","Barrage"],"picked":"Consume","floor":13},{"not_picked":["Biased Cognition","Amplify"],"picked":"Rainbow","floor":16},{"not_picked":["Streamline","Leap"],"picked":"Redo+1","floor":18},{"not_picked":["Redo","Auto Shields","Doom and Gloom"],"picked":"SKIP","floor":20},{"not_picked":["Redo","Auto Shields"],"picked":"Doom and Gloom","floor":20},{"not_picked":["Hologram","Barrage"],"picked":"Coolheaded","floor":25},{"not_picked":["Skim+1","Gash+1"],"picked":"Glacier","floor":29},{"not_picked":["Sweeping Beam","Heatsinks"],"picked":"Turbo","floor":31},{"not_picked":["Reboot","Biased Cognition"],"picked":"Fission","floor":33},{"not_picked":["Turbo+1","Auto Shields+1"],"picked":"Cold Snap","floor":35},{"not_picked":["Gash+1","Rebound+1"],"picked":"Redo+1","floor":36},{"not_picked":["Dramatic Entrance","Deep Breath"],"picked":"Bandage Up","floor":37},{"not_picked":["Turbo+1","Reprogram"],"picked":"Blizzard+1","floor":39}],"player_experience":494202,"relics_obtained":[{"floor":9,"key":"Blue Candle"},{"floor":10,"key":"Kunai"},{"floor":26,"key":"Cables"}],"event_choices":[{"damage_healed":0,"gold_gain":0,"player_choice":"Box","damage_taken":0,"relics_obtained":["Blood Vial"],"max_hp_gain":0,"max_hp_loss":0,"event_name":"Big Fish","floor":5,"gold_loss":0,"cards_obtained":["Regret"]},{"damage_healed":0,"gold_gain":0,"player_choice":"Rummage","damage_taken":0,"relics_obtained":["WarpedTongs"],"max_hp_gain":0,"max_hp_loss":0,"event_name":"Accursed Blacksmith","floor":7,"gold_loss":0,"cards_obtained":["Pain"]},{"damage_healed":0,"gold_gain":175,"player_choice":"AGREE","damage_taken":0,"max_hp_gain":0,"max_hp_loss":0,"event_name":"Liars Game","floor":14,"gold_loss":0,"cards_obtained":["Doubt"]},{"damage_healed":0,"gold_gain":0,"player_choice":"Smashed Altar","damage_taken":0,"max_hp_gain":0,"max_hp_loss":0,"event_name":"Forgotten Altar","floor":21,"gold_loss":0,"cards_obtained":["Decay"]},{"cards_removed":["Pain"],"damage_healed":0,"gold_gain":0,"player_choice":"Took Card","damage_taken":0,"max_hp_gain":0,"max_hp_loss":0,"event_name":"NoteForYourself","floor":22,"gold_loss":0,"cards_obtained":["Injury"]},{"damage_healed":0,"gold_gain":0,"cards_transformed":["Strike_B"],"player_choice":"Transformed","damage_taken":0,"max_hp_gain":0,"max_hp_loss":0,"event_name":"Transmorgrifier","floor":27,"gold_loss":0,"cards_obtained":["Chill"]},{"damage_healed":0,"gold_gain":0,"player_choice":"Memory 1","damage_taken":0,"max_hp_gain":0,"max_hp_loss":0,"event_name":"SensoryStone","floor":37,"gold_loss":0},{"damage_healed":0,"gold_gain":0,"player_choice":"2 cards matched","damage_taken":0,"max_hp_gain":0,"max_hp_loss":0,"event_name":"Match and Keep!","floor":38,"gold_loss":0,"cards_obtained":["Ball Lightning","Reboot"]}],"is_beta":false,"boss_relics":[{"not_picked":["Lizard Tail","Fusion Hammer"],"picked":"Philosopher\u0027s Stone"},{"not_picked":["Eternal Feather","Runic Pyramid"],"picked":"Cursed Key"}],"items_purged_floors":[19,30],"is_endless":false,"potions_floor_spawned":[3,8,16,20,23,29,35,39],"killed_by":"Transient","ascension_level":0}