{"gold_per_floor":[109,109,69,89,103,135,152,152,152,164,191,191,219,238,238,341,341,351,351,22,33,33,62,62,89,89,109,109,135,154,168,168,267,267,279,279,297,40,53,53,78,78,105,133,152,187,147,160,160,160,160,160,17,43,43],"floor_reached":55,"playtime":9049,"items_purged":["Strike_G","Strike_G"],"score":1386,"play_id":"1ba508a8-ded1-4232-8aa8-28034e7020f5","local_time":"20190530210748","is_ascension_mode":true,"campfire_choices":[{"data":"Neutralize","floor":8.0,"key":"SMITH"},{"floor":12.0,"key":"REST"},{"floor":15.0,"key":"REST"},{"data":"1","floor":24.0,"key":"LIFT"},{"data":"2","floor":28.0,"key":"LIFT"},{"data":"Infinite Blades","floor":32.0,"key":"SMITH"},{"data":"3","floor":40.0,"key":"LIFT"},{"data":"Skewer","floor":42.0,"key":"SMITH"},{"floor":49.0,"key":"RECALL"},{"floor":52.0,"key":"REST"}],"neow_cost":"NONE","seed_source_timestamp":1003346783304492,"circlet_count":0,"master_deck":["AscendersBane","Defend_G","Defend_G","Defend_G","Defend_G","Defend_G","Strike_G","Survivor","Neutralize+1","Infinite Blades","Dodge and Roll","Blade Dance+1","Quick Slash","Dodge and Roll","Tools of the Trade","Endless Agony","Quick Slash","Skewer+1","Cloak And Dagger","Infinite Blades+1","Leg Sweep+1","Expertise+1","Cloak And Dagger+1","Night Terror","Outmaneuver+1","Infinite Blades+1"],"special_seed":0,"relics":["Busted Crown","FaceOfCleric","Gremlin Horn","Shovel","Girya","Kunai","Sozu","Mercury Hourglass","Nunchaku","Mummified Hand","Mango","Singing Bowl","Runic Pyramid","Bag of Preparation","Bag of Marbles","The Specimen","Blood Vial","Vajra","Blue Candle"],"potions_floor_usage":[],"damage_taken":[{"damage":2.0,"enemies":"Small Slimes","floor":1.0,"turns":6.0},{"damage":0.0,"enemies":"Cultist","floor":4.0,"turns":4.0},{"damage":0.0,"enemies":"2 Louse","floor":5.0,"turns":4.0},{"damage":19.0,"enemies":"3 Sentries","floor":6.0,"turns":11.0},{"damage":6.0,"enemies":"Looter","floor":7.0,"turns":5.0},{"damage":0.0,"enemies":"3 Louse","floor":10.0,"turns":4.0},{"damage":39.0,"enemies":"Gremlin Nob","floor":11.0,"turns":7.0},{"damage":16.0,"enemies":"Lagavulin","floor":13.0,"turns":8.0},{"damage":5.0,"enemies":"Gremlin Gang","floor":14.0,"turns":6.0},{"damage":19.0,"enemies":"Slime Boss","floor":16.0,"turns":19.0},{"damage":8.0,"enemies":"3 Byrds","floor":18.0,"turns":7.0},{"damage":13.0,"enemies":"Spheric Guardian","floor":21.0,"turns":4.0},{"damage":29.0,"enemies":"Slavers","floor":23.0,"turns":6.0},{"damage":8.0,"enemies":"Gremlin Leader","floor":25.0,"turns":9.0},{"damage":3.0,"enemies":"Centurion and Healer","floor":27.0,"turns":6.0},{"damage":13.0,"enemies":"Book of Stabbing","floor":29.0,"turns":5.0},{"damage":0.0,"enemies":"Snake Plant","floor":30.0,"turns":4.0},{"damage":0.0,"enemies":"Chosen and Byrds","floor":31.0,"turns":5.0},{"damage":7.0,"enemies":"Champ","floor":33.0,"turns":11.0},{"damage":7.0,"enemies":"3 Darklings","floor":35.0,"turns":5.0},{"damage":0.0,"enemies":"3 Shapes","floor":37.0,"turns":4.0},{"damage":0.0,"enemies":"Spire Growth","floor":39.0,"turns":5.0},{"damage":0.0,"enemies":"Reptomancer","floor":41.0,"turns":6.0},{"damage":0.0,"enemies":"Giant Head","floor":44.0,"turns":8.0},{"damage":23.0,"enemies":"Writhing Mass","floor":45.0,"turns":6.0},{"damage":0.0,"enemies":"Reptomancer","floor":46.0,"turns":5.0},{"damage":0.0,"enemies":"Jaw Worm Horde","floor":48.0,"turns":3.0},{"damage":25.0,"enemies":"Time Eater","floor":50.0,"turns":15.0},{"damage":25.0,"enemies":"Shield and Spear","floor":54.0,"turns":7.0},{"damage":109,"enemies":"The Heart","floor":55,"turns":11}],"seed_played":"7467024543697519639","potions_obtained":[{"floor":4.0,"key":"SpeedPotion"},{"floor":11.0,"key":"Poison Potion"},{"floor":13.0,"key":"AttackPotion"},{"floor":14.0,"key":"Ancient Potion"},{"floor":16.0,"key":"Regen Potion"}],"is_trial":false,"path_per_floor":["M","?","$","M","M","E","M","R","T","M","E","R","E","M","R","B",null,"M","?","$","M","?","E","R","E","T","M","R","E","M","M","R","B",null,"M","?","M","$","M","R","E","R","T","E","M","E","?","M","R","B",null,"R","$","E","B"],"character_chosen":"THE_SILENT","items_purchased":["Infinite Blades","Mercury Hourglass","Bag of Preparation","Vajra"],"campfire_rested":3,"item_purchase_floors":[3,20,38,53],"current_hp_per_floor":[61,61,61,62,63,45,40,40,40,41,3,25,10,6,29,11,62,70,70,70,58,58,30,30,23,37,35,35,25,26,27,27,21,83,77,77,80,80,83,83,84,84,84,87,67,70,70,75,75,53,107,125,125,103,0],"gold":43,"neow_bonus":"BOSS_RELIC","is_prod":false,"is_daily":false,"chose_seed":false,"campfire_upgraded":3,"win_rate":0,"timestamp":1559230668,"path_taken":["M","?","$","M","?","E","M","R","T","M","E","R","E","M","R","BOSS","M","?","$","M","?","E","R","E","T","M","R","E","M","M","R","BOSS","M","?","M","$","?","R","E","R","T","E","M","E","?","M","R","BOSS","R","$","E","BOSS"],"build_version":"2019-01-23","purchased_purges":2,"victory":false,"max_hp_per_floor":[70,70,70,71,72,73,74,74,74,75,76,76,77,78,78,79,79,80,80,80,81,81,82,82,83,97,98,98,101,102,103,103,104,104,105,105,108,108,111,111,112,112,112,115,118,121,121,124,124,125,125,125,125,128,128],"card_choices":[{"not_picked":["Dagger Throw"],"picked":"SKIP","floor":1.0},{"not_picked":[],"picked":"Dodge and Roll","floor":4.0},{"not_picked":["Slice"],"picked":"SKIP","floor":5.0},{"not_picked":["Slice"],"picked":"SKIP","floor":6.0},{"not_picked":["Blur"],"picked":"SKIP","floor":7.0},{"not_picked":["Slice"],"picked":"SKIP","floor":10.0},{"not_picked":[],"picked":"Blade Dance","floor":11.0},{"not_picked":[],"picked":"Quick Slash","floor":13.0},{"not_picked":[],"picked":"Dodge and Roll","floor":14.0},{"not_picked":[],"picked":"Tools of the Trade","floor":16.0},{"not_picked":[],"picked":"Endless Agony","floor":18.0},{"not_picked":["Concentrate"],"picked":"SKIP","floor":21.0},{"not_picked":["Concentrate"],"picked":"SKIP","floor":21.0},{"not_picked":[],"picked":"Infinite Blades","floor":23.0},{"not_picked":["Skewer"],"picked":"SKIP","floor":25.0},{"not_picked":[],"picked":"Leg Sweep+1","floor":27.0},{"not_picked":["Dagger Throw"],"picked":"Singing Bowl","floor":29.0},{"not_picked":[],"picked":"Expertise+1","floor":30.0},{"not_picked":[],"picked":"Cloak And Dagger+1","floor":31.0},{"not_picked":[],"picked":"Night Terror","floor":33.0},{"not_picked":[],"picked":"Outmaneuver+1","floor":35.0},{"not_picked":["Predator+1"],"picked":"Singing Bowl","floor":37.0},{"not_picked":["Dagger Spray+1"],"picked":"Singing Bowl","floor":39.0},{"not_picked":[],"picked":"Infinite Blades+1","floor":41.0},{"not_picked":["Underhanded Strike"],"picked":"Singing Bowl","floor":44.0},{"not_picked":["Poisoned Stab+1"],"picked":"Singing Bowl","floor":45.0},{"not_picked":["Setup+1"],"picked":"Singing Bowl","floor":46.0},{"not_picked":["Dagger Throw"],"picked":"Singing Bowl","floor":48.0},{"not_picked":["Dagger Spray"],"picked":"Singing Bowl","floor":54.0}],"player_experience":978319,"relics_obtained":[{"floor":6.0,"key":"Gremlin Horn"},{"floor":9.0,"key":"Shovel"},{"floor":11.0,"key":"Girya"},{"floor":13.0,"key":"Kunai"},{"floor":23.0,"key":"Nunchaku"},{"floor":25.0,"key":"Mummified Hand"},{"floor":26.0,"key":"Mango"},{"floor":29.0,"key":"Singing Bowl"},{"floor":41.0,"key":"Bag of Marbles"},{"floor":44.0,"key":"The Specimen"},{"floor":46.0,"key":"Blood Vial"},{"floor":54.0,"key":"Blue Candle"}],"event_choices":[{"damage_healed":0.0,"max_hp_gain":0.0,"max_hp_loss":0.0,"gold_gain":0.0,"event_name":"FaceTrader","player_choice":"Trade","floor":2.0,"gold_loss":0.0,"damage_taken":0.0,"relics_obtained":["FaceOfCleric"]},{"damage_healed":0.0,"max_hp_gain":0.0,"max_hp_loss":0.0,"gold_gain":0.0,"cards_transformed":["Strike_G","Strike_G"],"event_name":"Drug Dealer","player_choice":"Became Test Subject","floor":19.0,"gold_loss":0.0,"damage_taken":0.0,"cards_obtained":["Quick Slash","Skewer"]},{"damage_healed":0.0,"max_hp_gain":0.0,"max_hp_loss":0.0,"gold_gain":0.0,"event_name":"The Library","player_choice":"Read","floor":22.0,"gold_loss":0.0,"damage_taken":0.0,"cards_obtained":["Cloak And Dagger"]},{"damage_healed":0.0,"max_hp_gain":0.0,"max_hp_loss":0.0,"gold_gain":0.0,"event_name":"Lab","player_choice":"Got Potions","floor":36.0,"gold_loss":0.0,"damage_taken":0.0},{"damage_healed":0.0,"max_hp_gain":0.0,"max_hp_loss":0.0,"gold_gain":0.0,"event_name":"Designer","player_choice":"Upgrade","floor":47.0,"gold_loss":40.0,"damage_taken":0.0,"cards_upgraded":["Blade Dance"]}],"is_beta":false,"boss_relics":[{"not_picked":["Fusion Hammer","Calling Bell"],"picked":"Sozu"},{"not_picked":["White Beast Statue","Empty Cage"],"picked":"Runic Pyramid"}],"items_purged_floors":[20,38],"is_endless":false,"potions_floor_spawned":[4,11,13,14,16,23,25,29,33,35,39,45,54],"killed_by":"The Heart","ascension_level":11}