{"gold_per_floor":[113,113,113,130,55,80,80,108,178,178,213,13,30,61,61,164,164,181,192,291,291,311,342,342,359,359,394,47,58,93,107,107,206,206,226,279,1278,1297,645,674,674,702,702,727,746,74,94,125,125,125],"floor_reached":51,"playtime":3702,"items_purged":["Shame","Normality","Normality"],"score":1336,"play_id":"07d89a66-a887-4ab8-b32f-d4c918cf8e68","local_time":"20190526205710","is_ascension_mode":true,"campfire_choices":[{"data":"Anger","floor":7.0,"key":"SMITH"},{"data":"Uppercut","floor":15.0,"key":"SMITH"},{"data":"Immolate","floor":24.0,"key":"SMITH"},{"data":"Demon Form","floor":32.0,"key":"SMITH"},{"data":"Limit Break","floor":49.0,"key":"SMITH"}],"neow_cost":"CURSE","seed_source_timestamp":0,"circlet_count":0,"master_deck":["Strike_R","Strike_R+1","Strike_R","Strike_R","Defend_R","Defend_R","Defend_R+1","Defend_R","Bash","Pommel Strike+1","Anger+1","Shrug It Off+1","Headbutt","Offering","Uppercut+1","Ghostly Armor","Immolate+1","Uppercut+1","Battle Trance+1","Spot Weakness","Battle Trance","Heavy Blade+1","Demon Form+1","Limit Break+1","Flame Barrier","Evolve+1"],"special_seed":0,"relics":["Black Blood","Pen Nib","Oddly Smooth Stone","Singing Bowl","GremlinMask","Gremlin Horn","Happy Flower","Mercury Hourglass","Ginger","Bronze Scales","War Paint","Pantograph","Bag of Marbles","Coffee Dripper","StoneCalendar","Blood Vial","WingedGreaves","Question Card","Peace Pipe","Calipers","FossilizedHelix","Whetstone","Potion Belt"],"potions_floor_usage":[],"damage_taken":[{"damage":5.0,"enemies":"Small Slimes","floor":1.0,"turns":5.0},{"damage":0.0,"enemies":"Cultist","floor":4.0,"turns":3.0},{"damage":42.0,"enemies":"3 Sentries","floor":6.0,"turns":9.0},{"damage":22.0,"enemies":"Lagavulin","floor":8.0,"turns":5.0},{"damage":22.0,"enemies":"Gremlin Nob","floor":11.0,"turns":4.0},{"damage":2.0,"enemies":"2 Louse","floor":13.0,"turns":4.0},{"damage":7.0,"enemies":"3 Sentries","floor":14.0,"turns":4.0},{"damage":6.0,"enemies":"Slime Boss","floor":16.0,"turns":6.0},{"damage":6.0,"enemies":"3 Byrds","floor":18.0,"turns":4.0},{"damage":0.0,"enemies":"Chosen","floor":19.0,"turns":3.0},{"damage":14.0,"enemies":"Sentry and Sphere","floor":22.0,"turns":3.0},{"damage":30.0,"enemies":"Gremlin Leader","floor":23.0,"turns":7.0},{"damage":6.0,"enemies":"Chosen and Byrds","floor":25.0,"turns":4.0},{"damage":28.0,"enemies":"Book of Stabbing","floor":27.0,"turns":4.0},{"damage":6.0,"enemies":"Snake Plant","floor":29.0,"turns":3.0},{"damage":8.0,"enemies":"Slavers","floor":30.0,"turns":3.0},{"damage":32.0,"enemies":"Centurion and Healer","floor":31.0,"turns":3.0},{"damage":56.0,"enemies":"Automaton","floor":33.0,"turns":6.0},{"damage":1.0,"enemies":"Orb Walker","floor":35.0,"turns":3.0},{"damage":11.0,"enemies":"2 Orb Walkers","floor":36.0,"turns":3.0},{"damage":0.0,"enemies":"3 Darklings","floor":38.0,"turns":4.0},{"damage":18.0,"enemies":"Reptomancer","floor":40.0,"turns":3.0},{"damage":21.0,"enemies":"Nemesis","floor":42.0,"turns":7.0},{"damage":27.0,"enemies":"Giant Head","floor":44.0,"turns":7.0},{"damage":21.0,"enemies":"Transient","floor":45.0,"turns":5.0},{"damage":0.0,"enemies":"4 Shapes","floor":47.0,"turns":4.0},{"damage":0.0,"enemies":"Reptomancer","floor":48.0,"turns":4.0},{"damage":7,"enemies":"Time Eater","floor":50,"turns":4}],"seed_played":"7578293498167630545","potions_obtained":[{"floor":4.0,"key":"SpeedPotion"},{"floor":6.0,"key":"PowerPotion"},{"floor":13.0,"key":"FairyPotion"},{"floor":16.0,"key":"Strength Potion"},{"floor":18.0,"key":"Strength Potion"},{"floor":21.0,"key":"AttackPotion"},{"floor":21.0,"key":"AttackPotion"},{"floor":27.0,"key":"Block Potion"},{"floor":31.0,"key":"Strength Potion"},{"floor":33.0,"key":"Strength Potion"},{"floor":42.0,"key":"FearPotion"},{"floor":44.0,"key":"Regen Potion"},{"floor":48.0,"key":"Poison Potion"}],"is_trial":false,"path_per_floor":["M","?","?","M","$","E","R","E","T","?","E","$","M","E","R","B",null,"M","M","?","?","M","E","R","M","T","E","$","M","E","M","R","B",null,"M","?","?","M","$","E","?","E","T","E","M","$","M","E","R","B",null],"character_chosen":"IRONCLAD","items_purchased":["Happy Flower","Fire Potion","Pantograph","Battle Trance","Heavy Blade","Blood Vial","WingedGreaves","AttackPotion","SteroidPotion","FossilizedHelix","Fire Potion","Fire Potion","Whetstone"],"campfire_rested":0,"item_purchase_floors":[12,12,28,28,28,39,39,39,39,46,46,46,46],"current_hp_per_floor":[89,70,70,76,76,40,40,24,24,24,8,8,14,13,13,13,77,83,93,93,93,91,71,71,75,75,59,59,65,67,47,47,26,88,97,98,98,110,110,106,106,99,99,86,79,79,93,105,105,122],"gold":125,"neow_bonus":"TWENTY_PERCENT_HP_BONUS","is_prod":false,"is_daily":false,"chose_seed":false,"campfire_upgraded":5,"win_rate":0,"timestamp":1558884430,"path_taken":["M","?","?","?","$","E","R","E","T","?","E","$","M","E","R","BOSS","M","M","?","?","?","E","R","M","T","E","$","M","E","M","R","BOSS","M","?","?","M","$","E","?","E","T","E","M","$","M","E","R","BOSS"],"build_version":"2019-01-23","purchased_purges":3,"victory":true,"max_hp_per_floor":[96,96,96,96,96,96,96,96,96,96,96,96,98,98,98,98,98,100,100,100,100,102,102,102,102,102,104,104,106,106,108,108,108,108,108,110,110,112,112,114,114,116,116,118,120,120,122,122,122,122],"card_choices":[{"not_picked":["Searing Blow","Burning Pact"],"picked":"Pommel Strike","floor":1.0},{"not_picked":["Rage","Clothesline"],"picked":"Shrug It Off","floor":4.0},{"not_picked":["Second Wind","Sword Boomerang"],"picked":"Headbutt","floor":6.0},{"not_picked":["Heavy Blade","True Grit"],"picked":"Offering","floor":8.0},{"not_picked":["Sword Boomerang","Ghostly Armor"],"picked":"Uppercut","floor":11.0},{"not_picked":["Hemokinesis","Headbutt","Thunderclap"],"picked":"Singing Bowl","floor":13.0},{"not_picked":["Rupture","Headbutt"],"picked":"Ghostly Armor","floor":14.0},{"not_picked":["Barricade","Bludgeon"],"picked":"Immolate","floor":16.0},{"not_picked":["Cleave","Twin Strike","Sword Boomerang"],"picked":"Singing Bowl","floor":18.0},{"not_picked":["Second Wind","Pommel Strike"],"picked":"Uppercut+1","floor":19.0},{"not_picked":["Wild Strike","Anger+1","Power Through"],"picked":"Singing Bowl","floor":22.0},{"not_picked":["Warcry","True Grit"],"picked":"Battle Trance","floor":23.0},{"not_picked":["Clothesline","Cleave"],"picked":"Spot Weakness","floor":25.0},{"not_picked":["Double Tap","Ghostly Armor","Entrench"],"picked":"Singing Bowl","floor":27.0},{"not_picked":["Twin Strike","Intimidate+1","Carnage"],"picked":"Singing Bowl","floor":29.0},{"not_picked":["Thunderclap","Body Slam+1"],"picked":"Demon Form","floor":30.0},{"not_picked":["Pommel Strike","Sentinel","Whirlwind"],"picked":"Singing Bowl","floor":31.0},{"not_picked":["Juggernaut","Dark Embrace"],"picked":"Limit Break","floor":33.0},{"not_picked":["Heavy Blade","Clothesline+1"],"picked":"Flame Barrier","floor":35.0},{"not_picked":["Twin Strike","Cleave+1","Wild Strike+1"],"picked":"Singing Bowl","floor":36.0},{"not_picked":["Perfected Strike","Shrug It Off","Spot Weakness"],"picked":"Singing Bowl","floor":38.0},{"not_picked":["Carnage+1","Rage+1","Dropkick"],"picked":"Singing Bowl","floor":40.0},{"not_picked":["Infernal Blade","Clothesline","Dual Wield","Shrug It Off"],"picked":"Singing Bowl","floor":42.0},{"not_picked":["Dual Wield","Flex+1","Seeing Red+1","Infernal Blade+1"],"picked":"Singing Bowl","floor":44.0},{"not_picked":["Double Tap","Body Slam+1","Burning Pact+1","Metallicize+1"],"picked":"Singing Bowl","floor":45.0},{"not_picked":["Cleave+1","Carnage","Hemokinesis+1","Perfected Strike+1"],"picked":"Singing Bowl","floor":47.0},{"not_picked":["Clothesline","Flex+1","Seeing Red+1"],"picked":"Evolve+1","floor":48.0}],"player_experience":804765,"relics_obtained":[{"floor":6.0,"key":"Pen Nib"},{"floor":8.0,"key":"Oddly Smooth Stone"},{"floor":9.0,"key":"Singing Bowl"},{"floor":11.0,"key":"Gremlin Horn"},{"floor":14.0,"key":"Mercury Hourglass"},{"floor":23.0,"key":"Ginger"},{"floor":26.0,"key":"Bronze Scales"},{"floor":27.0,"key":"War Paint"},{"floor":30.0,"key":"Bag of Marbles"},{"floor":36.0,"key":"StoneCalendar"},{"floor":40.0,"key":"Question Card"},{"floor":42.0,"key":"Peace Pipe"},{"floor":44.0,"key":"Calipers"},{"floor":48.0,"key":"Potion Belt"}],"event_choices":[{"damage_healed":0.0,"max_hp_gain":0.0,"max_hp_loss":0.0,"gold_gain":0.0,"event_name":"Shining Light","player_choice":"Entered Light","floor":2.0,"gold_loss":0.0,"damage_taken":19.0,"cards_upgraded":["Defend_R","Strike_R"]},{"damage_healed":0.0,"max_hp_gain":0.0,"max_hp_loss":0.0,"gold_gain":0.0,"cards_transformed":["Strike_R"],"event_name":"Transmorgrifier","player_choice":"Transformed","floor":3.0,"gold_loss":0.0,"damage_taken":0.0,"cards_obtained":["Anger"]},{"damage_healed":0.0,"max_hp_gain":0.0,"max_hp_loss":0.0,"gold_gain":0.0,"event_name":"FaceTrader","player_choice":"Trade","floor":10.0,"gold_loss":0.0,"damage_taken":0.0,"relics_obtained":["GremlinMask"]},{"damage_healed":0.0,"max_hp_gain":0.0,"max_hp_loss":0.0,"gold_gain":99.0,"event_name":"Nest","player_choice":"Stole From Cult","floor":20.0,"gold_loss":0.0,"damage_taken":0.0},{"damage_healed":0.0,"max_hp_gain":0.0,"max_hp_loss":0.0,"gold_gain":0.0,"event_name":"Lab","player_choice":"Got Potions","floor":21.0,"gold_loss":0.0,"damage_taken":0.0},{"damage_healed":0.0,"max_hp_gain":0.0,"max_hp_loss":0.0,"gold_gain":0.0,"event_name":"Mysterious Sphere","player_choice":"Fight","floor":36.0,"gold_loss":0.0,"damage_taken":0.0},{"damage_healed":0.0,"max_hp_gain":0.0,"max_hp_loss":0.0,"gold_gain":999.0,"event_name":"MindBloom","player_choice":"Gold","floor":37.0,"gold_loss":0.0,"damage_taken":0.0,"cards_obtained":["Normality","Normality"]},{"damage_healed":0.0,"max_hp_gain":0.0,"max_hp_loss":0.0,"gold_gain":0.0,"event_name":"Tomb of Lord Red Mask","player_choice":"Ignored","floor":41.0,"gold_loss":0.0,"damage_taken":0.0}],"is_beta":false,"boss_relics":[{"not_picked":["White Beast Statue","Lizard Tail"],"picked":"Black Blood"},{"not_picked":["Mark of Pain","Tiny House"],"picked":"Coffee Dripper"}],"items_purged_floors":[5,39,46],"is_endless":false,"potions_floor_spawned":[4,6,13,16,18,27,31,33,42,44,48],"ascension_level":8}