{"gold_per_floor":[112,287,287,140,156,185,185,196,220,247,264,289,301,319,319,420,420,440,440],"floor_reached":19,"playtime":1891,"items_purged":["Doubt"],"score":278,"play_id":"19826931-7ed9-44a7-9112-ec0c41d8262d","local_time":"20190522181117","is_ascension_mode":true,"campfire_choices":[{"data":"Glass Knife","floor":7.0,"key":"SMITH"},{"data":"Noxious Fumes","floor":15,"key":"SMITH"}],"neow_cost":"NONE","seed_source_timestamp":309527760932832,"circlet_count":0,"master_deck":["Defend_G","Defend_G","Defend_G","Defend_G","Defend_G+1","Strike_G","Strike_G","Strike_G","Strike_G","Strike_G","Survivor","Neutralize","Dash","Noxious Fumes","Dash","Glass Knife+1","Backflip","Deadly Poison","PiercingWail+1","Noxious Fumes+1","Night Terror","Doubt","Doubt","Decay","Bouncing Flask"],"special_seed":0,"relics":["Ring of the Snake","NeowsBlessing","Potion Belt","Ancient Tea Set","Bag of Marbles","Art of War","Calling Bell","War Paint","Ornamental Fan","Tough Bandages"],"potions_floor_usage":[10,12,16,18],"damage_taken":[{"damage":0.0,"enemies":"Jaw Worm","floor":1.0,"turns":1.0},{"damage":0.0,"enemies":"Cultist","floor":5.0,"turns":1.0},{"damage":0.0,"enemies":"Gremlin Nob","floor":6.0,"turns":1.0},{"damage":1,"enemies":"Small Slimes","floor":8,"turns":4},{"damage":12,"enemies":"Lagavulin","floor":10,"turns":6},{"damage":0,"enemies":"Exordium Thugs","floor":11,"turns":3},{"damage":5,"enemies":"3 Sentries","floor":12,"turns":5},{"damage":0,"enemies":"Red Slaver","floor":13,"turns":3},{"damage":0,"enemies":"3 Louse","floor":14,"turns":3},{"damage":2,"enemies":"Slime Boss","floor":16,"turns":9},{"damage":11,"enemies":"Shell Parasite","floor":18,"turns":9},{"damage":18,"enemies":"Chosen","floor":19,"turns":5}],"seed_played":"-4399887491131184043","potions_obtained":[{"floor":1.0,"key":"Fire Potion"},{"floor":11,"key":"Fire Potion"},{"floor":13,"key":"Block Potion"},{"floor":14,"key":"GhostInAJar"},{"floor":18,"key":"SmokeBomb"}],"is_trial":false,"path_per_floor":["M","?","?","$","M","E","R","M","T","E","M","E","M","M","R","B",null,"M","M"],"character_chosen":"THE_SILENT","items_purchased":["Noxious Fumes"],"campfire_rested":0,"item_purchase_floors":[4],"current_hp_per_floor":[63,63,70,70,70,70,70,69,69,57,57,52,52,52,52,50,65,54,36],"gold":440,"neow_bonus":"THREE_ENEMY_KILL","is_prod":false,"is_daily":false,"chose_seed":false,"campfire_upgraded":2,"win_rate":0,"timestamp":1558528877,"path_taken":["M","?","?","$","M","E","R","M","T","E","M","E","?","M","R","BOSS","M","?"],"build_version":"2019-01-23","purchased_purges":1,"victory":false,"max_hp_per_floor":[70,70,70,70,70,70,70,70,70,70,70,70,70,70,70,70,70,70,70],"card_choices":[{"not_picked":["Caltrops","Backstab"],"picked":"Dash","floor":1.0},{"not_picked":["Quick Slash","Dagger Spray"],"picked":"Dash","floor":5.0},{"not_picked":["Dodge and Roll","Dash"],"picked":"Glass Knife","floor":6.0},{"not_picked":["Dagger Spray","Poisoned Stab"],"picked":"Backflip","floor":8},{"not_picked":["Dagger Spray","All Out Attack"],"picked":"Deadly Poison","floor":10},{"not_picked":["Dagger Spray","Dagger Throw"],"picked":"PiercingWail","floor":11},{"not_picked":["Phantasmal Killer","Finisher","Dodge and Roll"],"picked":"SKIP","floor":12},{"not_picked":["Backflip","Underhanded Strike","PiercingWail"],"picked":"SKIP","floor":13},{"not_picked":["Deadly Poison","Blur"],"picked":"Noxious Fumes","floor":14},{"not_picked":["Phantasmal Killer","Doppelganger"],"picked":"Night Terror","floor":16},{"not_picked":["Backflip","Dagger Spray+1"],"picked":"Bouncing Flask","floor":18}],"player_experience":640413,"relics_obtained":[{"floor":6.0,"key":"Potion Belt"},{"floor":9,"key":"Ancient Tea Set"},{"floor":10,"key":"Bag of Marbles"},{"floor":12,"key":"Art of War"},{"floor":17,"key":"War Paint"},{"floor":17,"key":"Ornamental Fan"},{"floor":17,"key":"Tough Bandages"}],"event_choices":[{"damage_healed":0.0,"max_hp_gain":0.0,"max_hp_loss":0.0,"gold_gain":175.0,"event_name":"Liars Game","player_choice":"AGREE","floor":2.0,"gold_loss":0.0,"damage_taken":0.0,"cards_obtained":["Doubt"]},{"damage_healed":7.0,"max_hp_gain":0.0,"max_hp_loss":0.0,"gold_gain":0.0,"event_name":"Wheel of Change","player_choice":"Full Heal","floor":3.0,"gold_loss":0.0,"damage_taken":0.0}],"is_beta":false,"boss_relics":[{"not_picked":["Eternal Feather","Black Star"],"picked":"Calling Bell"}],"items_purged_floors":[4],"is_endless":false,"potions_floor_spawned":[1,11,13,14,18],"killed_by":"Chosen","ascension_level":6}