{"gold_per_floor":[118,133,208,208,218,218,230,230,254,284,284,284,310,325,325,397,397,417,33,33,43,53,53,67,67,67,85,104,104,104,104,104,183,183,200,200,210,12,22,22,51,51,76,76],"floor_reached":44,"playtime":1243,"items_purged":["Strike_R","Bash+1"],"score":829,"play_id":"93500a35-8e06-4ce7-961d-509f3cad777d","local_time":"20190408005037","is_ascension_mode":true,"campfire_choices":[{"data":"Perfected Strike","floor":6.0,"key":"SMITH"},{"data":"Demon Form","floor":11.0,"key":"SMITH"},{"data":"Battle Trance","floor":15.0,"key":"SMITH"},{"floor":23.0,"key":"REST"},{"data":"Limit Break","floor":25.0,"key":"SMITH"},{"data":"Flame Barrier","floor":30.0,"key":"SMITH"},{"floor":32.0,"key":"REST"},{"data":"Evolve","floor":40.0,"key":"SMITH"},{"data":"True Grit","floor":42.0,"key":"SMITH"}],"neow_cost":"NONE","seed_source_timestamp":94040556554975,"circlet_count":0,"master_deck":["AscendersBane","Defend_R","Defend_R","Defend_R","Defend_R","Seeing Red","Headbutt","Demon Form+1","Battle Trance+1","Limit Break+1","Cleave","Shrug It Off","Sword Boomerang+1","Impervious","Shrug It Off","Flame Barrier+1","Demon Form","Reaper","Demon Form+1","Double Tap+1","Sword Boomerang+1","Pummel","Enlightenment","Shrug It Off","Evolve+1","True Grit+1"],"special_seed":0,"relics":["Burning Blood","NeowsBlessing","Strawberry","Ancient Tea Set","Smiling Mask","Orrery","Red Skull","Lantern","Mummified Hand","Astrolabe","Mercury Hourglass","Vajra"],"potions_floor_usage":[],"damage_taken":[{"damage":0.0,"enemies":"2 Louse","floor":1.0,"turns":2.0},{"damage":0.0,"enemies":"Jaw Worm","floor":2.0,"turns":1.0},{"damage":0.0,"enemies":"Cultist","floor":5.0,"turns":1.0},{"damage":0.0,"enemies":"3 Louse","floor":7.0,"turns":2.0},{"damage":16.0,"enemies":"Gremlin Nob","floor":10.0,"turns":3.0},{"damage":40.0,"enemies":"Lagavulin","floor":13.0,"turns":6.0},{"damage":13.0,"enemies":"Blue Slaver","floor":14.0,"turns":2.0},{"damage":18.0,"enemies":"Slime Boss","floor":16.0,"turns":8.0},{"damage":28.0,"enemies":"Spheric Guardian","floor":18.0,"turns":4.0},{"damage":24.0,"enemies":"Shell Parasite","floor":21.0,"turns":3.0},{"damage":22.0,"enemies":"Centurion and Healer","floor":22.0,"turns":5.0},{"damage":7.0,"enemies":"3 Cultists","floor":24.0,"turns":3.0},{"damage":10.0,"enemies":"Chosen and Byrds","floor":27.0,"turns":3.0},{"damage":0.0,"enemies":"Centurion and Healer","floor":28.0,"turns":5.0},{"damage":29.0,"enemies":"Automaton","floor":33.0,"turns":5.0},{"damage":42.0,"enemies":"Orb Walker","floor":35.0,"turns":4.0},{"damage":28.0,"enemies":"3 Darklings","floor":37.0,"turns":5.0},{"damage":53.0,"enemies":"Sphere and 2 Shapes","floor":39.0,"turns":8.0},{"damage":18.0,"enemies":"Giant Head","floor":41.0,"turns":6.0},{"damage":44,"enemies":"Jaw Worm Horde","floor":44,"turns":2}],"seed_played":"-2729348337559666453","potions_obtained":[{"floor":2.0,"key":"FearPotion"},{"floor":5.0,"key":"Dexterity Potion"},{"floor":7.0,"key":"AttackPotion"},{"floor":10.0,"key":"Fire Potion"},{"floor":21.0,"key":"Ancient Potion"},{"floor":24.0,"key":"SteroidPotion"},{"floor":35.0,"key":"SpeedPotion"}],"is_trial":false,"path_per_floor":["M","M","?","?","M","R","M","?","T","E","R","?","E","M","R","B",null,"M","$","?","M","M","R","M","R","T","M","M","?","R","?","R","B",null,"M","?","M","$","M","R","E","R","T","M"],"character_chosen":"IRONCLAD","items_purchased":["Red Skull","Lantern","Enlightenment","Shrug It Off"],"campfire_rested":2,"item_purchase_floors":[19,19,38,38],"current_hp_per_floor":[74,75,64,64,70,70,75,75,82,72,72,72,38,31,31,19,66,44,44,44,26,10,34,33,33,33,29,35,35,35,35,59,36,71,55,55,82,82,46,46,34,34,34,0],"gold":76,"neow_bonus":"THREE_ENEMY_KILL","is_prod":false,"is_daily":false,"chose_seed":false,"campfire_upgraded":7,"win_rate":0,"timestamp":1554652237,"path_taken":["M","M","?","?","?","R","M","?","T","E","R","?","E","M","R","BOSS","M","$","?","M","M","R","M","R","T","M","M","?","R","?","R","BOSS","M","?","M","$","M","R","E","R","T","M"],"build_version":"2019-01-23","purchased_purges":2,"victory":false,"max_hp_per_floor":[75,75,75,75,75,75,75,75,82,82,82,82,82,82,82,82,82,82,82,82,82,82,82,82,82,82,82,82,82,82,82,82,82,82,82,82,82,82,82,82,82,82,82,82],"card_choices":[{"not_picked":["Clash","Dropkick"],"picked":"Seeing Red","floor":1.0},{"not_picked":["Clothesline","Metallicize"],"picked":"Headbutt","floor":2.0},{"not_picked":["Clothesline","Shrug It Off"],"picked":"Perfected Strike","floor":5.0},{"not_picked":["Clothesline","Heavy Blade","Havoc"],"picked":"SKIP","floor":7.0},{"not_picked":["Fiend Fire","Blood for Blood"],"picked":"Demon Form","floor":10.0},{"not_picked":["Havoc","Flame Barrier"],"picked":"Battle Trance","floor":13.0},{"not_picked":["Thunderclap","Burning Pact","Bloodletting"],"picked":"SKIP","floor":14.0},{"not_picked":["Exhume","Dark Embrace"],"picked":"Limit Break","floor":16.0},{"not_picked":["Rage","Wild Strike"],"picked":"Cleave","floor":17.0},{"not_picked":["Carnage","Warcry+1"],"picked":"Shrug It Off","floor":18.0},{"not_picked":["Havoc","Pommel Strike"],"picked":"Sword Boomerang+1","floor":21.0},{"not_picked":["Clothesline","Feel No Pain"],"picked":"Impervious","floor":22.0},{"not_picked":["Clash","Ghostly Armor+1","Cleave"],"picked":"SKIP","floor":24.0},{"not_picked":["Clash","Clothesline"],"picked":"Shrug It Off","floor":27.0},{"not_picked":["Uppercut","Thunderclap","Inflame"],"picked":"SKIP","floor":28.0},{"not_picked":["Brutality","Demon Form"],"picked":"Reaper","floor":33.0},{"not_picked":["Sever Soul+1","Reckless Charge+1"],"picked":"Pummel","floor":35.0},{"not_picked":["Wild Strike+1","Anger+1","Searing Blow+1"],"picked":"SKIP","floor":37.0},{"not_picked":["Combust","Anger"],"picked":"Evolve","floor":39.0},{"not_picked":["Carnage","Searing Blow"],"picked":"True Grit","floor":41.0}],"player_experience":438620,"relics_obtained":[{"floor":9.0,"key":"Strawberry"},{"floor":10.0,"key":"Ancient Tea Set"},{"floor":13.0,"key":"Smiling Mask"},{"floor":26.0,"key":"Mummified Hand"},{"floor":41.0,"key":"Mercury Hourglass"},{"floor":43.0,"key":"Vajra"}],"event_choices":[{"damage_healed":0.0,"max_hp_gain":0.0,"max_hp_loss":0.0,"gold_gain":75.0,"event_name":"World of Goop","player_choice":"Gather Gold","floor":3.0,"gold_loss":0.0,"damage_taken":11.0},{"damage_healed":0.0,"max_hp_gain":0.0,"max_hp_loss":0.0,"gold_gain":0.0,"event_name":"Accursed Blacksmith","player_choice":"Forge","floor":4.0,"gold_loss":0.0,"damage_taken":0.0,"cards_upgraded":["Bash"]},{"damage_healed":0.0,"max_hp_gain":0.0,"max_hp_loss":0.0,"gold_gain":0.0,"event_name":"Liars Game","player_choice":"Ignored","floor":8.0,"gold_loss":0.0,"damage_taken":0.0},{"damage_healed":0.0,"max_hp_gain":0.0,"max_hp_loss":0.0,"gold_gain":0.0,"cards_transformed":["Strike_R"],"event_name":"Living Wall","player_choice":"Change","floor":12.0,"gold_loss":0.0,"damage_taken":0.0,"cards_obtained":["Wild Strike"]},{"damage_healed":0.0,"max_hp_gain":0.0,"max_hp_loss":0.0,"gold_gain":0.0,"event_name":"Beggar","player_choice":"Ignored","floor":20.0,"gold_loss":0.0,"damage_taken":0.0},{"damage_healed":0.0,"max_hp_gain":0.0,"max_hp_loss":0.0,"gold_gain":0.0,"cards_transformed":["Strike_R","Strike_R"],"event_name":"Drug Dealer","player_choice":"Became Test Subject","floor":29.0,"gold_loss":0.0,"damage_taken":0.0,"cards_obtained":["Flame Barrier","Demon Form"]},{"damage_healed":0.0,"max_hp_gain":0.0,"max_hp_loss":0.0,"gold_gain":0.0,"event_name":"Ghosts","player_choice":"Ignored","floor":31.0,"gold_loss":0.0,"damage_taken":0.0},{"damage_healed":0.0,"max_hp_gain":0.0,"max_hp_loss":0.0,"gold_gain":0.0,"event_name":"Mysterious Sphere","player_choice":"Ignored","floor":36.0,"gold_loss":0.0,"damage_taken":0.0}],"is_beta":false,"boss_relics":[{"not_picked":["Ectoplasm","Tiny House"],"picked":"Orrery"},{"not_picked":["Black Star","Eternal Feather"],"picked":"Astrolabe"}],"items_purged_floors":[19,38],"is_endless":false,"potions_floor_spawned":[2,5,7,10,21,24,27,33,35,39],"killed_by":"Jaw Worm Horde","ascension_level":17}