{"gold_per_floor":[215,234,252,252,266,292,310,310],"floor_reached":8,"playtime":579,"items_purged":[],"score":102,"play_id":"52528448-2dbb-49c3-b4b8-ef36f2cb66e3","local_time":"20190604190418","is_ascension_mode":true,"campfire_choices":[],"neow_cost":"NONE","seed_source_timestamp":192113091642901,"circlet_count":0,"master_deck":["AscendersBane","Strike_R","Strike_R","Strike_R","Strike_R","Strike_R","Defend_R","Defend_R","Defend_R","Defend_R","Bash","True Grit","Uppercut","Bludgeon"],"relics":["Burning Blood","SsserpentHead","Regal Pillow"],"potions_floor_usage":[6],"damage_taken":[{"damage":0,"enemies":"Small Slimes","floor":1,"turns":4},{"damage":10,"enemies":"Cultist","floor":2,"turns":5},{"damage":7,"enemies":"Jaw Worm","floor":3,"turns":5},{"damage":14,"enemies":"3 Louse","floor":5,"turns":6},{"damage":32,"enemies":"Gremlin Nob","floor":6,"turns":4},{"damage":28,"enemies":"Exordium Thugs","floor":7,"turns":6},{"damage":13,"enemies":"3 Sentries","floor":8,"turns":3}],"seed_played":"-7709499523346161359","potions_obtained":[{"floor":3,"key":"GamblersBrew"},{"floor":5,"key":"PowerPotion"},{"floor":6,"key":"EssenceOfSteel"}],"is_trial":false,"path_per_floor":["M","M","M","?","M","E","M","E"],"character_chosen":"IRONCLAD","items_purchased":[],"campfire_rested":0,"item_purchase_floors":[],"current_hp_per_floor":[74,70,69,69,61,35,13,0],"gold":310,"neow_bonus":"HUNDRED_GOLD","is_prod":false,"is_daily":false,"chose_seed":false,"campfire_upgraded":0,"win_rate":0,"timestamp":1559655258,"path_taken":["M","M","M","?","M","E","M","E"],"build_version":"2019-01-23","purchased_purges":0,"victory":false,"max_hp_per_floor":[75,75,75,75,75,75,75,75],"card_choices":[{"not_picked":["Thunderclap","Twin Strike","Dropkick"],"picked":"SKIP","floor":1},{"not_picked":["Clash","Sentinel"],"picked":"True Grit","floor":2},{"not_picked":["Anger","Hemokinesis","True Grit"],"picked":"SKIP","floor":3},{"not_picked":["Headbutt","Body Slam"],"picked":"Uppercut","floor":5},{"not_picked":["Inflame","Sword Boomerang"],"picked":"Bludgeon","floor":6},{"not_picked":["Cleave","Twin Strike","Flex"],"picked":"SKIP","floor":7}],"player_experience":1193136,"relics_obtained":[{"floor":6,"key":"Regal Pillow"}],"event_choices":[{"damage_healed":0,"gold_gain":0,"player_choice":"Trade","damage_taken":0,"relics_obtained":["SsserpentHead"],"max_hp_gain":0,"max_hp_loss":0,"event_name":"FaceTrader","floor":4,"gold_loss":0}],"is_beta":false,"boss_relics":[],"items_purged_floors":[],"is_endless":false,"potions_floor_spawned":[3,5,6],"killed_by":"3 Sentries","ascension_level":14}