{"gold_per_floor":[117,131,6,26,26,26,26,26,49,69,169,180,197,215,215,315,315,325,338,185,198,198,198,231,231,231,243,39,49,49,65,65,165,165,184,79,79,91,106,106,123,123,123,123,150,150,150,162,162,162],"floor_reached":51,"playtime":3464,"items_purged":["Shame","Strike_B"],"score":766,"play_id":"4083756b-ecc5-47e3-a5c4-6bee8493a85b","local_time":"20190511193126","is_ascension_mode":false,"campfire_choices":[{"data":"Conserve Battery","floor":6,"key":"SMITH"},{"data":"Zap","floor":8,"key":"SMITH"},{"data":"Coolheaded","floor":15,"key":"SMITH"},{"data":"Blizzard","floor":23,"key":"SMITH"},{"data":"Blizzard","floor":25,"key":"SMITH"},{"floor":30,"key":"REST"},{"data":"White Noise","floor":32,"key":"SMITH"},{"data":"Chill","floor":40,"key":"SMITH"},{"floor":46,"key":"REST"},{"floor":49,"key":"REST"}],"neow_cost":"CURSE","seed_source_timestamp":174224153190480,"circlet_count":0,"master_deck":["Strike_B","Strike_B","Strike_B","Defend_B","Defend_B","Defend_B","Zap+1","Dualcast","Blizzard+1","Coolheaded+1","Conserve Battery+1","Chaos+1","BootSequence","Cold Snap","Turbo","Electrodynamics","Cold Snap","Doom and Gloom+1","Coolheaded","White Noise+1","Blizzard+1","Chill+1","White Noise+1","Multi-Cast","Cold Snap","Coolheaded","Coolheaded+1","Cold Snap"],"relics":["FrozenCore","Thread and Needle","Pen Nib","Sozu","Ancient Tea Set","Pear","Runic Capacitor","Anchor","DataDisk"],"potions_floor_usage":[16,24],"damage_taken":[{"damage":0,"enemies":"Cultist","floor":1,"turns":4},{"damage":0,"enemies":"Jaw Worm","floor":2,"turns":4},{"damage":0,"enemies":"2 Louse","floor":4,"turns":3},{"damage":4,"enemies":"Lots of Slimes","floor":10,"turns":5},{"damage":0,"enemies":"Blue Slaver","floor":12,"turns":3},{"damage":0,"enemies":"Exordium Thugs","floor":13,"turns":4},{"damage":0,"enemies":"Looter","floor":14,"turns":3},{"damage":0,"enemies":"The Guardian","floor":16,"turns":12},{"damage":0,"enemies":"2 Thieves","floor":18,"turns":4},{"damage":0,"enemies":"3 Byrds","floor":19,"turns":3},{"damage":0,"enemies":"Snecko","floor":21,"turns":4},{"damage":17,"enemies":"Slavers","floor":24,"turns":4},{"damage":19,"enemies":"Snake Plant","floor":27,"turns":4},{"damage":2,"enemies":"Sentry and Sphere","floor":29,"turns":6},{"damage":0,"enemies":"Centurion and Healer","floor":31,"turns":5},{"damage":38,"enemies":"Automaton","floor":33,"turns":11},{"damage":0,"enemies":"3 Shapes","floor":35,"turns":4},{"damage":0,"enemies":"3 Darklings","floor":38,"turns":4},{"damage":1,"enemies":"Jaw Worm Horde","floor":39,"turns":3},{"damage":6,"enemies":"Maw","floor":41,"turns":8},{"damage":63,"enemies":"Nemesis","floor":45,"turns":9},{"damage":10,"enemies":"Sphere and 2 Shapes","floor":48,"turns":4},{"damage":38,"enemies":"Time Eater","floor":50,"turns":14}],"seed_played":"-7053987161667457105","potions_obtained":[{"floor":10,"key":"FearPotion"},{"floor":12,"key":"FocusPotion"},{"floor":16,"key":"Dexterity Potion"}],"is_trial":false,"path_per_floor":["?","$","?","M","?","M","$","$","?","?"],"character_chosen":"DEFECT","items_purchased":["Conserve Battery","Coolheaded","Runic Capacitor","Cold Snap","Coolheaded"],"campfire_rested":3,"item_purchase_floors":[3,20,28,36,36],"current_hp_per_floor":[75,75,75,75,75,75,75,75,75,71,71,71,71,71,71,71,75,75,75,75,75,75,75,58,58,68,49,49,47,72,72,72,34,85,85,85,85,85,84,84,78,78,78,78,15,40,40,30,55,17],"gold":162,"neow_bonus":"ONE_RARE_RELIC","is_prod":false,"is_daily":false,"chose_seed":false,"campfire_upgraded":7,"win_rate":0,"timestamp":1557617486,"path_taken":["M","M","$","M","?","R","?","R","T","M","?","M","?","M","R","BOSS","M","M","$","M","?","R","E","R","T","M","$","?","R","M","R","BOSS","M","?","$","M","M","R","M","?","T","?","E","R","?","M","R","BOSS"],"build_version":"2019-01-23","purchased_purges":2,"victory":true,"max_hp_per_floor":[75,75,75,75,75,75,75,75,75,75,75,75,75,75,75,75,75,75,75,75,75,75,75,75,75,85,85,85,85,85,85,85,85,85,85,85,85,85,85,85,85,85,85,85,85,85,85,85,85,85],"card_choices":[{"not_picked":["Stack","White Noise"],"picked":"Blizzard","floor":1},{"not_picked":["Beam Cell","Conserve Battery"],"picked":"Coolheaded","floor":2},{"not_picked":["Genetic Algorithm","Stack"],"picked":"Chaos","floor":4},{"not_picked":["Hello World","Go for the Eyes"],"picked":"BootSequence","floor":10},{"not_picked":["Hyperbeam","Melter"],"picked":"Cold Snap","floor":12},{"not_picked":["Melter","Barrage","Lockon"],"picked":"SKIP","floor":13},{"not_picked":["Barrage","Melter"],"picked":"Turbo","floor":14},{"not_picked":["Buffer","Amplify"],"picked":"Electrodynamics","floor":16},{"not_picked":["Compile Driver+1","Go for the Eyes"],"picked":"Cold Snap","floor":18},{"not_picked":["Rip and Tear","Turbo+1"],"picked":"Doom and Gloom+1","floor":19},{"not_picked":["Static Discharge+1","Force Field"],"picked":"White Noise","floor":21},{"not_picked":["Redo","Hologram","Leap"],"picked":"SKIP","floor":24},{"not_picked":["Stack","Conserve Battery"],"picked":"Chill","floor":27},{"not_picked":["Beam Cell","Reinforced Body","Scrape"],"picked":"SKIP","floor":29},{"not_picked":["Electrodynamics","Redo+1"],"picked":"White Noise+1","floor":31},{"not_picked":["Thunder Strike","Core Surge"],"picked":"Multi-Cast","floor":33},{"not_picked":["Leap","Beam Cell+1","Redo"],"picked":"SKIP","floor":35},{"not_picked":["Stack","Leap","Go for the Eyes"],"picked":"SKIP","floor":38},{"not_picked":["Turbo","Cold Snap"],"picked":"Coolheaded+1","floor":39},{"not_picked":["Amplify","Streamline"],"picked":"Cold Snap","floor":41},{"not_picked":["Barrage","Self Repair+1","Reprogram+1"],"picked":"SKIP","floor":45},{"not_picked":["Coolheaded","Turbo","Redo"],"picked":"SKIP","floor":48}],"player_experience":527819,"relics_obtained":[{"floor":9,"key":"Pen Nib"},{"floor":24,"key":"Ancient Tea Set"},{"floor":26,"key":"Pear"},{"floor":43,"key":"Anchor"},{"floor":45,"key":"DataDisk"}],"event_choices":[{"damage_healed":0,"gold_gain":0,"player_choice":"Grow","damage_taken":0,"max_hp_gain":0,"max_hp_loss":0,"event_name":"Living Wall","floor":5,"gold_loss":0,"cards_upgraded":["Chaos"]},{"damage_healed":0,"gold_gain":100,"player_choice":"Pray","damage_taken":0,"max_hp_gain":0,"max_hp_loss":0,"event_name":"Golden Shrine","floor":11,"gold_loss":0},{"damage_healed":0,"gold_gain":0,"player_choice":"Copied","damage_taken":0,"max_hp_gain":0,"max_hp_loss":0,"event_name":"Duplicator","floor":22,"gold_loss":0,"cards_obtained":["Blizzard"]},{"cards_removed":["Defend_B"],"damage_healed":0,"gold_gain":0,"player_choice":"Removed Skill","damage_taken":0,"max_hp_gain":0,"max_hp_loss":0,"event_name":"Falling","floor":44,"gold_loss":0},{"damage_healed":0,"gold_gain":0,"player_choice":"Ignored","damage_taken":0,"max_hp_gain":0,"max_hp_loss":0,"event_name":"Mysterious Sphere","floor":47,"gold_loss":0}],"is_beta":false,"boss_relics":[{"not_picked":["Eternal Feather","Snecko Eye"],"picked":"Sozu"},{"not_picked":["Empty Cage","Busted Crown"],"picked":"FrozenCore"}],"items_purged_floors":[3,20],"is_endless":false,"potions_floor_spawned":[10,12,16,18,21,31,33,35,38,41,48],"ascension_level":0}