{"path_per_floor":["M","?","M","M","?","E","M","E","T","$","R","$","M","M","R","B",null,"M","$","?","?","?"],"character_chosen":"IRONCLAD","items_purchased":["Dual Wield","Thunderclap"],"gold_per_floor":[111,111,129,139,139,172,188,216,216,62,62,8,23,35,35,134,134,146,46,46,46,46],"floor_reached":23,"campfire_rested":1,"playtime":7453,"current_hp_per_floor":[80,80,80,80,80,58,64,33,33,33,57,57,63,69,69,14,83,62,62,62,60,60],"items_purged":["Strike_R","Injury"],"gold":46,"play_id":"c936e1c1-18dd-4c55-bb32-b5a395f304ca","is_prod":false,"is_daily":false,"is_ascension_mode":false,"campfire_upgraded":1,"path_taken":["M","?","M","M","?","E","?","E","T","$","R","$","M","M","R","BOSS","M","$","?","?","?","E"],"build_version":"2018-02-01-PROD3","purchased_purges":2,"victory":false,"master_deck":["Defend_R","Defend_R","Defend_R","Defend_R","Bash","Shrug It Off+1","Infernal Blade","Feed","Body Slam+1","Flex","Heavy Blade","Dual Wield","Thunderclap","Berserk","Armaments+1","Dropkick","Bite","Bite","Bite","Bite","Bite"],"max_hp_per_floor":[80,80,80,80,80,80,80,80,80,80,80,80,83,83,83,83,83,86,86,86,60,60],"relics":["Black Blood","Bag of Marbles","Lantern","Red Skull"],"card_choices":[{"not_picked":["True Grit","Twin Strike"],"picked":"Shrug It Off"},{"not_picked":["Sword Boomerang","Clash"],"picked":"Infernal Blade"},{"not_picked":["Clash","Power Through"],"picked":"Feed"},{"not_picked":["Rupture","Warcry"],"picked":"Body Slam"},{"not_picked":["Warcry","Anger"],"picked":"Flex"},{"not_picked":["Clash","Combust"],"picked":"Heavy Blade"},{"not_picked":["Bludgeon","Dark Embrace"],"picked":"Berserk"},{"not_picked":["Feel No Pain","Blood for Blood"],"picked":"Armaments"}],"player_experience":10008,"potions_floor_usage":[16,23,23],"damage_taken":[{"damage":6,"enemies":"Jaw Worm","floor":1,"turns":4},{"damage":6,"enemies":"Blue Slaver","floor":3,"turns":6},{"damage":6,"enemies":"Small Slimes","floor":4,"turns":4},{"damage":28,"enemies":"3 Sentries","floor":6,"turns":10},{"damage":0,"enemies":"2 Fungi Beasts","floor":7,"turns":4},{"damage":37,"enemies":"Gremlin Nob","floor":8,"turns":5},{"damage":3,"enemies":"Red Slaver","floor":13,"turns":3},{"damage":0,"enemies":"3 Louse","floor":14,"turns":3},{"damage":61,"enemies":"Hexaghost","floor":16,"turns":12},{"damage":34,"enemies":"3 Byrds","floor":18,"turns":9},{"damage":83,"enemies":"Book of Stabbing","floor":23,"turns":7}],"event_choices":[{"event_name":"Accursed Blacksmith","player_choice":"Forge","floor":2,"damage_taken":0},{"event_name":"The Lab","player_choice":"Got Potions","floor":5,"damage_taken":0},{"event_name":"The Library","player_choice":"Read","floor":20,"damage_taken":0},{"event_name":"Vampires","player_choice":"Became a vampire","floor":21,"damage_taken":0},{"event_name":"Addict","player_choice":"Ignored","floor":22,"damage_taken":0}],"boss_relics":[{"not_picked":["Cursed Key","Sozu"],"picked":"Black Blood"}],"potions_floor_spawned":[1,6,7,14,18],"seed_played":"-3225539914147141309","killed_by":"Book of Stabbing","ascension_level":0,"is_trial":false}