{"gold_per_floor":[110,110,126,126,301,301,326,360,383,419,466,478,536,581,593,605],"floor_reached":16,"playtime":1189,"items_purged":[],"score":179,"play_id":"e6abf631-8ce0-4514-bef9-37a4549936db","local_time":"20190520051733","is_ascension_mode":true,"campfire_choices":[{"floor":6.0,"key":"RECALL"},{"floor":15,"key":"REST"}],"neow_cost":"NONE","seed_source_timestamp":90957987166774,"circlet_count":0,"master_deck":["Strike_R","Strike_R","Strike_R","Strike_R","Defend_R","Defend_R","Defend_R","Defend_R","Bash","Doubt","Offering","Pommel Strike+1","Spot Weakness","Clothesline"],"special_seed":0,"relics":["Fusion Hammer","Golden Idol","Red Skull","MawBank","Gambling Chip","Orichalcum","Omamori"],"potions_floor_usage":[8,8],"damage_taken":[{"damage":3.0,"enemies":"Small Slimes","floor":1.0,"turns":3.0},{"damage":2.0,"enemies":"2 Louse","floor":3.0,"turns":3.0},{"damage":0.0,"enemies":"Cultist","floor":7.0,"turns":4.0},{"damage":25,"enemies":"Lagavulin","floor":8,"turns":8},{"damage":3,"enemies":"Blue Slaver","floor":10,"turns":2},{"damage":6,"enemies":"Gremlin Nob","floor":11,"turns":2},{"damage":15,"enemies":"3 Sentries","floor":14,"turns":6},{"damage":40,"enemies":"Slime Boss","floor":16,"turns":5}],"seed_played":"-5611186259954886492","potions_obtained":[{"floor":1.0,"key":"SkillPotion"},{"floor":3.0,"key":"FearPotion"},{"floor":14,"key":"Dexterity Potion"}],"is_trial":false,"path_per_floor":["M","?","M","?","?","R","M","E","T","M","E","?","T","E","R","B"],"character_chosen":"IRONCLAD","items_purchased":[],"campfire_rested":1,"item_purchase_floors":[],"current_hp_per_floor":[77,74,72,65,65,65,65,40,40,37,31,31,31,16,38,0],"gold":605,"neow_bonus":"BOSS_RELIC","is_prod":false,"is_daily":false,"chose_seed":false,"campfire_upgraded":0,"win_rate":0,"timestamp":1558309653,"path_taken":["M","?","M","?","?","R","M","E","T","M","E","?","?","E","R","BOSS"],"build_version":"2019-01-23","purchased_purges":0,"victory":false,"max_hp_per_floor":[80,74,74,74,74,74,74,74,74,74,74,74,74,74,74,74],"card_choices":[{"not_picked":["Corruption","True Grit","Anger"],"picked":"SKIP","floor":1.0},{"not_picked":["Warcry","Fire Breathing","True Grit"],"picked":"SKIP","floor":3.0},{"not_picked":["Flex","Anger","Iron Wave"],"picked":"SKIP","floor":7.0},{"not_picked":["Sever Soul","Dropkick"],"picked":"Offering","floor":8},{"not_picked":["Havoc","Corruption"],"picked":"Pommel Strike","floor":10},{"not_picked":["Searing Blow","Wild Strike"],"picked":"Spot Weakness","floor":11},{"not_picked":["Pommel Strike","Twin Strike"],"picked":"Clothesline","floor":14}],"player_experience":523081,"relics_obtained":[{"floor":8,"key":"Red Skull"},{"floor":9,"key":"MawBank"},{"floor":11,"key":"Gambling Chip"},{"floor":13,"key":"Orichalcum"},{"floor":14,"key":"Omamori"}],"event_choices":[{"damage_healed":0.0,"max_hp_gain":0.0,"max_hp_loss":6.0,"gold_gain":0.0,"event_name":"Golden Idol","player_choice":"Lose Max HP","floor":2.0,"gold_loss":0.0,"damage_taken":0.0,"relics_obtained":["Golden Idol"]},{"cards_removed":["Strike_R"],"damage_healed":0.0,"max_hp_gain":0.0,"max_hp_loss":0.0,"gold_gain":0.0,"event_name":"Golden Wing","player_choice":"Card Removal","floor":4.0,"gold_loss":0.0,"damage_taken":7.0},{"damage_healed":0.0,"max_hp_gain":0.0,"max_hp_loss":0.0,"gold_gain":175.0,"event_name":"Liars Game","player_choice":"AGREE","floor":5.0,"gold_loss":0.0,"damage_taken":0.0,"cards_obtained":["Doubt"]},{"damage_healed":0,"gold_gain":0,"player_choice":"Grow","damage_taken":0,"max_hp_gain":0,"max_hp_loss":0,"event_name":"Living Wall","floor":12,"gold_loss":0,"cards_upgraded":["Pommel Strike"]}],"is_beta":false,"boss_relics":[],"items_purged_floors":[],"is_endless":false,"potions_floor_spawned":[1,3,14],"killed_by":"Slime Boss","ascension_level":5}