{"gold_per_floor":[119,135,135,148,168,197,197,212,212,212,231,258,270,270,270,367,367,387,16,33,33,50,50,75,85,111,111,143,143,43,43,43,142,142,158,33,33,33,33,33,43,43,67,95,95,121,121],"floor_reached":47,"playtime":5058,"items_purged":["Strike_G","Defend_G","Strike_G"],"score":639,"play_id":"a21cbd3a-c7d3-40d7-8829-1a902c64572f","local_time":"20190528165248","is_ascension_mode":true,"campfire_choices":[{"data":"Neutralize","floor":7.0,"key":"SMITH"},{"data":"Die Die Die","floor":10.0,"key":"SMITH"},{"floor":15.0,"key":"REST"},{"floor":23.0,"key":"REST"},{"floor":27.0,"key":"REST"},{"data":"Night Terror","floor":29.0,"key":"SMITH"},{"floor":32.0,"key":"REST"},{"floor":40,"key":"RECALL"},{"floor":42,"key":"REST"},{"floor":45,"key":"REST"}],"neow_cost":"NONE","seed_source_timestamp":1915797105784402,"circlet_count":0,"master_deck":["Defend_G","Defend_G","Defend_G","Defend_G","Strike_G","Strike_G","Survivor","Neutralize+1","Dagger Spray","Slice","Die Die Die+1","Well Laid Plans","Dagger Throw","Riddle With Holes","Backflip","Dagger Spray","Deflect","Corpse Explosion","Deflect","Dodge and Roll","Neutralize+1","Night Terror+1","PiercingWail","Infinite Blades","Envenom+1","Quick Slash+1","Forethought","Footwork+1","Footwork+1","Deflect"],"special_seed":0,"relics":["Ring of the Serpent","Bag of Preparation","Happy Flower","Darkstone Periapt","Black Star","Ice Cream","Dead Branch","Centennial Puzzle","Omamori","Pen Nib","Nloth\u0027s Gift","Ancient Tea Set","Kunai","Du-Vu Doll","Turnip","Torii"],"potions_floor_usage":[33,35,44],"damage_taken":[{"damage":0.0,"enemies":"Cultist","floor":1.0,"turns":4.0},{"damage":0.0,"enemies":"Small Slimes","floor":2.0,"turns":3.0},{"damage":0.0,"enemies":"Jaw Worm","floor":4.0,"turns":3.0},{"damage":0.0,"enemies":"2 Fungi Beasts","floor":5.0,"turns":2.0},{"damage":28.0,"enemies":"Gremlin Nob","floor":6.0,"turns":4.0},{"damage":0.0,"enemies":"Lots of Slimes","floor":8.0,"turns":1.0},{"damage":0.0,"enemies":"Red Slaver","floor":11.0,"turns":3.0},{"damage":10.0,"enemies":"Lagavulin","floor":12.0,"turns":6.0},{"damage":0.0,"enemies":"Exordium Wildlife","floor":13.0,"turns":2.0},{"damage":32.0,"enemies":"Slime Boss","floor":16.0,"turns":9.0},{"damage":9.0,"enemies":"3 Byrds","floor":18.0,"turns":3.0},{"damage":10.0,"enemies":"Shell Parasite","floor":20.0,"turns":7.0},{"damage":4.0,"enemies":"Centurion and Healer","floor":22.0,"turns":4.0},{"damage":30.0,"enemies":"Book of Stabbing","floor":24.0,"turns":7.0},{"damage":8.0,"enemies":"Cultist and Chosen","floor":25.0,"turns":6.0},{"damage":18.0,"enemies":"Slavers","floor":28.0,"turns":3.0},{"damage":45,"enemies":"Automaton","floor":33,"turns":11},{"damage":23,"enemies":"3 Darklings","floor":35,"turns":4},{"damage":0,"enemies":"3 Shapes","floor":41,"turns":2},{"damage":51,"enemies":"Giant Head","floor":44,"turns":11},{"damage":0,"enemies":"Nemesis","floor":46,"turns":9},{"damage":40,"enemies":"Maw","floor":47,"turns":9}],"seed_played":"-7998197086167511874","potions_obtained":[{"floor":1.0,"key":"Ancient Potion"},{"floor":5.0,"key":"Dexterity Potion"},{"floor":8.0,"key":"SpeedPotion"},{"floor":12.0,"key":"FearPotion"},{"floor":16.0,"key":"SkillPotion"},{"floor":20.0,"key":"PowerPotion"},{"floor":22.0,"key":"AttackPotion"},{"floor":33,"key":"Block Potion"},{"floor":41,"key":"SpeedPotion"},{"floor":44,"key":"SteroidPotion"},{"floor":46,"key":"FearPotion"}],"is_trial":false,"path_per_floor":["M","M","?","M","M","E","R","M","T","R","M","E","M","?","R","B",null,"M","$","M","?","M","R","E","M","T","R","E","R","$","?","R","B",null,"M","$","?","?","$","R","M","R","T","E","R","E","M"],"character_chosen":"THE_SILENT","items_purchased":["Ice Cream"],"campfire_rested":6,"item_purchase_floors":[19],"current_hp_per_floor":[70,70,70,70,70,42,42,42,42,42,42,32,32,25,46,14,70,61,61,51,51,47,68,38,30,30,51,33,33,33,33,54,9,70,47,47,47,47,47,47,47,68,68,17,38,38,0],"gold":121,"neow_bonus":"RANDOM_COMMON_RELIC","is_prod":false,"is_daily":false,"chose_seed":false,"campfire_upgraded":3,"win_rate":0,"timestamp":1559076768,"path_taken":["M","M","?","M","M","E","R","M","T","R","M","E","?","?","R","BOSS","M","$","?","?","?","R","E","M","T","R","E","R","?","?","R","BOSS","M","?","?","?","$","R","M","R","T","E","R","E","?"],"build_version":"2019-01-23","purchased_purges":3,"victory":false,"max_hp_per_floor":[70,70,70,70,70,70,70,70,70,70,70,70,70,70,70,70,70,70,70,70,70,70,70,70,70,70,70,70,70,70,70,70,70,70,70,70,70,70,70,70,70,70,70,70,70,70,70],"card_choices":[{"not_picked":["Sucker Punch","Eviscerate"],"picked":"Dagger Spray","floor":1.0},{"not_picked":["Bouncing Flask","Flying Knee"],"picked":"Slice","floor":2.0},{"not_picked":["Backflip","Acrobatics"],"picked":"Well Laid Plans","floor":4.0},{"not_picked":["Acrobatics","Masterful Stab"],"picked":"Dagger Throw","floor":5.0},{"not_picked":["Concentrate","Doppelganger"],"picked":"Riddle With Holes","floor":6.0},{"not_picked":["Quick Slash","Deflect"],"picked":"Backflip","floor":8.0},{"not_picked":["Riddle With Holes","Underhanded Strike"],"picked":"Dagger Spray","floor":11.0},{"not_picked":["Blade Dance","Deadly Poison"],"picked":"Deflect","floor":12.0},{"not_picked":["Underhanded Strike","Expertise","Dagger Spray"],"picked":"SKIP","floor":13.0},{"not_picked":["Unload","Adrenaline"],"picked":"Corpse Explosion","floor":16.0},{"not_picked":["Quick Slash","Masterful Stab"],"picked":"Deflect","floor":18.0},{"not_picked":["Dagger Spray+1","Backflip"],"picked":"Dodge and Roll","floor":20.0},{"not_picked":["Prepared","Eviscerate","Outmaneuver"],"picked":"SKIP","floor":22.0},{"not_picked":["Dagger Spray","Underhanded Strike"],"picked":"Night Terror","floor":24.0},{"not_picked":["Dagger Spray","Bouncing Flask"],"picked":"PiercingWail","floor":25.0},{"not_picked":["Sucker Punch","Backflip+1"],"picked":"Infinite Blades","floor":28.0},{"not_picked":["Adrenaline","Malaise"],"picked":"Envenom","floor":33},{"not_picked":["Unload","Setup+1"],"picked":"Quick Slash+1","floor":35},{"not_picked":["Blind","Jack Of All Trades"],"picked":"Forethought","floor":37},{"not_picked":["Quick Slash+1","Dodge and Roll"],"picked":"Footwork+1","floor":41},{"not_picked":["Malaise","Cloak And Dagger+1"],"picked":"Footwork+1","floor":44},{"not_picked":["Envenom","Dash"],"picked":"Deflect","floor":46}],"player_experience":261102,"relics_obtained":[{"floor":6.0,"key":"Happy Flower"},{"floor":12.0,"key":"Darkstone Periapt"},{"floor":24.0,"key":"Dead Branch"},{"floor":24.0,"key":"Centennial Puzzle"},{"floor":26.0,"key":"Bronze Scales"},{"floor":28.0,"key":"Omamori"},{"floor":28.0,"key":"Pen Nib"},{"floor":43,"key":"Ancient Tea Set"},{"floor":44,"key":"Kunai"},{"floor":44,"key":"Du-Vu Doll"},{"floor":46,"key":"Turnip"},{"floor":46,"key":"Torii"}],"event_choices":[{"damage_healed":0.0,"max_hp_gain":0.0,"max_hp_loss":0.0,"gold_gain":0.0,"cards_transformed":["Strike_G"],"event_name":"Transmorgrifier","player_choice":"Transformed","floor":3.0,"gold_loss":0.0,"damage_taken":0.0,"cards_obtained":["Die Die Die"]},{"damage_healed":0.0,"max_hp_gain":0.0,"max_hp_loss":0.0,"gold_gain":0.0,"event_name":"Wheel of Change","player_choice":"Damaged","floor":14.0,"gold_loss":0.0,"damage_taken":7.0},{"damage_healed":0.0,"max_hp_gain":0.0,"max_hp_loss":0.0,"gold_gain":0.0,"event_name":"Duplicator","player_choice":"Copied","floor":21.0,"gold_loss":0.0,"damage_taken":0.0,"cards_obtained":["Neutralize"]},{"damage_healed":0.0,"max_hp_gain":0.0,"max_hp_loss":0.0,"gold_gain":0.0,"event_name":"N\u0027loth","player_choice":"Traded Relic","floor":31.0,"relics_lost":["Bronze Scales"],"gold_loss":0.0,"damage_taken":0.0,"relics_obtained":["Nloth\u0027s Gift"]},{"damage_healed":0,"gold_gain":0,"player_choice":"Memory 1","damage_taken":0,"max_hp_gain":0,"max_hp_loss":0,"event_name":"SensoryStone","floor":37,"gold_loss":0},{"damage_healed":0,"gold_gain":0,"player_choice":"Upgraded","damage_taken":0,"max_hp_gain":0,"max_hp_loss":0,"event_name":"Upgrade Shrine","floor":38,"gold_loss":0,"cards_upgraded":["Envenom"]}],"is_beta":false,"boss_relics":[{"not_picked":["Runic Dome","Tiny House"],"picked":"Black Star"},{"not_picked":["Snecko Eye","Empty Cage"],"picked":"Ring of the Serpent"}],"items_purged_floors":[19,30,36],"is_endless":false,"potions_floor_spawned":[1,5,8,12,16,20,22,33,41,44,46],"killed_by":"Maw","ascension_level":3}