{"gold_per_floor":[112,123,142,317,335,335,362,362,413,446,446,464,464,496,496,591,591,609,624,341,356,375,406,321,321,321,353,353,381,381,391,391,491,541,554,573,593,21,35,35,68,68,68,100,117,117,143,33,33,33],"floor_reached":51,"playtime":4928,"items_purged":["Doubt","Strike_B","Strike_B"],"score":931,"play_id":"159f02dc-cfe4-45bc-95cf-c580ad241e68","local_time":"20190319190652","is_ascension_mode":true,"campfire_choices":[{"data":"Doom and Gloom","floor":6,"key":"SMITH"},{"floor":8,"key":"REST"},{"floor":11,"key":"REST"},{"floor":15,"key":"REST"},{"data":"Fission","floor":25,"key":"SMITH"},{"data":"Fusion","floor":30,"key":"SMITH"},{"floor":32,"key":"RECALL"},{"data":"Chill","floor":40,"key":"SMITH"},{"data":"Chill","floor":42,"key":"SMITH"},{"data":"Glacier","floor":46,"key":"SMITH"},{"data":"Steam Power","floor":49,"key":"SMITH"}],"neow_cost":"NONE","seed_source_timestamp":73438431939196,"circlet_count":0,"master_deck":["Strike_B","Strike_B+1","Defend_B","Defend_B","Defend_B","Defend_B","Zap+1","Dualcast","Cold Snap","Leap","Chill+1","Doom and Gloom+1","Ball Lightning","Self Repair+1","Streamline","Fusion+1","Buffer+1","Undo","Defragment+1","Coolheaded","Storm+1","Ball Lightning","Storm+1","Self Repair+1","Fission+1","Conserve Battery","Leap+1","Coolheaded","Stack+1","Capacitor+1","Buffer+1","Biased Cognition+1","Steam Power+1","Glacier+1","Chill+1","Capacitor+1","Capacitor+1","Capacitor+1","Self Repair+1","Self Repair+1","Storm+1","Loop+1","Loop+1","Loop+1","Creative AI+1","Defragment+1"],"relics":["Cracked Core","Frozen Egg 2","Ancient Tea Set","Orichalcum","Meat on the Bone","Boot","Orrery","The Courier","PreservedInsect","Cables","Red Mask","Bottled Tornado","Tiny House","Mercury Hourglass","Smiling Mask","Regal Pillow"],"potions_floor_usage":[16,21,36,39,41,45],"damage_taken":[{"damage":1,"enemies":"Jaw Worm","floor":1,"turns":3},{"damage":0,"enemies":"Small Slimes","floor":2,"turns":2},{"damage":0,"enemies":"2 Louse","floor":3,"turns":3},{"damage":0,"enemies":"Large Slime","floor":5,"turns":7},{"damage":55,"enemies":"Gremlin Nob","floor":7,"turns":5},{"damage":11,"enemies":"Lagavulin","floor":10,"turns":5},{"damage":0,"enemies":"Lots of Slimes","floor":12,"turns":4},{"damage":6,"enemies":"3 Sentries","floor":14,"turns":6},{"damage":52,"enemies":"Hexaghost","floor":16,"turns":11},{"damage":10,"enemies":"Spheric Guardian","floor":18,"turns":5},{"damage":23,"enemies":"3 Byrds","floor":19,"turns":5},{"damage":3,"enemies":"Cultist and Chosen","floor":21,"turns":7},{"damage":10,"enemies":"Snecko","floor":22,"turns":5},{"damage":43,"enemies":"Slavers","floor":23,"turns":5},{"damage":0,"enemies":"Masked Bandits","floor":27,"turns":2},{"damage":0,"enemies":"Gremlin Leader","floor":29,"turns":5},{"damage":9,"enemies":"Snake Plant","floor":31,"turns":3},{"damage":0,"enemies":"Collector","floor":33,"turns":8},{"damage":8,"enemies":"3 Shapes","floor":35,"turns":3},{"damage":4,"enemies":"Orb Walker","floor":36,"turns":2},{"damage":0,"enemies":"4 Shapes","floor":37,"turns":3},{"damage":24,"enemies":"3 Darklings","floor":39,"turns":4},{"damage":0,"enemies":"Nemesis","floor":41,"turns":3},{"damage":6,"enemies":"Giant Head","floor":44,"turns":5},{"damage":0,"enemies":"Spire Growth","floor":45,"turns":3},{"damage":18,"enemies":"Donu and Deca","floor":50,"turns":7}],"seed_played":"2135660325243170896","potions_obtained":[{"floor":3,"key":"PowerPotion"},{"floor":7,"key":"SteroidPotion"},{"floor":14,"key":"Regen Potion"},{"floor":19,"key":"AttackPotion"},{"floor":21,"key":"Poison Potion"},{"floor":23,"key":"EssenceOfSteel"},{"floor":31,"key":"GamblersBrew"},{"floor":34,"key":"Energy Potion"},{"floor":37,"key":"Weak Potion"},{"floor":41,"key":"Swift Potion"},{"floor":44,"key":"SteroidPotion"}],"is_trial":false,"path_per_floor":["?","?","?","?","?","M","T"],"character_chosen":"DEFECT","items_purchased":["Self Repair+1","Fission","Conserve Battery","Capacitor+1","Capacitor+1","Capacitor+1","Self Repair+1","Self Repair+1","Storm+1","Loop+1","Loop+1","Defragment+1"],"campfire_rested":3,"item_purchase_floors":[20,20,20,38,38,38,38,38,38,38,38,48],"current_hp_per_floor":[74,74,74,74,74,74,19,41,41,30,52,62,44,48,70,55,75,75,62,62,75,75,64,64,64,64,74,74,75,75,66,66,75,80,80,80,80,80,80,80,80,80,80,80,80,80,80,80,80,80],"gold":33,"neow_bonus":"UPGRADE_CARD","is_prod":false,"is_daily":false,"chose_seed":false,"campfire_upgraded":7,"win_rate":0,"timestamp":1553036812,"path_taken":["M","M","M","?","M","R","E","R","T","E","R","M","?","E","R","BOSS","M","M","$","M","M","E","?","R","T","?","?","E","R","M","R","BOSS","M","M","M","$","M","R","E","R","T","E","?","R","?","$","R","BOSS"],"build_version":"2019-01-23","purchased_purges":3,"victory":true,"max_hp_per_floor":[75,75,75,75,75,75,75,75,75,75,75,75,75,75,75,75,75,75,75,75,75,75,75,75,75,75,75,75,75,75,75,75,75,80,80,80,80,80,80,80,80,80,80,80,80,80,80,80,80,80],"card_choices":[{"not_picked":["Go for the Eyes","Rebound"],"picked":"Cold Snap","floor":1},{"not_picked":["Go for the Eyes","Cold Snap"],"picked":"Leap","floor":2},{"not_picked":["Conserve Battery","Hologram"],"picked":"Chill","floor":3},{"not_picked":["Gash","Leap"],"picked":"Doom and Gloom","floor":5},{"not_picked":["Heatsinks","Compile Driver"],"picked":"Ball Lightning","floor":7},{"not_picked":["Auto Shields","Reinforced Body"],"picked":"Self Repair+1","floor":10},{"not_picked":["Rebound","Sweeping Beam"],"picked":"Streamline","floor":12},{"not_picked":["Auto Shields","Scrape"],"picked":"Fusion","floor":14},{"not_picked":["Amplify","Multi-Cast"],"picked":"Buffer+1","floor":16},{"not_picked":["Stack","Gash"],"picked":"Undo","floor":17},{"not_picked":["Go for the Eyes","Conserve Battery"],"picked":"Defragment+1","floor":17},{"not_picked":["Redo","Steam"],"picked":"Coolheaded","floor":17},{"not_picked":["Lockon","Force Field"],"picked":"Storm+1","floor":17},{"not_picked":["Redo","Go for the Eyes"],"picked":"Ball Lightning","floor":17},{"not_picked":["Steam","Streamline"],"picked":"Storm+1","floor":18},{"not_picked":["Sweeping Beam+1","Compile Driver","Beam Cell"],"picked":"SKIP","floor":19},{"not_picked":["Sweeping Beam","Hologram"],"picked":"Leap+1","floor":21},{"not_picked":["Multi-Cast","Gash"],"picked":"Coolheaded","floor":22},{"not_picked":["Gash","Compile Driver"],"picked":"Stack+1","floor":23},{"not_picked":["Gash","FTL"],"picked":"Capacitor+1","floor":27},{"not_picked":["Gash","Compile Driver+1","Tempest"],"picked":"SKIP","floor":29},{"not_picked":["Core Surge","Stack","Lockon"],"picked":"SKIP","floor":31},{"not_picked":["Reboot","Hyperbeam"],"picked":"Biased Cognition+1","floor":33},{"not_picked":["Undo","Rebound"],"picked":"Steam Power","floor":35},{"not_picked":["Redo","FTL+1"],"picked":"Glacier","floor":36},{"not_picked":["Streamline+1","Skim"],"picked":"Chill","floor":37},{"not_picked":["Ball Lightning","Compile Driver","Sweeping Beam+1"],"picked":"SKIP","floor":39},{"not_picked":["Sweeping Beam+1","Beam Cell","Reprogram+1"],"picked":"SKIP","floor":41},{"not_picked":["Rip and Tear","Go for the Eyes+1"],"picked":"Loop+1","floor":44},{"not_picked":["Redo+1","Steam"],"picked":"Creative AI+1","floor":45}],"player_experience":303595,"relics_obtained":[{"floor":7,"key":"Frozen Egg 2"},{"floor":9,"key":"Ancient Tea Set"},{"floor":10,"key":"Orichalcum"},{"floor":14,"key":"Boot"},{"floor":23,"key":"The Courier"},{"floor":26,"key":"Cables"},{"floor":27,"key":"Red Mask"},{"floor":29,"key":"Bottled Tornado"},{"floor":41,"key":"Mercury Hourglass"},{"floor":44,"key":"Smiling Mask"},{"floor":47,"key":"Regal Pillow"}],"event_choices":[{"damage_healed":0,"gold_gain":175,"player_choice":"AGREE","damage_taken":0,"max_hp_gain":0,"max_hp_loss":0,"event_name":"Liars Game","floor":4,"gold_loss":0,"cards_obtained":["Doubt"]},{"damage_healed":0,"gold_gain":0,"player_choice":"Success","damage_taken":18,"relics_obtained":["Meat on the Bone"],"max_hp_gain":0,"max_hp_loss":0,"event_name":"Scrap Ooze","floor":13,"gold_loss":0},{"damage_healed":0,"gold_gain":0,"player_choice":"Obtained Relic","damage_taken":0,"relics_obtained":["PreservedInsect"],"max_hp_gain":0,"max_hp_loss":0,"event_name":"Addict","floor":24,"gold_loss":85},{"damage_healed":0,"gold_gain":0,"player_choice":"Fought Bandits","damage_taken":0,"max_hp_gain":0,"max_hp_loss":0,"event_name":"Masked Bandits","floor":27,"gold_loss":0},{"damage_healed":0,"gold_gain":0,"player_choice":"Copied","damage_taken":0,"max_hp_gain":0,"max_hp_loss":0,"event_name":"Duplicator","floor":28,"gold_loss":0,"cards_obtained":["Buffer"]}],"is_beta":false,"boss_relics":[{"not_picked":["Runic Dome","Snecko Eye"],"picked":"Orrery"},{"not_picked":["FrozenCore","Velvet Choker"],"picked":"Tiny House"}],"items_purged_floors":[20,38,48],"is_endless":false,"potions_floor_spawned":[3,7,14,19,21,23,31,37,41,44],"ascension_level":1}