{"gold_per_floor":[118,68,68,80,5,5,40,59,59,73,85,31,66,66,66,163,163,179,191,42,62,62,62,78,78,159,159,189,189,19,19],"floor_reached":31,"playtime":1754,"items_purged":["Pain","Strike_B"],"score":371,"play_id":"097dd487-ba16-43e8-8884-b7f6d7372c79","local_time":"20190323191134","is_ascension_mode":true,"campfire_choices":[{"data":"Chaos","floor":6,"key":"SMITH"},{"floor":15,"key":"REST"},{"floor":23,"key":"REST"},{"floor":25,"key":"REST"},{"floor":27,"key":"REST"}],"neow_cost":"NONE","seed_source_timestamp":165762377794299,"circlet_count":0,"master_deck":["Strike_B","Strike_B","Defend_B","Defend_B","Defend_B","Defend_B","Zap","Dualcast","Storm","Chaos+1","Steam","Storm","Skim","Storm","Conserve Battery","Turbo","Conserve Battery","Creative AI","Chaos+1","Heatsinks","Sunder","Chill+1","Writhe","Coolheaded+1","Heatsinks","BootSequence"],"relics":["Cracked Core","NeowsBlessing","Cables","Potion Belt","Mango","Philosopher\u0027s Stone","Symbiotic Virus","Incense Burner"],"potions_floor_usage":[13,16,16],"damage_taken":[{"damage":0,"enemies":"Small Slimes","floor":1,"turns":1},{"damage":0,"enemies":"Jaw Worm","floor":4,"turns":1},{"damage":0,"enemies":"3 Sentries","floor":7,"turns":1},{"damage":0,"enemies":"Cultist","floor":8,"turns":3},{"damage":2,"enemies":"Blue Slaver","floor":10,"turns":3},{"damage":15,"enemies":"Looter","floor":11,"turns":3},{"damage":21,"enemies":"Gremlin Nob","floor":13,"turns":4},{"damage":83,"enemies":"Slime Boss","floor":16,"turns":16},{"damage":44,"enemies":"3 Byrds","floor":18,"turns":4},{"damage":25,"enemies":"Shell Parasite","floor":19,"turns":5},{"damage":7,"enemies":"Snecko","floor":21,"turns":5},{"damage":28,"enemies":"3 Cultists","floor":24,"turns":4},{"damage":57,"enemies":"Book of Stabbing","floor":28,"turns":5},{"damage":26,"enemies":"Sentry and Sphere","floor":31,"turns":4}],"seed_played":"5462241018358450562","potions_obtained":[{"floor":1,"key":"AttackPotion"},{"floor":4,"key":"Ancient Potion"},{"floor":10,"key":"SteroidPotion"},{"floor":18,"key":"Strength Potion"},{"floor":24,"key":"PowerPotion"}],"is_trial":false,"path_per_floor":["?","?","M","?","?","?"],"character_chosen":"DEFECT","items_purchased":["Turbo","Heatsinks","Sunder","BootSequence"],"campfire_rested":4,"item_purchase_floors":[12,20,20,30],"current_hp_per_floor":[75,75,75,75,75,75,75,75,75,73,58,58,51,56,84,1,94,50,25,25,18,18,46,18,46,46,74,17,17,17,0],"gold":19,"neow_bonus":"THREE_ENEMY_KILL","is_prod":false,"is_daily":false,"chose_seed":false,"campfire_upgraded":1,"win_rate":0,"timestamp":1553382694,"path_taken":["M","?","?","M","$","R","E","M","T","M","?","$","E","?","R","BOSS","M","M","$","M","?","R","M","R","T","R","E","?","$","M"],"build_version":"2019-01-23","purchased_purges":2,"victory":false,"max_hp_per_floor":[75,75,75,75,75,75,75,75,75,75,75,75,89,94,94,94,94,94,94,94,94,94,94,94,94,94,94,94,94,94,94],"card_choices":[{"not_picked":["Sunder","Chaos"],"picked":"Storm","floor":1},{"not_picked":["Consume","Force Field"],"picked":"Steam","floor":4},{"not_picked":["Ball Lightning","Stack"],"picked":"Storm","floor":7},{"not_picked":["Gash","Redo"],"picked":"Skim","floor":8},{"not_picked":["Beam Cell","Streamline"],"picked":"Storm","floor":10},{"not_picked":["Tempest","Steam"],"picked":"Conserve Battery","floor":11},{"not_picked":["BootSequence","Redo"],"picked":"Conserve Battery","floor":13},{"not_picked":["Buffer","Rainbow"],"picked":"Creative AI","floor":16},{"not_picked":["Blizzard","Cold Snap+1"],"picked":"Chaos+1","floor":18},{"not_picked":["FTL","Streamline+1","Compile Driver"],"picked":"SKIP","floor":19},{"not_picked":["Sweeping Beam","Darkness"],"picked":"Chill+1","floor":21},{"not_picked":["Hello World+1","Leap"],"picked":"Coolheaded+1","floor":24},{"not_picked":["Stack","FTL"],"picked":"Heatsinks","floor":28}],"player_experience":317004,"relics_obtained":[{"floor":7,"key":"Cables"},{"floor":9,"key":"Potion Belt"},{"floor":13,"key":"Mango"},{"floor":28,"key":"Incense Burner"}],"event_choices":[{"cards_removed":["Strike_B"],"damage_healed":0,"gold_gain":0,"player_choice":"Card Removal","damage_taken":0,"max_hp_gain":0,"max_hp_loss":0,"event_name":"The Cleric","floor":2,"gold_loss":50},{"damage_healed":0,"gold_gain":0,"player_choice":"2 cards matched","damage_taken":0,"max_hp_gain":0,"max_hp_loss":0,"event_name":"Match and Keep!","floor":3,"gold_loss":0,"cards_obtained":["Pain","Chaos"]},{"damage_healed":0,"gold_gain":0,"player_choice":"Donut","damage_taken":0,"max_hp_gain":5,"max_hp_loss":0,"event_name":"Big Fish","floor":14,"gold_loss":0},{"damage_healed":0,"gold_gain":0,"player_choice":"Opened","damage_taken":0,"relics_obtained":["Symbiotic Virus"],"max_hp_gain":0,"max_hp_loss":0,"event_name":"The Mausoleum","floor":22,"gold_loss":0,"cards_obtained":["Writhe"]},{"damage_healed":0,"gold_gain":0,"player_choice":"Ignored","damage_taken":0,"max_hp_gain":0,"max_hp_loss":0,"event_name":"Cursed Tome","floor":29,"gold_loss":0}],"is_beta":false,"boss_relics":[{"not_picked":["Snecko Eye","Lizard Tail"],"picked":"Philosopher\u0027s Stone"}],"items_purged_floors":[5,30],"is_endless":false,"potions_floor_spawned":[1,4,10,18,24],"killed_by":"Sentry and Sphere","ascension_level":4}