{"gold_per_floor":[111,122,137,148,158,158,171,190,217,217,317,317,331,348,348,448,448,463,463,463,480,500,500,500,500,500,500,500],"floor_reached":28,"playtime":2710,"items_purged":[],"score":214,"play_id":"e1edd3cf-96f7-4e75-811c-4620e813a1b0","local_time":"20190108000901","is_ascension_mode":false,"campfire_choices":[{"data":"Body Slam","floor":6,"key":"SMITH"},{"data":"Pommel Strike","floor":10,"key":"SMITH"},{"data":"Defend_R","floor":12,"key":"SMITH"},{"data":"Cleave","floor":15,"key":"SMITH"},{"data":"Barricade","floor":23,"key":"SMITH"},{"floor":25,"key":"REST"},{"data":"True Grit","floor":27,"key":"SMITH"}],"neow_cost":"NONE","seed_source_timestamp":798053155880518,"circlet_count":0,"master_deck":["Strike_R+1","Strike_R+1","Strike_R+1","Strike_R+1","Strike_R+1","Defend_R+1","Defend_R+1","Defend_R+1","Defend_R+1","Bash+1","Heavy Blade","Pommel Strike+1","Body Slam+1","Shockwave","Cleave+1","Barricade+1","True Grit+1","Pommel Strike+1","Writhe"],"relics":["Burning Blood","Lantern","Runic Cube","Centennial Puzzle","Gremlin Horn"],"potions_floor_usage":[16,16,16,28],"damage_taken":[{"damage":5,"enemies":"Small Slimes","floor":1,"turns":3},{"damage":1,"enemies":"Cultist","floor":2,"turns":3},{"damage":0,"enemies":"2 Louse","floor":3,"turns":3},{"damage":14,"enemies":"Blue Slaver","floor":4,"turns":3},{"damage":0,"enemies":"3 Louse","floor":5,"turns":5},{"damage":5,"enemies":"Looter","floor":7,"turns":3},{"damage":7,"enemies":"Gremlin Gang","floor":8,"turns":5},{"damage":7,"enemies":"Blue Slaver","floor":13,"turns":2},{"damage":3,"enemies":"2 Fungi Beasts","floor":14,"turns":3},{"damage":40,"enemies":"Hexaghost","floor":16,"turns":7},{"damage":6,"enemies":"Chosen","floor":18,"turns":6},{"damage":47,"enemies":"Spheric Guardian","floor":21,"turns":9},{"damage":25,"enemies":"Chosen and Byrds","floor":22,"turns":8},{"damage":44,"enemies":"Sentry and Sphere","floor":28,"turns":7}],"seed_played":"-293347227670729701","potions_obtained":[{"floor":1,"key":"SteroidPotion"},{"floor":4,"key":"Poison Potion"},{"floor":5,"key":"Strength Potion"},{"floor":7,"key":"SkillPotion"},{"floor":18,"key":"Explosive Potion"}],"is_trial":false,"path_per_floor":["M","M","M","M","M","R","M","M","T","R","?","R","M","M","R","B",null,"M","?","?","M","M","R","?","R","T","R","M"],"character_chosen":"IRONCLAD","items_purchased":[],"campfire_rested":1,"item_purchase_floors":[],"current_hp_per_floor":[80,80,80,72,78,78,79,78,78,78,78,78,77,80,80,46,80,80,80,80,39,20,20,20,44,44,44,0],"gold":500,"neow_bonus":"UPGRADE_CARD","is_prod":false,"is_daily":false,"chose_seed":false,"campfire_upgraded":6,"win_rate":0.0,"timestamp":1546927741,"path_taken":["M","M","M","M","M","R","M","M","T","R","?","R","M","?","R","BOSS","M","?","?","M","M","R","?","R","T","R","M"],"build_version":"2019-01-03v4","purchased_purges":0,"victory":false,"max_hp_per_floor":[80,80,80,80,80,80,80,80,80,80,80,80,80,80,80,80,80,80,80,80,80,80,80,80,80,80,80,80],"card_choices":[{"not_picked":["Carnage","Infernal Blade","Thunderclap"],"picked":"SKIP","floor":1},{"not_picked":["Seeing Red","Reckless Charge"],"picked":"Heavy Blade","floor":2},{"not_picked":["Second Wind","Anger"],"picked":"Pommel Strike","floor":3},{"not_picked":["Twin Strike","Brutality","Reckless Charge"],"picked":"SKIP","floor":4},{"not_picked":["Twin Strike","Sword Boomerang"],"picked":"Body Slam","floor":5},{"not_picked":["Combust","Headbutt","Anger"],"picked":"SKIP","floor":7},{"not_picked":["Perfected Strike","Anger","Armaments"],"picked":"SKIP","floor":8},{"not_picked":["Armaments","Thunderclap"],"picked":"Shockwave","floor":13},{"not_picked":["Heavy Blade","Anger"],"picked":"Cleave","floor":14},{"not_picked":["Juggernaut","Double Tap"],"picked":"Barricade","floor":16},{"not_picked":["Headbutt","Heavy Blade","Twin Strike"],"picked":"SKIP","floor":18},{"not_picked":["Thunderclap+1","Headbutt"],"picked":"Pommel Strike+1","floor":21},{"not_picked":["Anger+1","Headbutt","Iron Wave"],"picked":"SKIP","floor":22}],"player_experience":36099,"relics_obtained":[{"floor":9,"key":"Lantern"},{"floor":26,"key":"Gremlin Horn"}],"event_choices":[{"damage_healed":0,"gold_gain":100,"player_choice":"Pray","damage_taken":0,"max_hp_gain":0,"max_hp_loss":0,"event_name":"Golden Shrine","floor":11,"gold_loss":0},{"damage_healed":0,"gold_gain":0,"player_choice":"Simplicity","damage_taken":0,"max_hp_gain":0,"max_hp_loss":0,"event_name":"Back to Basics","floor":19,"gold_loss":0,"cards_upgraded":["Strike_R","Strike_R","Strike_R","Strike_R","Strike_R","Defend_R","Defend_R","Defend_R"]},{"damage_healed":0,"gold_gain":0,"player_choice":"Read","damage_taken":0,"max_hp_gain":0,"max_hp_loss":0,"event_name":"The Library","floor":20,"gold_loss":0,"cards_obtained":["True Grit"]},{"damage_healed":0,"gold_gain":0,"player_choice":"Opened","damage_taken":0,"relics_obtained":["Centennial Puzzle"],"max_hp_gain":0,"max_hp_loss":0,"event_name":"The Mausoleum","floor":24,"gold_loss":0,"cards_obtained":["Writhe"]}],"is_beta":false,"boss_relics":[{"not_picked":["Eternal Feather","Calling Bell"],"picked":"Runic Cube"}],"items_purged_floors":[],"is_endless":false,"potions_floor_spawned":[1,4,5,7,18],"killed_by":"Sentry and Sphere","ascension_level":0}