{"gold_per_floor":[16,191,203,203,80,80,155,155,204,236,110,110,124,224,224,320,320,335,204,222,222],"floor_reached":21,"playtime":969,"items_purged":["Strike_R","Strike_R","Strike_R"],"score":175,"play_id":"2344bdaa-d2a9-4e8d-92ff-cedebff8d223","local_time":"20190527153341","is_ascension_mode":false,"campfire_choices":[{"data":"Cleave","floor":6,"key":"SMITH"},{"data":"Bash","floor":8,"key":"SMITH"},{"data":"Combust","floor":12,"key":"SMITH"},{"data":"Thunderclap","floor":15,"key":"SMITH"}],"neow_cost":"NO_GOLD","seed_source_timestamp":938934221454300,"circlet_count":0,"master_deck":["Strike_R","Strike_R","Defend_R","Defend_R","Defend_R","Defend_R","Bash+1","Shrug It Off","Cleave+1","Shrug It Off","Thunderclap+1","Combust+1","Berserk","Battle Trance","Dropkick","Spot Weakness"],"relics":["Burning Blood","Torii","Smiling Mask","Philosopher\u0027s Stone"],"potions_floor_usage":[20],"damage_taken":[{"damage":1,"enemies":"2 Louse","floor":1,"turns":3},{"damage":0,"enemies":"Small Slimes","floor":3,"turns":3},{"damage":13,"enemies":"3 Sentries","floor":10,"turns":8},{"damage":2,"enemies":"Jaw Worm","floor":13,"turns":3},{"damage":33,"enemies":"The Guardian","floor":16,"turns":12},{"damage":40,"enemies":"Spheric Guardian","floor":18,"turns":4},{"damage":14,"enemies":"Shell Parasite","floor":20,"turns":4},{"damage":46,"enemies":"Snake Plant","floor":21,"turns":2}],"seed_played":"5132888851314234603","potions_obtained":[{"floor":1,"key":"Energy Potion"},{"floor":13,"key":"Explosive Potion"},{"floor":20,"key":"Fruit Juice"}],"is_trial":false,"path_per_floor":["M","?","M","?","$","R","?","R","T","E","$","R","M","?","R","B",null,"M","$","M","M"],"character_chosen":"IRONCLAD","items_purchased":["Shrug It Off","Combust","Dropkick"],"campfire_rested":0,"item_purchase_floors":[5,11,19],"current_hp_per_floor":[80,80,80,73,73,73,62,62,62,55,55,55,59,59,59,32,80,46,46,43,0],"gold":222,"neow_bonus":"ONE_RARE_RELIC","is_prod":false,"is_daily":false,"chose_seed":false,"campfire_upgraded":4,"win_rate":0,"timestamp":1558989221,"path_taken":["M","?","M","?","?","R","?","R","T","E","$","R","?","?","R","BOSS","M","$","M","M"],"build_version":"2019-01-23","purchased_purges":3,"victory":false,"max_hp_per_floor":[80,80,80,80,80,80,80,80,80,80,80,80,80,80,80,80,80,80,80,85,85],"card_choices":[{"not_picked":["Reckless Charge","Headbutt"],"picked":"Shrug It Off","floor":1},{"not_picked":["Headbutt","Twin Strike"],"picked":"Cleave","floor":3},{"not_picked":["Intimidate","Wild Strike"],"picked":"Thunderclap","floor":10},{"not_picked":["Infernal Blade","Body Slam","Clothesline"],"picked":"SKIP","floor":13},{"not_picked":["Bludgeon","Dark Embrace"],"picked":"Berserk","floor":16},{"not_picked":["Cleave","Clothesline+1"],"picked":"Battle Trance","floor":18},{"not_picked":["Uppercut","Sword Boomerang"],"picked":"Spot Weakness","floor":20}],"player_experience":275518,"relics_obtained":[{"floor":10,"key":"Smiling Mask"}],"event_choices":[{"damage_healed":0,"gold_gain":175,"player_choice":"AGREE","damage_taken":0,"max_hp_gain":0,"max_hp_loss":0,"event_name":"Liars Game","floor":2,"gold_loss":0,"cards_obtained":["Doubt"]},{"cards_removed":["Doubt"],"damage_healed":0,"gold_gain":0,"player_choice":"Card Removal","damage_taken":7,"max_hp_gain":0,"max_hp_loss":0,"event_name":"Golden Wing","floor":4,"gold_loss":0},{"damage_healed":0,"gold_gain":75,"player_choice":"Gather Gold","damage_taken":11,"max_hp_gain":0,"max_hp_loss":0,"event_name":"World of Goop","floor":7,"gold_loss":0},{"damage_healed":0,"gold_gain":100,"player_choice":"Gold","damage_taken":0,"max_hp_gain":0,"max_hp_loss":0,"event_name":"Wheel of Change","floor":14,"gold_loss":0}],"is_beta":false,"boss_relics":[{"not_picked":["Tiny House","Mark of Pain"],"picked":"Philosopher\u0027s Stone"}],"items_purged_floors":[5,11,19],"is_endless":false,"potions_floor_spawned":[1,13,20],"killed_by":"Snake Plant","ascension_level":0}