{"gold_per_floor":[369,383,123,123,16,57,57,100,100,100,141,120,138,34,34,159,159,179,179,198,198,198,198,221,255,310,310],"floor_reached":27,"playtime":598,"items_purged":[],"score":247,"play_id":"03b4b361-b6b5-4d05-b4a6-9bf8e11b13ac","local_time":"20190531153145","is_ascension_mode":false,"campfire_choices":[{"data":"Perfected Strike","floor":7,"key":"SMITH"},{"floor":10,"key":"REST"},{"floor":15,"key":"REST"},{"data":"Bash","floor":23,"key":"SMITH"}],"neow_cost":"TEN_PERCENT_HP_LOSS","seed_source_timestamp":14683702931823,"circlet_count":0,"master_deck":["Strike_R","Strike_R","Strike_R","Strike_R","Strike_R","Defend_R","Defend_R","Defend_R","Bash+1","Perfected Strike+1","Pommel Strike","Whirlwind","Inflame","Infernal Blade+1","Twin Strike","Finesse+1","Inflame+1","Shrug It Off+1","Wild Strike"],"relics":["Burning Blood","Pantograph","Golden Idol","Omamori","Oddly Smooth Stone","Frozen Egg 2","Toxic Egg 2","Black Star","Sundial","Darkstone Periapt","keyreminder:keyreminder","Red Skull"],"potions_floor_usage":[11,25,25],"damage_taken":[{"damage":8,"enemies":"Small Slimes","floor":1,"turns":3},{"damage":5,"enemies":"Jaw Worm","floor":2,"turns":4},{"damage":20,"enemies":"Gremlin Nob","floor":6,"turns":4},{"damage":31,"enemies":"Lagavulin","floor":8,"turns":6},{"damage":27,"enemies":"Gremlin Nob","floor":11,"turns":4},{"damage":0,"enemies":"Cultist","floor":13,"turns":2},{"damage":30,"enemies":"Slime Boss","floor":16,"turns":9},{"damage":1,"enemies":"3 Byrds","floor":18,"turns":4},{"damage":41,"enemies":"2 Thieves","floor":20,"turns":4},{"damage":14,"enemies":"Centurion and Healer","floor":24,"turns":5},{"damage":45,"enemies":"Book of Stabbing","floor":25,"turns":6},{"damage":7,"enemies":"Snake Plant","floor":27,"turns":1}],"seed_played":"-8406833586446128121","potions_obtained":[{"floor":8,"key":"Swift Potion"},{"floor":16,"key":"Ancient Potion"},{"floor":18,"key":"Weak Potion"},{"floor":20,"key":"EssenceOfSteel"}],"is_trial":false,"path_per_floor":["M","M","$","?","$","E","R","E","T","R","E","?","M","$","R","B",null,"M","?","M","?","?","R","M","E","T","M"],"character_chosen":"IRONCLAD","items_purchased":["Pantograph","Whirlwind","Inflame","Twin Strike","Finesse+1"],"campfire_rested":2,"item_purchase_floors":[3,5,5,14,14],"current_hp_per_floor":[70,71,71,53,53,39,39,14,14,35,14,14,20,20,41,42,72,72,72,37,61,54,54,46,7,7,0],"gold":310,"neow_bonus":"TWO_FIFTY_GOLD","is_prod":false,"is_daily":false,"chose_seed":false,"campfire_upgraded":2,"win_rate":0,"timestamp":1559309505,"path_taken":["M","M","$","?","$","E","R","E","T","R","E","?","M","?","R","BOSS","M","?","?","?","?","R","M","E","T","M"],"build_version":"2019-01-23","purchased_purges":0,"victory":false,"max_hp_per_floor":[72,72,72,72,72,72,72,72,72,72,72,72,72,72,72,72,72,72,72,72,72,72,72,72,72,72,72],"card_choices":[{"not_picked":["Infernal Blade","Wild Strike"],"picked":"Perfected Strike","floor":1},{"not_picked":["Twin Strike","Headbutt"],"picked":"Pommel Strike","floor":2},{"not_picked":["Cleave","Anger","Evolve"],"picked":"SKIP","floor":6},{"not_picked":["Cleave","Fiend Fire","Corruption"],"picked":"SKIP","floor":8},{"not_picked":["Clothesline","Fire Breathing+1","Heavy Blade"],"picked":"SKIP","floor":11},{"not_picked":["Iron Wave","Shockwave+1"],"picked":"Infernal Blade+1","floor":13},{"not_picked":["Whirlwind","Sword Boomerang"],"picked":"Inflame+1","floor":18},{"not_picked":["Wild Strike","True Grit+1"],"picked":"Shrug It Off+1","floor":20},{"not_picked":["Flex+1","Heavy Blade+1"],"picked":"Wild Strike","floor":24},{"not_picked":["Entrench+1","Armaments+1","Heavy Blade+1"],"picked":"SKIP","floor":25}],"player_experience":104887,"relics_obtained":[{"floor":6,"key":"Omamori"},{"floor":8,"key":"Oddly Smooth Stone"},{"floor":9,"key":"Frozen Egg 2"},{"floor":11,"key":"Toxic Egg 2"},{"floor":25,"key":"Sundial"},{"floor":25,"key":"Darkstone Periapt"},{"floor":26,"key":"Red Skull"}],"event_choices":[{"damage_healed":0,"gold_gain":0,"player_choice":"Take Damage","damage_taken":18,"relics_obtained":["Golden Idol"],"max_hp_gain":0,"max_hp_loss":0,"event_name":"Golden Idol","floor":4,"gold_loss":0},{"damage_healed":0,"gold_gain":0,"player_choice":"Left Gold","damage_taken":0,"max_hp_gain":0,"max_hp_loss":0,"event_name":"World of Goop","floor":12,"gold_loss":21},{"cards_removed":["Defend_R"],"damage_healed":0,"gold_gain":0,"player_choice":"Purged","damage_taken":0,"max_hp_gain":0,"max_hp_loss":0,"event_name":"Purifier","floor":19,"gold_loss":0},{"damage_healed":24,"gold_gain":0,"player_choice":"Heal","damage_taken":0,"max_hp_gain":0,"max_hp_loss":0,"event_name":"The Library","floor":21,"gold_loss":0},{"damage_healed":0,"gold_gain":0,"player_choice":"","damage_taken":7,"max_hp_gain":0,"max_hp_loss":0,"event_name":"Knowing Skull","floor":22,"potions_obtained":[],"gold_loss":0,"cards_obtained":[]}],"is_beta":false,"boss_relics":[{"not_picked":["Eternal Feather","Runic Pyramid"],"picked":"Black Star"}],"items_purged_floors":[],"is_endless":false,"potions_floor_spawned":[8,16,18,20],"killed_by":"Snake Plant","ascension_level":0}