{"gold_per_floor":[109,109,123,140,140,171,171,202,202,202,222,252,327,338,338,338],"floor_reached":16,"playtime":3585,"items_purged":[],"score":186,"play_id":"c82aebdc-690b-4aa3-baca-b889de9b6c8b","local_time":"20190529224509","is_ascension_mode":true,"campfire_choices":[{"data":"Armaments","floor":7.0,"key":"SMITH"},{"data":"Uppercut","floor":15,"key":"SMITH"}],"neow_cost":"NONE","seed_source_timestamp":928065486456642,"circlet_count":0,"master_deck":["AscendersBane","Strike_R","Strike_R","Strike_R","Strike_R+1","Defend_R","Defend_R","Defend_R","Defend_R","Bash","Armaments+1","Rupture","Uppercut+1","Cleave+1","Shrug It Off","Reaper","Feel No Pain","Fiend Fire","Shrug It Off"],"special_seed":0,"relics":["Burning Blood","NeowsBlessing","Strawberry","Matryoshka","Ancient Tea Set","Bag of Marbles","PreservedInsect","Turnip"],"potions_floor_usage":[16],"damage_taken":[{"damage":0.0,"enemies":"Small Slimes","floor":1.0,"turns":1.0},{"damage":0.0,"enemies":"Cultist","floor":3.0,"turns":1.0},{"damage":0.0,"enemies":"2 Louse","floor":4.0,"turns":2.0},{"damage":40.0,"enemies":"Lagavulin","floor":6.0,"turns":7.0},{"damage":30.0,"enemies":"Gremlin Nob","floor":8.0,"turns":5.0},{"damage":7.0,"enemies":"Blue Slaver","floor":11.0,"turns":5.0},{"damage":7.0,"enemies":"3 Sentries","floor":12.0,"turns":5.0},{"damage":0,"enemies":"3 Louse","floor":14,"turns":2},{"damage":28,"enemies":"Hexaghost","floor":16,"turns":14}],"seed_played":"-632849006962487567","potions_obtained":[{"floor":4.0,"key":"BloodPotion"},{"floor":6.0,"key":"Ancient Potion"},{"floor":14,"key":"Weak Potion"}],"is_trial":false,"path_per_floor":["M","?","M","M","?","E","R","E","T","?","M","E","?","M","R","B"],"character_chosen":"IRONCLAD","items_purchased":[],"campfire_rested":0,"item_purchase_floors":[],"current_hp_per_floor":[78,78,80,80,64,45,45,21,21,21,20,27,16,22,22,0],"gold":338,"neow_bonus":"THREE_ENEMY_KILL","is_prod":false,"is_daily":false,"chose_seed":false,"campfire_upgraded":2,"win_rate":0,"timestamp":1559150109,"path_taken":["M","?","M","?","?","E","R","E","T","?","M","E","?","M","R","BOSS"],"build_version":"2019-01-23","purchased_purges":0,"victory":false,"max_hp_per_floor":[80,80,80,80,80,87,87,87,87,87,87,87,87,87,87,87],"card_choices":[{"not_picked":["Cleave","Rampage"],"picked":"Armaments","floor":1.0},{"not_picked":["Wild Strike","Clash"],"picked":"Uppercut","floor":3.0},{"not_picked":["Pommel Strike","Disarm"],"picked":"Cleave","floor":4.0},{"not_picked":["Twin Strike","Heavy Blade"],"picked":"Shrug It Off","floor":6.0},{"not_picked":["Clothesline","Clash"],"picked":"Reaper","floor":8.0},{"not_picked":["Cleave","Flex"],"picked":"Feel No Pain","floor":11.0},{"not_picked":["Havoc","Body Slam"],"picked":"Fiend Fire","floor":12.0},{"not_picked":["Clash","Pommel Strike"],"picked":"Shrug It Off","floor":14}],"player_experience":941497,"relics_obtained":[{"floor":6.0,"key":"Strawberry"},{"floor":8.0,"key":"Matryoshka"},{"floor":9.0,"key":"Ancient Tea Set"},{"floor":9.0,"key":"Bag of Marbles"},{"floor":12.0,"key":"Turnip"}],"event_choices":[{"damage_healed":0.0,"max_hp_gain":0.0,"max_hp_loss":0.0,"gold_gain":0.0,"cards_transformed":["Strike_R"],"event_name":"Transmorgrifier","player_choice":"Transformed","floor":2.0,"gold_loss":0.0,"damage_taken":0.0,"cards_obtained":["Rupture"]},{"damage_healed":0.0,"max_hp_gain":0.0,"max_hp_loss":0.0,"gold_gain":0.0,"event_name":"Shining Light","player_choice":"Entered Light","floor":5.0,"gold_loss":0.0,"damage_taken":16.0,"cards_upgraded":["Cleave","Strike_R"]},{"damage_healed":0.0,"max_hp_gain":0.0,"max_hp_loss":0.0,"gold_gain":0.0,"event_name":"Dead Adventurer","player_choice":"Searched \u00271\u0027 times","floor":10.0,"gold_loss":0.0,"damage_taken":0.0,"relics_obtained":["PreservedInsect"]},{"damage_healed":0.0,"max_hp_gain":0.0,"max_hp_loss":0.0,"gold_gain":75.0,"event_name":"World of Goop","player_choice":"Gather Gold","floor":13.0,"gold_loss":0.0,"damage_taken":11.0}],"is_beta":false,"boss_relics":[],"items_purged_floors":[],"is_endless":false,"potions_floor_spawned":[4,6,14],"killed_by":"Hexaghost","ascension_level":11}