{"gold_per_floor":[113,288,288,306,11,39,39,68,68,68,82,117,129,158,158,256,256,270,270,287,0,12,47,47],"floor_reached":24,"playtime":2177,"items_purged":[],"score":456,"play_id":"eed59e79-9752-4260-b331-79ff2d696bef","local_time":"20190530133837","is_ascension_mode":true,"campfire_choices":[{"data":"Neutralize","floor":10.0,"key":"SMITH"},{"data":"A Thousand Cuts","floor":15.0,"key":"SMITH"}],"neow_cost":"NONE","seed_source_timestamp":983708221385523,"circlet_count":0,"master_deck":["AscendersBane","Defend_G","Defend_G","Defend_G","Defend_G","Defend_G","Strike_G","Strike_G","Strike_G","Strike_G","Survivor","Neutralize+1","Flying Knee","Doubt","Dash","Backstab","Dodge and Roll","A Thousand Cuts+1","Backstab","Dagger Spray","Unload","Catalyst+1","RitualDagger","Blade Dance","Escape Plan","Footwork"],"special_seed":0,"relics":["Ring of the Snake","NeowsBlessing","FossilizedHelix","StoneCalendar","Happy Flower","Unceasing Top","WingedGreaves","Paper Crane","Mango","Runic Dome","Kunai","Thread and Needle"],"potions_floor_usage":[20],"damage_taken":[{"damage":0.0,"enemies":"Jaw Worm","floor":1.0,"turns":1.0},{"damage":0.0,"enemies":"Small Slimes","floor":4.0,"turns":1.0},{"damage":0.0,"enemies":"Gremlin Nob","floor":6.0,"turns":1.0},{"damage":11.0,"enemies":"3 Sentries","floor":8.0,"turns":7.0},{"damage":0.0,"enemies":"Cultist","floor":11.0,"turns":4.0},{"damage":24.0,"enemies":"Gremlin Nob","floor":12.0,"turns":5.0},{"damage":0.0,"enemies":"Exordium Thugs","floor":13.0,"turns":5.0},{"damage":0.0,"enemies":"3 Sentries","floor":14.0,"turns":7.0},{"damage":32.0,"enemies":"Hexaghost","floor":16.0,"turns":12.0},{"damage":0.0,"enemies":"Shell Parasite","floor":18.0,"turns":5.0},{"damage":11,"enemies":"2 Thieves","floor":20,"turns":3},{"damage":23,"enemies":"Snake Plant","floor":22,"turns":6},{"damage":10,"enemies":"Book of Stabbing","floor":23,"turns":5},{"damage":22,"enemies":"Gremlin Leader","floor":24,"turns":5}],"seed_played":"-4176865461307770901","potions_obtained":[{"floor":6.0,"key":"Regen Potion"},{"floor":8.0,"key":"Swift Potion"},{"floor":12.0,"key":"Explosive Potion"},{"floor":13.0,"key":"GamblersBrew"},{"floor":16.0,"key":"GamblersBrew"},{"floor":23,"key":"Dexterity Potion"}],"is_trial":false,"path_per_floor":["M","?","?","M","$","E","T","E","T","R","M","E","M","E","R","B",null,"M","?","M","$","M","E","E"],"character_chosen":"THE_SILENT","items_purchased":["FossilizedHelix","Kunai","Escape Plan"],"campfire_rested":0,"item_purchase_floors":[5,21,21],"current_hp_per_floor":[63,63,63,63,63,63,63,52,52,52,52,42,42,56,56,24,69,69,63,52,52,29,19,0],"gold":47,"neow_bonus":"THREE_ENEMY_KILL","is_prod":false,"is_daily":false,"chose_seed":false,"campfire_upgraded":2,"win_rate":0,"timestamp":1559203717,"path_taken":["M","?","?","?","$","E","?","E","T","R","?","E","M","E","R","BOSS","M","?","M","$","M","E","E"],"build_version":"2019-01-23","purchased_purges":0,"victory":false,"max_hp_per_floor":[70,70,70,70,70,70,70,70,70,70,70,70,70,84,84,84,84,84,84,84,84,84,84,84],"card_choices":[{"not_picked":["Dodge and Roll","Slice"],"picked":"Flying Knee","floor":1.0},{"not_picked":["Dagger Spray","Flechettes"],"picked":"Backstab","floor":4.0},{"not_picked":["Cloak And Dagger","Setup"],"picked":"Dodge and Roll","floor":6.0},{"not_picked":["PiercingWail","Tactician","Predator"],"picked":"SKIP","floor":8.0},{"not_picked":["Dodge and Roll","Backflip"],"picked":"A Thousand Cuts","floor":11.0},{"not_picked":["Deflect","Quick Slash","Backflip"],"picked":"SKIP","floor":12.0},{"not_picked":["Slice","Blade Dance"],"picked":"Backstab","floor":13.0},{"not_picked":["Distraction","Poisoned Stab"],"picked":"Dagger Spray","floor":14.0},{"not_picked":["Bullet Time","Phantasmal Killer"],"picked":"Unload","floor":16.0},{"not_picked":["Tactician","Dagger Throw"],"picked":"Catalyst+1","floor":18.0},{"not_picked":["Dodge and Roll","Backflip+1"],"picked":"Blade Dance","floor":20},{"not_picked":["Dodge and Roll","Tactician","Sucker Punch+1"],"picked":"SKIP","floor":22},{"not_picked":["Poisoned Stab","Predator"],"picked":"Footwork","floor":23}],"player_experience":965158,"relics_obtained":[{"floor":6.0,"key":"StoneCalendar"},{"floor":7.0,"key":"Happy Flower"},{"floor":8.0,"key":"Unceasing Top"},{"floor":9.0,"key":"WingedGreaves"},{"floor":12.0,"key":"Paper Crane"},{"floor":14.0,"key":"Mango"},{"floor":23,"key":"Thread and Needle"}],"event_choices":[{"damage_healed":0.0,"max_hp_gain":0.0,"max_hp_loss":0.0,"gold_gain":175.0,"event_name":"Liars Game","player_choice":"AGREE","floor":2.0,"gold_loss":0.0,"damage_taken":0.0,"cards_obtained":["Doubt"]},{"damage_healed":0.0,"max_hp_gain":0.0,"max_hp_loss":0.0,"gold_gain":0.0,"cards_transformed":["Strike_G"],"event_name":"Transmorgrifier","player_choice":"Transformed","floor":3.0,"gold_loss":0.0,"damage_taken":0.0,"cards_obtained":["Dash"]},{"damage_healed":0.0,"max_hp_gain":0.0,"max_hp_loss":0.0,"gold_gain":0.0,"event_name":"Nest","player_choice":"Joined the Cult","floor":19.0,"gold_loss":0.0,"damage_taken":6.0,"cards_obtained":["RitualDagger"]}],"is_beta":false,"boss_relics":[{"not_picked":["Ring of the Serpent","Empty Cage"],"picked":"Runic Dome"}],"items_purged_floors":[],"is_endless":false,"potions_floor_spawned":[6,8,12,13,16,23],"killed_by":"Gremlin Leader","ascension_level":11}