{"gold_per_floor":[117,129,129,144,162,189,189,205,205,535,535,565,129,143,143,239,239,255,255,268,208,218,218,6,33,107,107,22,34,61,85,97,109],"floor_reached":33,"playtime":2895,"items_purged":[],"score":369,"play_id":"9805d20b-c0dc-466d-ac36-eeb5f0e3dbe0","local_time":"20190402203642","is_ascension_mode":true,"campfire_choices":[{"floor":7,"key":"REST"},{"floor":11,"key":"REST"},{"floor":15,"key":"REST"},{"floor":23,"key":"REST"},{"floor":27,"key":"REST"},{"floor":32,"key":"REST"}],"neow_cost":"NONE","seed_source_timestamp":1033592604578323,"circlet_count":0,"master_deck":["Strike_B","Strike_B+1","Strike_B","Defend_B","Defend_B","Defend_B","Zap","Dualcast","Hello World","Conserve Battery+1","Chill","Conserve Battery","Core Surge","Leap","Blizzard","Echo Form","Static Discharge","Fission","Undo","Meteor Strike","Decay","Turbo","Force Field","Aggregate","Ball Lightning+1","Turbo","Chaos","Machine Learning","Turbo"],"relics":["Cracked Core","Letter Opener","Gremlin Horn","Old Coin","Cables","Pear","Fusion Hammer","Art of War","Blue Candle","MawBank"],"potions_floor_usage":[25,25,30],"damage_taken":[{"damage":0,"enemies":"Small Slimes","floor":1,"turns":3},{"damage":0,"enemies":"2 Louse","floor":2,"turns":2},{"damage":1,"enemies":"Cultist","floor":4,"turns":3},{"damage":1,"enemies":"Looter","floor":5,"turns":3},{"damage":30,"enemies":"Gremlin Nob","floor":6,"turns":5},{"damage":2,"enemies":"2 Fungi Beasts","floor":8,"turns":3},{"damage":24,"enemies":"Lagavulin","floor":10,"turns":8},{"damage":21,"enemies":"Gremlin Nob","floor":12,"turns":5},{"damage":1,"enemies":"Exordium Thugs","floor":14,"turns":5},{"damage":17,"enemies":"The Guardian","floor":16,"turns":10},{"damage":0,"enemies":"Chosen","floor":18,"turns":5},{"damage":27,"enemies":"Shell Parasite","floor":20,"turns":6},{"damage":13,"enemies":"Snecko","floor":22,"turns":6},{"damage":30,"enemies":"Gremlin Leader","floor":25,"turns":6},{"damage":39,"enemies":"Snake Plant","floor":30,"turns":4},{"damage":28,"enemies":"Chosen and Byrds","floor":31,"turns":5},{"damage":60,"enemies":"Champ","floor":33,"turns":10}],"seed_played":"3170555276968623581","potions_obtained":[{"floor":2,"key":"GamblersBrew"},{"floor":8,"key":"Weak Potion"},{"floor":12,"key":"Swift Potion"},{"floor":14,"key":"Energy Potion"},{"floor":25,"key":"LiquidBronze"}],"is_trial":false,"path_per_floor":["?","?","?","M","?","?"],"character_chosen":"DEFECT","items_purchased":["Fission","Undo","Pear","Turbo","Mayhem"],"campfire_rested":6,"item_purchase_floors":[13,13,13,24,24],"current_hp_per_floor":[75,75,60,59,58,28,50,48,48,24,46,25,35,34,59,42,85,85,85,58,58,45,70,70,40,40,65,65,95,56,28,56,0],"gold":109,"neow_bonus":"THREE_CARDS","is_prod":false,"is_daily":false,"chose_seed":false,"campfire_upgraded":0,"win_rate":0,"timestamp":1554251802,"path_taken":["M","M","?","M","M","E","R","M","T","E","R","E","$","M","R","BOSS","M","?","M","?","?","R","$","E","T","R","?","?","M","M","R","BOSS"],"build_version":"2019-01-23","purchased_purges":0,"victory":false,"max_hp_per_floor":[75,75,75,75,75,75,75,75,75,75,75,75,85,85,85,85,85,85,85,85,85,85,85,85,85,85,85,85,95,95,95,95,95],"card_choices":[{"not_picked":["Stack","Gash"],"picked":"Hello World","floor":0},{"not_picked":["Redo","Rebound"],"picked":"Conserve Battery","floor":1},{"not_picked":["Aggregate","Turbo"],"picked":"Chill","floor":2},{"not_picked":["Coolheaded","Chill"],"picked":"Conserve Battery","floor":4},{"not_picked":["Barrage","Steam"],"picked":"Core Surge","floor":5},{"not_picked":["Go for the Eyes","Recycle"],"picked":"Leap","floor":6},{"not_picked":["Hologram","Rebound"],"picked":"Blizzard","floor":8},{"not_picked":["Hologram","Cold Snap"],"picked":"Echo Form","floor":10},{"not_picked":["Coolheaded","Compile Driver"],"picked":"Static Discharge","floor":12},{"not_picked":["Coolheaded","Reprogram","Leap"],"picked":"SKIP","floor":14},{"not_picked":["All For One","Hyperbeam"],"picked":"Meteor Strike","floor":16},{"not_picked":["Leap+1","Streamline","Tempest"],"picked":"SKIP","floor":18},{"not_picked":["Chill+1","Redo"],"picked":"Turbo","floor":20},{"not_picked":["Cold Snap","Gash+1"],"picked":"Ball Lightning+1","floor":22},{"not_picked":["Force Field","Compile Driver"],"picked":"Chaos","floor":25},{"not_picked":["Compile Driver","Leap"],"picked":"Machine Learning","floor":30},{"not_picked":["Ball Lightning","Cold Snap"],"picked":"Turbo","floor":31}],"player_experience":356223,"relics_obtained":[{"floor":6,"key":"Letter Opener"},{"floor":9,"key":"Gremlin Horn"},{"floor":10,"key":"Old Coin"},{"floor":12,"key":"Cables"},{"floor":25,"key":"Art of War"},{"floor":26,"key":"Blue Candle"}],"event_choices":[{"damage_healed":0,"gold_gain":0,"player_choice":"Entered Light","damage_taken":15,"max_hp_gain":0,"max_hp_loss":0,"event_name":"Shining Light","floor":3,"gold_loss":0,"cards_upgraded":["Strike_B","Conserve Battery"]},{"damage_healed":0,"gold_gain":0,"player_choice":"Smashed Altar","damage_taken":0,"max_hp_gain":0,"max_hp_loss":0,"event_name":"Forgotten Altar","floor":19,"gold_loss":0,"cards_obtained":["Decay"]},{"damage_healed":0,"gold_gain":0,"cards_transformed":["Strike_B","Defend_B"],"player_choice":"Transformed Cards","damage_taken":0,"max_hp_gain":0,"max_hp_loss":0,"event_name":"Designer","floor":21,"gold_loss":60,"cards_obtained":["Force Field","Aggregate"]},{"damage_healed":0,"gold_gain":0,"player_choice":"Obtained Relic","damage_taken":0,"relics_obtained":["MawBank"],"max_hp_gain":0,"max_hp_loss":0,"event_name":"Addict","floor":28,"gold_loss":85},{"cards_removed":["Mayhem"],"damage_healed":20,"gold_gain":0,"player_choice":"Offered Rare","damage_taken":0,"max_hp_gain":10,"max_hp_loss":0,"event_name":"Bonfire Elementals","floor":29,"gold_loss":0}],"is_beta":false,"boss_relics":[{"not_picked":["Runic Dome","Pandora\u0027s Box"],"picked":"Fusion Hammer"}],"items_purged_floors":[],"is_endless":false,"potions_floor_spawned":[2,8,12,14,22,25],"killed_by":"Champ","ascension_level":4}