{"gold_per_floor":[110,124,134,151,164,197,197,214,214,225,225,225,255,54,54,152,152,167,177,13,13,13,13,23,23,23,23,35,35],"floor_reached":29,"playtime":2171,"items_purged":["Strike_B"],"score":317,"play_id":"64cede84-ae1e-4155-a3df-32845e944a14","local_time":"20190327180131","is_ascension_mode":true,"campfire_choices":[{"floor":7,"key":"REST"},{"floor":11,"key":"REST"},{"data":"Streamline","floor":15,"key":"SMITH"},{"floor":23,"key":"REST"}],"neow_cost":"NONE","seed_source_timestamp":506682418778707,"circlet_count":0,"master_deck":["Strike_B","Strike_B","Strike_B","Defend_B","Defend_B","Defend_B","Defend_B","Zap","Dualcast","Seek+1","Conserve Battery","Aggregate","Core Surge","Turbo","Streamline+1","Ball Lightning","Cold Snap","Ball Lightning","Coolheaded","Creative AI","Consume+1","Redo+1","Turbo","Doom and Gloom","Conserve Battery","Steam","Steam Power"],"relics":["Cracked Core","Ornamental Fan","Dream Catcher","Centennial Puzzle","Runic Capacitor","Runic Pyramid","Pantograph"],"potions_floor_usage":[6,16,16,21],"damage_taken":[{"damage":1,"enemies":"Cultist","floor":1,"turns":3},{"damage":7,"enemies":"Small Slimes","floor":2,"turns":3},{"damage":1,"enemies":"2 Louse","floor":3,"turns":4},{"damage":1,"enemies":"Blue Slaver","floor":4,"turns":5},{"damage":5,"enemies":"Looter","floor":5,"turns":3},{"damage":26,"enemies":"Lagavulin","floor":6,"turns":6},{"damage":7,"enemies":"Red Slaver","floor":8,"turns":2},{"damage":6,"enemies":"Blue Slaver","floor":10,"turns":2},{"damage":0,"enemies":"3 Sentries","floor":13,"turns":6},{"damage":22,"enemies":"The Guardian","floor":16,"turns":9},{"damage":17,"enemies":"Shell Parasite","floor":18,"turns":6},{"damage":12,"enemies":"Chosen","floor":19,"turns":4},{"damage":0,"enemies":"Centurion and Healer","floor":21,"turns":1},{"damage":24,"enemies":"Colosseum Slavers","floor":22,"turns":4},{"damage":10,"enemies":"Cultist and Chosen","floor":24,"turns":6},{"damage":28,"enemies":"Snake Plant","floor":28,"turns":6},{"damage":6,"enemies":"Slavers","floor":29,"turns":1}],"seed_played":"-2309855860917621883","potions_obtained":[{"floor":4,"key":"SkillPotion"},{"floor":5,"key":"SteroidPotion"},{"floor":6,"key":"AttackPotion"},{"floor":10,"key":"FocusPotion"},{"floor":16,"key":"SmokeBomb"},{"floor":19,"key":"LiquidBronze"},{"floor":28,"key":"GamblersBrew"}],"is_trial":false,"path_per_floor":["M","?","?","?"],"character_chosen":"DEFECT","items_purchased":["Runic Capacitor","Turbo","Doom and Gloom"],"campfire_rested":3,"item_purchase_floors":[14,20,20],"current_hp_per_floor":[74,67,66,65,60,34,56,49,49,43,65,65,65,65,65,43,75,58,46,46,46,22,44,34,34,34,34,6,0],"gold":35,"neow_bonus":"ONE_RANDOM_RARE_CARD","is_prod":false,"is_daily":false,"chose_seed":false,"campfire_upgraded":1,"win_rate":0,"timestamp":1553724091,"path_taken":["M","M","?","M","M","E","R","M","T","M","R","?","E","$","R","BOSS","M","M","$","M","?","R","M","?","T","$","M","E"],"build_version":"2019-01-23","purchased_purges":1,"victory":false,"max_hp_per_floor":[75,75,75,75,75,75,75,75,75,75,75,75,75,75,75,75,75,75,75,75,75,75,75,75,75,75,75,75,75],"card_choices":[{"not_picked":["Sweeping Beam","BootSequence"],"picked":"Conserve Battery","floor":1},{"not_picked":["Leap","Barrage"],"picked":"Aggregate","floor":2},{"not_picked":["Stack","Beam Cell"],"picked":"Core Surge","floor":3},{"not_picked":["Compile Driver","Ball Lightning"],"picked":"Turbo","floor":4},{"not_picked":["Stack","Compile Driver"],"picked":"Streamline","floor":5},{"not_picked":["Leap","Biased Cognition"],"picked":"Ball Lightning","floor":6},{"not_picked":["Go for the Eyes","Steam Power"],"picked":"Cold Snap","floor":8},{"not_picked":["Gash","Go for the Eyes"],"picked":"Ball Lightning","floor":10},{"not_picked":["Redo","Go for the Eyes"],"picked":"Coolheaded","floor":11},{"not_picked":["Scrape","Blizzard","Recycle"],"picked":"SKIP","floor":13},{"not_picked":["Multi-Cast","Hyperbeam"],"picked":"Creative AI","floor":16},{"not_picked":["Hologram","Genetic Algorithm"],"picked":"Consume+1","floor":18},{"not_picked":["Recycle+1","Cold Snap"],"picked":"Redo+1","floor":19},{"not_picked":["Capacitor","Rip and Tear"],"picked":"Conserve Battery","floor":23},{"not_picked":["Gash","Redo"],"picked":"Steam","floor":24},{"not_picked":["FTL+1","Hologram+1"],"picked":"Steam Power","floor":28}],"player_experience":339627,"relics_obtained":[{"floor":6,"key":"Ornamental Fan"},{"floor":9,"key":"Dream Catcher"},{"floor":13,"key":"Centennial Puzzle"},{"floor":26,"key":"Pantograph"}],"event_choices":[{"damage_healed":0,"gold_gain":0,"player_choice":"Grow","damage_taken":0,"max_hp_gain":0,"max_hp_loss":0,"event_name":"Living Wall","floor":12,"gold_loss":0,"cards_upgraded":["Seek"]},{"damage_healed":0,"gold_gain":0,"player_choice":"Fight","damage_taken":0,"max_hp_gain":0,"max_hp_loss":0,"event_name":"Colosseum","floor":22,"gold_loss":0},{"damage_healed":0,"gold_gain":0,"player_choice":"Fled From Nobs","damage_taken":0,"max_hp_gain":0,"max_hp_loss":0,"event_name":"Colosseum","floor":22,"gold_loss":0},{"damage_healed":0,"gold_gain":0,"player_choice":"Ignored","damage_taken":0,"max_hp_gain":0,"max_hp_loss":0,"event_name":"Cursed Tome","floor":25,"gold_loss":0}],"is_beta":false,"boss_relics":[{"not_picked":["White Beast Statue","Orrery"],"picked":"Runic Pyramid"}],"items_purged_floors":[20],"is_endless":false,"potions_floor_spawned":[4,5,6,10,13,16,19,28],"killed_by":"Slavers","ascension_level":4}