{"gold_per_floor":[110,185,201,201,216,216,230,260,260,288,306,318,330,360,360,460,460,479,394,409,36,46,46,73,91,91,107,107,140,150,211,211,312,312,328,339,339,358,358,358,384,453,453,480,496,510,538,550,550,550,550,550,176,207,207],"floor_reached":56,"playtime":9317,"items_purged":["Strike_R"],"score":1484,"play_id":"74b46c97-0322-414a-b87b-2ae78c1430f2","local_time":"20190518173027","is_ascension_mode":true,"campfire_choices":[{"data":"True Grit","floor":6.0,"key":"SMITH"},{"data":"Flame Barrier","floor":15.0,"key":"SMITH"},{"data":"Flame Barrier","floor":23.0,"key":"SMITH"},{"data":"Flame Barrier","floor":28.0,"key":"SMITH"},{"data":"Shockwave","floor":32.0,"key":"SMITH"},{"data":"Spot Weakness","floor":40.0,"key":"SMITH"},{"floor":49.0,"key":"RECALL"},{"data":"Defend_R","floor":52.0,"key":"SMITH"}],"neow_cost":"NONE","seed_source_timestamp":247852601490472,"circlet_count":0,"master_deck":["Strike_R","Strike_R","Strike_R","Strike_R","Defend_R","Defend_R","Defend_R","Defend_R+1","Bash+1","Flame Barrier+1","Flame Barrier+1","True Grit+1","Spot Weakness+1","Body Slam+1","Heavy Blade+1","Body Slam+1","Battle Trance","Sword Boomerang+1","Immolate+1","Carnage+1","Flame Barrier+1","Shockwave+1","Bludgeon+1","Madness","Madness","Shrug It Off+1","Shrug It Off+1","Corruption"],"special_seed":0,"relics":["Burning Blood","NeowsBlessing","Molten Egg 2","Gremlin Horn","Question Card","Champion Belt","Snecko Eye","Pen Nib","Happy Flower","Anchor","Omamori","Oddly Smooth Stone","Bag of Marbles","Tiny Chest","Cursed Key","Strawberry","Sundial","Centennial Puzzle","Orichalcum","Brimstone","Blood Vial"],"potions_floor_usage":[55,55,55],"damage_taken":[{"damage":0.0,"enemies":"Jaw Worm","floor":1.0,"turns":1.0},{"damage":0.0,"enemies":"Cultist","floor":3.0,"turns":1.0},{"damage":0.0,"enemies":"2 Louse","floor":5.0,"turns":1.0},{"damage":3.0,"enemies":"Looter","floor":7.0,"turns":4.0},{"damage":23.0,"enemies":"Gremlin Nob","floor":8.0,"turns":4.0},{"damage":11.0,"enemies":"Lagavulin","floor":10.0,"turns":6.0},{"damage":1.0,"enemies":"3 Louse","floor":11.0,"turns":4.0},{"damage":0.0,"enemies":"Blue Slaver","floor":12.0,"turns":5.0},{"damage":5.0,"enemies":"Exordium Wildlife","floor":13.0,"turns":3.0},{"damage":15.0,"enemies":"Gremlin Nob","floor":14.0,"turns":4.0},{"damage":33.0,"enemies":"Hexaghost","floor":16.0,"turns":8.0},{"damage":0.0,"enemies":"2 Thieves","floor":18.0,"turns":1.0},{"damage":0.0,"enemies":"Chosen","floor":20.0,"turns":3.0},{"damage":0.0,"enemies":"Shelled Parasite and Fungi","floor":22.0,"turns":2.0},{"damage":0.0,"enemies":"Book of Stabbing","floor":24.0,"turns":3.0},{"damage":8.0,"enemies":"Snake Plant","floor":25.0,"turns":2.0},{"damage":0.0,"enemies":"Centurion and Healer","floor":27.0,"turns":3.0},{"damage":2.0,"enemies":"Slavers","floor":29.0,"turns":3.0},{"damage":6.0,"enemies":"Chosen and Byrds","floor":30.0,"turns":8.0},{"damage":0.0,"enemies":"Book of Stabbing","floor":31.0,"turns":2.0},{"damage":38.0,"enemies":"Automaton","floor":33.0,"turns":8.0},{"damage":0.0,"enemies":"Orb Walker","floor":35.0,"turns":2.0},{"damage":0.0,"enemies":"3 Shapes","floor":36.0,"turns":1.0},{"damage":2.0,"enemies":"Spire Growth","floor":38.0,"turns":4.0},{"damage":1.0,"enemies":"Reptomancer","floor":41.0,"turns":4.0},{"damage":19.0,"enemies":"Giant Head","floor":44.0,"turns":8.0},{"damage":37.0,"enemies":"Transient","floor":45.0,"turns":5.0},{"damage":0.0,"enemies":"Sphere and 2 Shapes","floor":46.0,"turns":1.0},{"damage":2.0,"enemies":"Reptomancer","floor":47.0,"turns":3.0},{"damage":0.0,"enemies":"Spire Growth","floor":48.0,"turns":2.0},{"damage":41.0,"enemies":"Time Eater","floor":50.0,"turns":10.0},{"damage":20,"enemies":"Shield and Spear","floor":54,"turns":3},{"damage":67,"enemies":"The Heart","floor":55,"turns":5}],"seed_played":"1127396180970976464","potions_obtained":[{"floor":3.0,"key":"Poison Potion"},{"floor":5.0,"key":"SpeedPotion"},{"floor":8.0,"key":"FearPotion"},{"floor":12.0,"key":"Explosive Potion"},{"floor":13.0,"key":"EssenceOfSteel"},{"floor":16.0,"key":"Fire Potion"},{"floor":25.0,"key":"PowerPotion"},{"floor":30.0,"key":"EssenceOfSteel"},{"floor":31.0,"key":"GamblersBrew"},{"floor":33.0,"key":"Block Potion"},{"floor":35.0,"key":"SpeedPotion"},{"floor":38.0,"key":"LiquidBronze"},{"floor":45.0,"key":"Fire Potion"},{"floor":47.0,"key":"EssenceOfSteel"}],"is_trial":false,"path_per_floor":["M","?","M","?","M","R","M","E","T","E","M","M","M","E","R","B",null,"M","?","M","$","M","R","E","M","T","M","R","E","M","E","R","B",null,"M","M","?","M","?","R","E","T","T","E","M","M","E","M","R","B",null,"R","$","E","B",null],"character_chosen":"IRONCLAD","items_purchased":["Happy Flower","Anchor","Brimstone","Corruption","Strength Potion","SteroidPotion"],"campfire_rested":0,"item_purchase_floors":[21,21,53,53,53,53],"current_hp_per_floor":[80,69,75,75,80,80,80,63,63,58,63,69,70,61,61,34,80,80,80,80,80,80,80,80,78,78,80,80,80,80,80,80,48,80,80,80,70,74,74,74,86,86,86,73,42,48,52,58,58,23,87,87,87,73,14],"gold":207,"neow_bonus":"THREE_ENEMY_KILL","is_prod":false,"is_daily":false,"chose_seed":false,"campfire_upgraded":7,"win_rate":0,"timestamp":1558180827,"path_taken":["M","?","M","?","?","R","M","E","T","E","M","M","M","E","R","BOSS","M","?","M","$","M","R","E","M","T","M","R","E","M","E","R","BOSS","M","M","?","M","?","R","E","?","T","E","M","M","E","M","R","BOSS","R","$","E","BOSS"],"build_version":"2019-01-23","purchased_purges":1,"victory":true,"max_hp_per_floor":[80,80,80,80,80,80,80,80,80,80,80,80,80,80,80,80,80,80,80,80,80,80,80,80,80,80,80,80,80,80,80,80,80,80,80,80,80,80,80,80,87,87,87,87,87,87,87,87,87,87,87,87,87,87,87],"card_choices":[{"not_picked":["Havoc","Hemokinesis"],"picked":"Flame Barrier","floor":1.0},{"not_picked":["Evolve","Anger"],"picked":"Flame Barrier","floor":3.0},{"not_picked":["Dropkick","Havoc"],"picked":"True Grit","floor":5.0},{"not_picked":["Heavy Blade","Evolve"],"picked":"Spot Weakness","floor":7.0},{"not_picked":["Bloodletting","Hemokinesis"],"picked":"Body Slam","floor":8.0},{"not_picked":["Sever Soul+1","Clothesline+1","Sentinel"],"picked":"SKIP","floor":10.0},{"not_picked":["Body Slam+1","Wild Strike+1","Perfected Strike+1"],"picked":"Heavy Blade+1","floor":11.0},{"not_picked":["Flex","Disarm","Rage"],"picked":"Body Slam+1","floor":12.0},{"not_picked":["Iron Wave+1","Blood for Blood+1","Reckless Charge+1"],"picked":"Battle Trance","floor":13.0},{"not_picked":["True Grit","Warcry","Evolve"],"picked":"Sword Boomerang+1","floor":14.0},{"not_picked":["Feed+1","Double Tap","Limit Break"],"picked":"Immolate+1","floor":16.0},{"not_picked":["Heavy Blade+1","True Grit","Sword Boomerang+1","Wild Strike+1"],"picked":"SKIP","floor":18.0},{"not_picked":["Sword Boomerang+1","Iron Wave+1","Fire Breathing"],"picked":"Carnage+1","floor":20.0},{"not_picked":["Second Wind","Whirlwind+1","Flex+1"],"picked":"Flame Barrier","floor":22.0},{"not_picked":["Dark Embrace","Carnage+1","Reaper+1"],"picked":"Shockwave","floor":24.0},{"not_picked":["Body Slam+1","Reckless Charge+1","Feel No Pain","Headbutt+1"],"picked":"SKIP","floor":25.0},{"not_picked":["Havoc","Carnage+1","Reckless Charge+1","Body Slam+1"],"picked":"SKIP","floor":27.0},{"not_picked":["Feel No Pain","Clash+1","Thunderclap+1","Pummel+1"],"picked":"SKIP","floor":29.0},{"not_picked":["Feel No Pain","Clash+1","Thunderclap+1","Pummel+1"],"picked":"SKIP","floor":29.0},{"not_picked":["Feel No Pain","Clash+1","Thunderclap+1","Pummel+1"],"picked":"SKIP","floor":29.0},{"not_picked":["Hemokinesis+1","Armaments","Havoc","Clash+1"],"picked":"SKIP","floor":30.0},{"not_picked":["Exhume","Burning Pact+1","Clothesline+1","True Grit+1"],"picked":"SKIP","floor":31.0},{"not_picked":["Berserk","Fiend Fire+1","Reaper+1"],"picked":"Bludgeon+1","floor":33.0},{"not_picked":["Twin Strike+1","Heavy Blade+1","Armaments+1","Pummel+1"],"picked":"SKIP","floor":35.0},{"not_picked":["Twin Strike+1","Heavy Blade+1","Armaments","Pommel Strike+1"],"picked":"SKIP","floor":36.0},{"not_picked":["Headbutt+1","Flex+1","Dropkick+1","Sword Boomerang+1"],"picked":"SKIP","floor":38.0},{"not_picked":["Twin Strike+1","Searing Blow+1","Double Tap","Iron Wave+1"],"picked":"SKIP","floor":41.0},{"not_picked":["Thunderclap+1","Warcry+1","Fiend Fire+1","True Grit+1"],"picked":"SKIP","floor":44.0},{"not_picked":["Second Wind","Headbutt+1","Havoc","Bloodletting"],"picked":"SKIP","floor":45.0},{"not_picked":["Body Slam+1","Heavy Blade+1","Warcry"],"picked":"Shrug It Off+1","floor":46.0},{"not_picked":["Heavy Blade+1","Spot Weakness","Limit Break"],"picked":"Shrug It Off+1","floor":47.0},{"not_picked":["Clash+1","True Grit+1","Pommel Strike+1","Battle Trance"],"picked":"SKIP","floor":48.0},{"not_picked":["Dropkick+1","Metallicize+1","Heavy Blade+1","Armaments+1"],"picked":"SKIP","floor":54}],"player_experience":460000,"relics_obtained":[{"floor":8.0,"key":"Molten Egg 2"},{"floor":9.0,"key":"Gremlin Horn"},{"floor":10.0,"key":"Question Card"},{"floor":14.0,"key":"Champion Belt"},{"floor":24.0,"key":"Omamori"},{"floor":26.0,"key":"Oddly Smooth Stone"},{"floor":29.0,"key":"Bag of Marbles"},{"floor":31.0,"key":"Tiny Chest"},{"floor":41.0,"key":"Strawberry"},{"floor":43.0,"key":"Sundial"},{"floor":44.0,"key":"Centennial Puzzle"},{"floor":47.0,"key":"Orichalcum"},{"floor":54,"key":"Blood Vial"}],"event_choices":[{"damage_healed":0.0,"max_hp_gain":0.0,"max_hp_loss":0.0,"gold_gain":75.0,"event_name":"World of Goop","player_choice":"Gather Gold","floor":2.0,"gold_loss":0.0,"damage_taken":11.0},{"damage_healed":0.0,"max_hp_gain":0.0,"max_hp_loss":0.0,"gold_gain":0.0,"event_name":"Accursed Blacksmith","player_choice":"Forge","floor":4.0,"gold_loss":0.0,"damage_taken":0.0,"cards_upgraded":["Bash"]},{"damage_healed":0.0,"max_hp_gain":0.0,"max_hp_loss":0.0,"gold_gain":0.0,"event_name":"Addict","player_choice":"Obtained Relic","floor":19.0,"gold_loss":85.0,"damage_taken":0.0,"relics_obtained":["Pen Nib"]},{"damage_healed":0.0,"max_hp_gain":0.0,"max_hp_loss":0.0,"gold_gain":0.0,"event_name":"Winding Halls","player_choice":"Embrace Madness","floor":37.0,"gold_loss":0.0,"damage_taken":10.0,"cards_obtained":["Madness","Madness"]},{"damage_healed":0.0,"max_hp_gain":0.0,"max_hp_loss":0.0,"gold_gain":0.0,"event_name":"Tomb of Lord Red Mask","player_choice":"Ignored","floor":39.0,"gold_loss":0.0,"damage_taken":0.0}],"is_beta":false,"boss_relics":[{"not_picked":["Runic Cube","Tiny House"],"picked":"Snecko Eye"},{"not_picked":["Pandora\u0027s Box","Lizard Tail"],"picked":"Cursed Key"}],"items_purged_floors":[21],"is_endless":false,"potions_floor_spawned":[3,5,8,12,13,16,20,25,30,31,33,35,38,45,47],"ascension_level":3}