{"gold_per_floor":[118,133,146,166,177,195,195,19,44,62,62,79,79],"floor_reached":13,"playtime":1099,"items_purged":[],"score":81,"play_id":"a0af60ad-f4a3-402d-b9d4-b39b40474016","local_time":"20190214195423","is_ascension_mode":false,"campfire_choices":[{"data":"Rainbow","floor":7,"key":"SMITH"},{"floor":11,"key":"REST"}],"neow_cost":"NONE","seed_source_timestamp":168474452730629,"circlet_count":0,"master_deck":["Strike_B","Strike_B","Strike_B","Strike_B","Defend_B+1","Defend_B","Defend_B","Defend_B","Zap+1","Dualcast","Stack","Darkness","Barrage","Chaos","Streamline","Rainbow+1","Genetic Algorithm","Redo","Loop","Melter","Defragment","Fusion"],"relics":["Cracked Core","War Paint"],"potions_floor_usage":[],"damage_taken":[{"damage":3,"enemies":"2 Louse","floor":1,"turns":2},{"damage":2,"enemies":"Small Slimes","floor":2,"turns":4},{"damage":1,"enemies":"Jaw Worm","floor":3,"turns":3},{"damage":9,"enemies":"Large Slime","floor":4,"turns":6},{"damage":1,"enemies":"Exordium Wildlife","floor":5,"turns":3},{"damage":19,"enemies":"3 Louse","floor":6,"turns":4},{"damage":10,"enemies":"Blue Slaver","floor":10,"turns":3},{"damage":16,"enemies":"Lots of Slimes","floor":12,"turns":4},{"damage":8,"enemies":"Gremlin Nob","floor":13,"turns":3}],"seed_played":"-5511585984199488136","potions_obtained":[{"floor":2,"key":"Swift Potion"},{"floor":4,"key":"Strength Potion"},{"floor":5,"key":"Ancient Potion"},{"floor":6,"key":"Energy Potion"}],"is_trial":false,"path_per_floor":[],"character_chosen":"DEFECT","items_purchased":["Redo","Loop","Melter"],"campfire_rested":1,"item_purchase_floors":[8,8,8],"current_hp_per_floor":[72,70,69,60,59,40,40,40,40,30,52,36,28],"gold":79,"neow_bonus":"THREE_CARDS","is_prod":false,"is_daily":false,"chose_seed":false,"campfire_upgraded":1,"win_rate":0.0,"timestamp":1550192063,"path_taken":["M","M","M","M","M","M","R","$","T","M","R","M","E"],"build_version":"2019-01-23","purchased_purges":0,"victory":false,"max_hp_per_floor":[75,75,75,75,75,75,75,75,75,75,75,75,75],"card_choices":[{"not_picked":["Sweeping Beam","Force Field"],"picked":"Stack","floor":0},{"not_picked":["Streamline","Ball Lightning"],"picked":"Darkness","floor":1},{"not_picked":["Force Field","Scrape"],"picked":"Barrage","floor":2},{"not_picked":["Hologram","Sweeping Beam"],"picked":"Chaos","floor":3},{"not_picked":["Sweeping Beam","White Noise"],"picked":"Streamline","floor":4},{"not_picked":["Chaos","Storm"],"picked":"Rainbow","floor":5},{"not_picked":["Beam Cell","Redo"],"picked":"Genetic Algorithm","floor":6},{"not_picked":["Steam","Go for the Eyes"],"picked":"Defragment","floor":10},{"not_picked":["Sweeping Beam","Genetic Algorithm"],"picked":"Fusion","floor":12}],"player_experience":33304,"relics_obtained":[{"floor":9,"key":"War Paint"}],"event_choices":[],"is_beta":false,"boss_relics":[],"items_purged_floors":[],"is_endless":false,"potions_floor_spawned":[2,4,5,6,10],"killed_by":"Gremlin Nob","ascension_level":0}