{"gold_per_floor":[114,43,60,135,152,185,203,232,232,245,280,280,280,280],"floor_reached":14,"playtime":1440,"items_purged":[],"score":160,"play_id":"d95f4349-f1ac-4ddf-afc0-68b213f78238","local_time":"20190528162905","is_ascension_mode":true,"campfire_choices":[{"data":"Footwork","floor":12.0,"key":"SMITH"}],"neow_cost":"NONE","seed_source_timestamp":822251158814928,"circlet_count":0,"master_deck":["Defend_G","Defend_G","Defend_G","Defend_G","Defend_G","Strike_G+1","Strike_G","Strike_G","Strike_G+1","Strike_G","Survivor","Neutralize","Blur","Footwork","Bouncing Flask","Dodge and Roll","Footwork+1","Noxious Fumes","Phantasmal Killer"],"special_seed":0,"relics":["Ring of the Snake","The Specimen","Mummified Hand","Shuriken","Whetstone","Sundial"],"potions_floor_usage":[],"damage_taken":[{"damage":2.0,"enemies":"2 Louse","floor":1.0,"turns":5.0},{"damage":0.0,"enemies":"Cultist","floor":3.0,"turns":5.0},{"damage":1.0,"enemies":"Jaw Worm","floor":5.0,"turns":10.0},{"damage":14.0,"enemies":"Lagavulin","floor":6.0,"turns":7.0},{"damage":0.0,"enemies":"Looter","floor":7.0,"turns":4.0},{"damage":16.0,"enemies":"3 Sentries","floor":8.0,"turns":16.0},{"damage":0.0,"enemies":"3 Louse","floor":10.0,"turns":4.0},{"damage":5.0,"enemies":"Lagavulin","floor":11.0,"turns":8.0},{"damage":47,"enemies":"Gremlin Nob","floor":14,"turns":6}],"seed_played":"3607348178595618690","potions_obtained":[{"floor":1.0,"key":"Explosive Potion"},{"floor":6.0,"key":"GamblersBrew"},{"floor":7.0,"key":"FairyPotion"},{"floor":8.0,"key":"SteroidPotion"}],"is_trial":false,"path_per_floor":["M","$","M","?","M","E","M","E","T","M","E","R","?","E"],"character_chosen":"THE_SILENT","items_purchased":["Footwork"],"campfire_rested":0,"item_purchase_floors":[2],"current_hp_per_floor":[68,68,68,57,56,42,42,26,26,26,21,21,21,0],"gold":280,"neow_bonus":"TEN_PERCENT_HP_BONUS","is_prod":false,"is_daily":false,"chose_seed":false,"campfire_upgraded":1,"win_rate":0,"timestamp":1559041145,"path_taken":["M","$","M","?","M","E","M","E","T","M","E","R","?","E"],"build_version":"2019-01-23","purchased_purges":0,"victory":false,"max_hp_per_floor":[77,77,77,77,77,77,77,77,77,77,77,77,77,77],"card_choices":[{"not_picked":["Prepared","Backflip"],"picked":"Blur","floor":1.0},{"not_picked":["Outmaneuver","Backflip","Deflect"],"picked":"SKIP","floor":3.0},{"not_picked":["All Out Attack","Acrobatics"],"picked":"Bouncing Flask","floor":5.0},{"not_picked":["Terror","Slice"],"picked":"Dodge and Roll","floor":6.0},{"not_picked":["Dagger Spray","Prepared"],"picked":"Footwork","floor":7.0},{"not_picked":["Escape Plan","Cloak And Dagger"],"picked":"Noxious Fumes","floor":8.0},{"not_picked":["Tactician","Dagger Throw","Accuracy"],"picked":"SKIP","floor":10.0},{"not_picked":["Quick Slash","Backflip"],"picked":"Phantasmal Killer","floor":11.0}],"player_experience":880431,"relics_obtained":[{"floor":6.0,"key":"The Specimen"},{"floor":8.0,"key":"Mummified Hand"},{"floor":9.0,"key":"Shuriken"},{"floor":11.0,"key":"Whetstone"}],"event_choices":[{"damage_healed":0.0,"max_hp_gain":0.0,"max_hp_loss":0.0,"gold_gain":75.0,"event_name":"World of Goop","player_choice":"Gather Gold","floor":4.0,"gold_loss":0.0,"damage_taken":11.0},{"damage_healed":0.0,"max_hp_gain":0.0,"max_hp_loss":0.0,"gold_gain":0.0,"event_name":"WeMeetAgain","player_choice":"Gave Potion","floor":13.0,"gold_loss":0.0,"damage_taken":0.0,"relics_obtained":["Sundial"]}],"is_beta":false,"boss_relics":[],"items_purged_floors":[],"is_endless":false,"potions_floor_spawned":[1,6,7,8],"killed_by":"Gremlin Nob","ascension_level":9}