{"gold_per_floor":[16,33,45,61,76,76,139,199,199,199,199,216,216,55,55,133,133,151,162,162,176,194,194,194,206,206,226,226,256,256,283,283,283],"floor_reached":33,"playtime":1401,"items_purged":["Strike_R"],"score":549,"play_id":"b8a654a1-4004-40b9-b639-9a0e01e953ef","local_time":"20190424235427","is_ascension_mode":true,"campfire_choices":[{"data":"Armaments","floor":6.0,"key":"SMITH"},{"data":"True Grit","floor":11.0,"key":"SMITH"},{"data":"Carnage","floor":13.0,"key":"SMITH"},{"data":"Shockwave","floor":15.0,"key":"SMITH"},{"floor":23.0,"key":"REST"},{"data":"Barricade","floor":28.0,"key":"SMITH"},{"data":"Impervious","floor":30.0,"key":"SMITH"},{"floor":32.0,"key":"REST"}],"neow_cost":"NO_GOLD","seed_source_timestamp":978834172419384,"circlet_count":0,"master_deck":["AscendersBane","Strike_R+1","Strike_R+1","Strike_R+1","Strike_R+1","Defend_R+1","Defend_R+1","Defend_R+1","Bash","Armaments+1","Carnage+1","Seeing Red","True Grit+1","Flame Barrier","Shockwave+1","Impervious+1","Burning Pact","Barricade+1","Battle Trance","Sentinel","Rage","Ghostly Armor","Iron Wave+1","Shrug It Off"],"special_seed":0,"relics":["Burning Blood","Charon\u0027s Ashes","Vajra","Tiny Chest","Cursed Key","Mercury Hourglass","Bird Faced Urn"],"potions_floor_usage":[],"damage_taken":[{"damage":9.0,"enemies":"2 Louse","floor":1.0,"turns":3.0},{"damage":7.0,"enemies":"Small Slimes","floor":2.0,"turns":4.0},{"damage":6.0,"enemies":"Cultist","floor":3.0,"turns":3.0},{"damage":4.0,"enemies":"3 Louse","floor":4.0,"turns":4.0},{"damage":17.0,"enemies":"Looter","floor":5.0,"turns":3.0},{"damage":15.0,"enemies":"3 Sentries","floor":7.0,"turns":7.0},{"damage":20.0,"enemies":"3 Sentries","floor":8.0,"turns":5.0},{"damage":3.0,"enemies":"Large Slime","floor":12.0,"turns":6.0},{"damage":29.0,"enemies":"Slime Boss","floor":16.0,"turns":12.0},{"damage":18.0,"enemies":"Chosen","floor":18.0,"turns":6.0},{"damage":13.0,"enemies":"3 Byrds","floor":19.0,"turns":4.0},{"damage":13.0,"enemies":"Centurion and Healer","floor":21.0,"turns":8.0},{"damage":27.0,"enemies":"Snake Plant","floor":22.0,"turns":4.0},{"damage":0.0,"enemies":"3 Cultists","floor":25.0,"turns":4.0},{"damage":3.0,"enemies":"Centurion and Healer","floor":27.0,"turns":6.0},{"damage":18.0,"enemies":"Book of Stabbing","floor":29.0,"turns":7.0},{"damage":33.0,"enemies":"Gremlin Leader","floor":31.0,"turns":9.0},{"damage":63,"enemies":"Champ","floor":33,"turns":20}],"seed_played":"187596036197045468","potions_obtained":[{"floor":2.0,"key":"PowerPotion"},{"floor":4.0,"key":"Block Potion"},{"floor":16.0,"key":"Explosive Potion"},{"floor":18.0,"key":"BloodPotion"},{"floor":21.0,"key":"AttackPotion"},{"floor":25.0,"key":"Dexterity Potion"}],"is_trial":false,"path_per_floor":["M","M","M","M","M","R","?","E","T","?","R","M","R","$","R","B",null,"M","M","?","M","M","R","?","M","T","M","R","E","R","E","R","B"],"character_chosen":"IRONCLAD","items_purchased":["Burning Pact"],"campfire_rested":2,"item_purchase_floors":[14],"current_hp_per_floor":[65,64,64,66,55,55,46,32,32,32,32,35,35,35,35,12,59,47,47,47,40,19,41,41,47,47,50,50,38,38,11,33,0],"gold":283,"neow_bonus":"ONE_RARE_RELIC","is_prod":false,"is_daily":false,"chose_seed":false,"campfire_upgraded":6,"win_rate":0,"timestamp":1556117667,"path_taken":["M","M","M","M","M","R","?","E","T","?","R","M","R","$","R","BOSS","BOSS","M","M","?","M","M","R","?","M","T","M","R","E","R","E","R","BOSS"],"build_version":"2019-01-23","purchased_purges":1,"victory":false,"max_hp_per_floor":[75,75,75,75,75,75,75,75,75,75,75,75,75,75,75,75,75,75,75,75,75,75,75,75,75,75,75,75,75,75,75,75,75],"card_choices":[{"not_picked":["Havoc","Headbutt"],"picked":"Armaments","floor":1.0},{"not_picked":["Wild Strike","Headbutt"],"picked":"Carnage","floor":2.0},{"not_picked":["Havoc","Armaments"],"picked":"Seeing Red","floor":3.0},{"not_picked":["Twin Strike","Thunderclap"],"picked":"True Grit","floor":4.0},{"not_picked":["Wild Strike","Blood for Blood"],"picked":"Flame Barrier","floor":5.0},{"not_picked":["Seeing Red","Disarm"],"picked":"Shockwave","floor":7.0},{"not_picked":["Thunderclap","Dark Embrace"],"picked":"Impervious","floor":8.0},{"not_picked":["Clash","Power Through","Thunderclap"],"picked":"SKIP","floor":12.0},{"not_picked":["Offering","Exhume"],"picked":"Barricade","floor":16.0},{"not_picked":["Armaments","Pommel Strike+1"],"picked":"Battle Trance","floor":18.0},{"not_picked":["Burning Pact","Shockwave+1","Flex"],"picked":"SKIP","floor":19.0},{"not_picked":["Pommel Strike","Pummel"],"picked":"Sentinel","floor":21.0},{"not_picked":["Clothesline","Hemokinesis","Wild Strike+1"],"picked":"SKIP","floor":22.0},{"not_picked":["Headbutt","Bloodletting+1"],"picked":"Ghostly Armor","floor":25.0},{"not_picked":["Cleave","Fire Breathing"],"picked":"Iron Wave+1","floor":27.0},{"not_picked":["Havoc+1","True Grit"],"picked":"Shrug It Off","floor":29.0},{"not_picked":["Dropkick","Sever Soul","Burning Pact"],"picked":"SKIP","floor":31.0}],"player_experience":460607,"relics_obtained":[{"floor":8.0,"key":"Tiny Chest"},{"floor":29.0,"key":"Mercury Hourglass"},{"floor":31.0,"key":"Bird Faced Urn"}],"event_choices":[{"damage_healed":0.0,"max_hp_gain":0.0,"max_hp_loss":0.0,"gold_gain":0.0,"event_name":"Dead Adventurer","player_choice":"Searched \u00272\u0027 times","floor":7.0,"gold_loss":0.0,"damage_taken":0.0,"relics_obtained":["Vajra"]},{"damage_healed":0.0,"max_hp_gain":0.0,"max_hp_loss":0.0,"gold_gain":0.0,"event_name":"Liars Game","player_choice":"Ignored","floor":10.0,"gold_loss":0.0,"damage_taken":0.0},{"damage_healed":0.0,"max_hp_gain":0.0,"max_hp_loss":0.0,"gold_gain":0.0,"event_name":"Back to Basics","player_choice":"Simplicity","floor":20.0,"gold_loss":0.0,"damage_taken":0.0,"cards_upgraded":["Strike_R","Strike_R","Strike_R","Strike_R","Defend_R","Defend_R","Defend_R","Defend_R"]},{"damage_healed":0.0,"max_hp_gain":0.0,"max_hp_loss":0.0,"gold_gain":0.0,"cards_transformed":["Defend_R"],"event_name":"Transmorgrifier","player_choice":"Transformed","floor":24.0,"gold_loss":0.0,"damage_taken":0.0,"cards_obtained":["Rage"]}],"is_beta":false,"boss_relics":[{"not_picked":["Ectoplasm","Lizard Tail"],"picked":"Cursed Key"}],"items_purged_floors":[14],"is_endless":false,"potions_floor_spawned":[2,4,5,16,18,21,25,31],"killed_by":"Champ","ascension_level":18}