{"gold_per_floor":[113,127,127,187,260,292,312,341,341,361,386,448,475,490,490,490],"floor_reached":16,"playtime":1239,"items_purged":[],"score":191,"play_id":"2624a576-1514-47f6-8e18-0aec81c6e009","local_time":"20190528092053","is_ascension_mode":true,"campfire_choices":[{"data":"Zap","floor":15,"key":"SMITH"}],"neow_cost":"NONE","seed_source_timestamp":796761774835279,"circlet_count":0,"master_deck":["Strike_B+1","Strike_B","Strike_B","Strike_B+1","Defend_B","Defend_B","Defend_B","Defend_B","Zap+1","Dualcast","Conserve Battery","Hologram","Self Repair","Cold Snap","Cold Snap","Sunder","Glacier"],"special_seed":0,"relics":["Cracked Core","NeowsBlessing","SsserpentHead","Oddly Smooth Stone","Torii","Matryoshka","Whetstone","Vajra","Bag of Preparation","Juzu Bracelet"],"potions_floor_usage":[16],"damage_taken":[{"damage":0.0,"enemies":"2 Louse","floor":1.0,"turns":1.0},{"damage":0.0,"enemies":"Cultist","floor":2.0,"turns":1.0},{"damage":0.0,"enemies":"Jaw Worm","floor":4.0,"turns":1.0},{"damage":25.0,"enemies":"Lagavulin","floor":6.0,"turns":10.0},{"damage":1.0,"enemies":"Lots of Slimes","floor":7.0,"turns":6.0},{"damage":39.0,"enemies":"Gremlin Nob","floor":8.0,"turns":5.0},{"damage":1.0,"enemies":"Lagavulin","floor":11.0,"turns":5.0},{"damage":0,"enemies":"Looter","floor":12,"turns":4},{"damage":12,"enemies":"Gremlin Nob","floor":13,"turns":4},{"damage":0,"enemies":"Exordium Wildlife","floor":14,"turns":5},{"damage":32,"enemies":"Hexaghost","floor":16,"turns":11}],"seed_played":"-3332807072381163286","potions_obtained":[{"floor":4.0,"key":"FearPotion"},{"floor":6.0,"key":"Energy Potion"},{"floor":8.0,"key":"Poison Potion"},{"floor":10.0,"key":"PowerPotion"},{"floor":10.0,"key":"Poison Potion"},{"floor":14,"key":"Energy Potion"}],"is_trial":false,"path_per_floor":["M","M","?","M","T","E","M","E","T","?","E","M","E","M","R","B"],"character_chosen":"DEFECT","items_purchased":[],"campfire_rested":0,"item_purchase_floors":[],"current_hp_per_floor":[68,68,68,68,68,43,42,10,10,10,16,23,18,25,25,0],"gold":490,"neow_bonus":"THREE_ENEMY_KILL","is_prod":false,"is_daily":false,"chose_seed":false,"campfire_upgraded":1,"win_rate":0,"timestamp":1559015453,"path_taken":["M","M","?","?","?","E","M","E","T","?","E","?","E","M","R","BOSS"],"build_version":"2019-01-23","purchased_purges":0,"victory":false,"max_hp_per_floor":[75,75,75,75,75,75,75,75,75,75,75,75,75,75,75,75],"card_choices":[{"not_picked":["Lockon","Beam Cell"],"picked":"Conserve Battery","floor":1.0},{"not_picked":["Chaos","Tempest","Turbo"],"picked":"SKIP","floor":2.0},{"not_picked":["Gash","Coolheaded"],"picked":"Hologram","floor":4.0},{"not_picked":["Blizzard","Steam","Fusion"],"picked":"SKIP","floor":6.0},{"not_picked":["Coolheaded","Rebound"],"picked":"Self Repair","floor":7.0},{"not_picked":["Rebound","Melter","Steam"],"picked":"SKIP","floor":8.0},{"not_picked":["FTL","Coolheaded"],"picked":"Cold Snap","floor":11.0},{"not_picked":["Scrape","Gash"],"picked":"Cold Snap","floor":12},{"not_picked":["Fusion","Redo"],"picked":"Sunder","floor":13},{"not_picked":["Sweeping Beam","Go for the Eyes"],"picked":"Glacier","floor":14}],"player_experience":863505,"relics_obtained":[{"floor":5.0,"key":"Oddly Smooth Stone"},{"floor":6.0,"key":"Torii"},{"floor":8.0,"key":"Matryoshka"},{"floor":9.0,"key":"Whetstone"},{"floor":9.0,"key":"Vajra"},{"floor":11.0,"key":"Bag of Preparation"},{"floor":13,"key":"Juzu Bracelet"}],"event_choices":[{"damage_healed":0.0,"max_hp_gain":0.0,"max_hp_loss":0.0,"gold_gain":0.0,"event_name":"FaceTrader","player_choice":"Trade","floor":3.0,"gold_loss":0.0,"damage_taken":0.0,"relics_obtained":["SsserpentHead"]},{"damage_healed":0.0,"max_hp_gain":0.0,"max_hp_loss":0.0,"gold_gain":0.0,"event_name":"The Woman in Blue","player_choice":"Bought 2 Potions","floor":10.0,"gold_loss":0.0,"damage_taken":0.0}],"is_beta":false,"boss_relics":[],"items_purged_floors":[],"is_endless":false,"potions_floor_spawned":[4,6,8,14],"killed_by":"Hexaghost","ascension_level":9}