{"gold_per_floor":[214,230,230,40,51,51,82,82,105,117,117,130,157,170,170,267,267,287,287,22,38,38,38,56,56,104,104,116,178,178,188,188,188],"floor_reached":33,"playtime":2897,"items_purged":[],"score":259,"play_id":"b9c500d2-0227-48a6-b2a5-bb5e28cbe5ab","local_time":"20190216221310","is_ascension_mode":false,"campfire_choices":[{"data":"Catalyst","floor":6,"key":"SMITH"},{"floor":8,"key":"REST"},{"data":"Glass Knife","floor":11,"key":"SMITH"},{"floor":15,"key":"REST"},{"data":"Noxious Fumes","floor":23,"key":"SMITH"},{"floor":25,"key":"REST"},{"floor":30,"key":"REST"},{"floor":32,"key":"REST"}],"neow_cost":"NONE","seed_source_timestamp":347766561887222,"circlet_count":0,"master_deck":["Defend_G+1","Defend_G+1","Defend_G+1","Defend_G+1","Defend_G+1","Strike_G+1","Strike_G+1","Strike_G+1","Strike_G+1","Strike_G+1","Survivor","Neutralize","Infinite Blades","Catalyst+1","Noxious Fumes+1","Cloak And Dagger","Backflip","Dagger Throw","Poisoned Stab","Backflip","Glass Knife+1","Cloak And Dagger","Slice","Acrobatics","Bullet Time","Caltrops","Catalyst+1","Infinite Blades","Riddle With Holes+1","Outmaneuver","Envenom","Quick Slash","Deadly Poison"],"relics":["Ring of the Snake","Oddly Smooth Stone","Ancient Tea Set","Bronze Scales","Sozu","DollysMirror","Regal Pillow","SsserpentHead"],"potions_floor_usage":[],"damage_taken":[{"damage":0,"enemies":"Small Slimes","floor":1,"turns":5},{"damage":0,"enemies":"2 Louse","floor":2,"turns":3},{"damage":0,"enemies":"Cultist","floor":5,"turns":4},{"damage":22,"enemies":"3 Sentries","floor":7,"turns":7},{"damage":0,"enemies":"Large Slime","floor":10,"turns":7},{"damage":0,"enemies":"Gremlin Gang","floor":12,"turns":5},{"damage":8,"enemies":"Lagavulin","floor":13,"turns":8},{"damage":15,"enemies":"Exordium Wildlife","floor":14,"turns":4},{"damage":17,"enemies":"The Guardian","floor":16,"turns":9},{"damage":14,"enemies":"Spheric Guardian","floor":18,"turns":4},{"damage":0,"enemies":"Chosen","floor":21,"turns":4},{"damage":30,"enemies":"3 Cultists","floor":24,"turns":5},{"damage":12,"enemies":"Snake Plant","floor":28,"turns":3},{"damage":19,"enemies":"Shelled Parasite and Fungi","floor":29,"turns":6},{"damage":13,"enemies":"Centurion and Healer","floor":31,"turns":6},{"damage":75,"enemies":"Collector","floor":33,"turns":5}],"seed_played":"-1086845623729820699","potions_obtained":[{"floor":5,"key":"SpeedPotion"},{"floor":7,"key":"LiquidBronze"},{"floor":10,"key":"Regen Potion"}],"is_trial":false,"path_per_floor":["?","?","?","?","M"],"character_chosen":"THE_SILENT","items_purchased":["Noxious Fumes","Cloak And Dagger","Backflip","Dagger Throw","DollysMirror","Infinite Blades"],"campfire_rested":5,"item_purchase_floors":[4,4,4,4,20,20],"current_hp_per_floor":[70,70,70,70,70,70,48,69,69,69,69,69,61,46,67,50,70,56,56,56,56,56,56,26,47,47,47,35,16,52,39,70,0],"gold":188,"neow_bonus":"HUNDRED_GOLD","is_prod":false,"is_daily":false,"chose_seed":false,"campfire_upgraded":3,"win_rate":0.0,"timestamp":1550373190,"path_taken":["M","M","?","$","M","R","E","R","T","M","R","M","E","M","R","BOSS","M","?","$","M","?","R","M","R","T","?","M","?","R","M","R","BOSS"],"build_version":"2019-01-23","purchased_purges":0,"victory":false,"max_hp_per_floor":[70,70,70,70,70,70,70,70,70,70,70,70,70,70,70,70,70,70,70,70,70,70,70,70,70,70,70,70,70,70,70,70,70],"card_choices":[{"not_picked":["Slice","Bane"],"picked":"Infinite Blades","floor":1},{"not_picked":["Quick Slash","Riddle With Holes"],"picked":"Catalyst","floor":2},{"not_picked":["Underhanded Strike","Quick Slash"],"picked":"Poisoned Stab","floor":5},{"not_picked":["Infinite Blades","PiercingWail"],"picked":"Backflip","floor":7},{"not_picked":["Dagger Spray","Slice"],"picked":"Glass Knife","floor":10},{"not_picked":["Flying Knee","Eviscerate"],"picked":"Cloak And Dagger","floor":12},{"not_picked":["Dagger Throw","Terror"],"picked":"Slice","floor":13},{"not_picked":["Underhanded Strike","Sucker Punch"],"picked":"Acrobatics","floor":14},{"not_picked":["Tools of the Trade","Malaise"],"picked":"Bullet Time","floor":16},{"not_picked":["Bane","Flying Knee+1"],"picked":"Caltrops","floor":18},{"not_picked":["Poisoned Stab","Dagger Throw"],"picked":"Riddle With Holes+1","floor":21},{"not_picked":["Slice","Dagger Throw"],"picked":"Outmaneuver","floor":24},{"not_picked":["Blade Dance+1","Poisoned Stab+1"],"picked":"Envenom","floor":28},{"not_picked":["Deadly Poison","Backflip"],"picked":"Quick Slash","floor":29},{"not_picked":["Acrobatics+1","Outmaneuver"],"picked":"Deadly Poison","floor":31}],"player_experience":57988,"relics_obtained":[{"floor":7,"key":"Oddly Smooth Stone"},{"floor":9,"key":"Ancient Tea Set"},{"floor":13,"key":"Bronze Scales"},{"floor":26,"key":"Regal Pillow"}],"event_choices":[{"damage_healed":0,"gold_gain":0,"player_choice":"Leave","damage_taken":0,"max_hp_gain":0,"max_hp_loss":0,"event_name":"The Cleric","floor":3,"gold_loss":0},{"damage_healed":0,"gold_gain":0,"player_choice":"Simplicity","damage_taken":0,"max_hp_gain":0,"max_hp_loss":0,"event_name":"Back to Basics","floor":19,"gold_loss":0,"cards_upgraded":["Defend_G","Defend_G","Defend_G","Defend_G","Defend_G","Strike_G","Strike_G","Strike_G","Strike_G","Strike_G"]},{"damage_healed":0,"gold_gain":0,"player_choice":"Ignored","damage_taken":0,"max_hp_gain":0,"max_hp_loss":0,"event_name":"Ghosts","floor":22,"gold_loss":0},{"damage_healed":0,"gold_gain":0,"player_choice":"Trade","damage_taken":0,"relics_obtained":["SsserpentHead"],"max_hp_gain":0,"max_hp_loss":0,"event_name":"FaceTrader","floor":27,"gold_loss":0}],"is_beta":false,"boss_relics":[{"not_picked":["Pandora\u0027s Box","Empty Cage"],"picked":"Sozu"}],"items_purged_floors":[],"is_endless":false,"potions_floor_spawned":[5,7,10,21,29,31],"killed_by":"Collector","ascension_level":0}