{"gold_per_floor":[112,126,201,351,51,51,82,102,102,112,146,146,146,161,161,234,234,248,268,288,288],"floor_reached":21,"playtime":514,"items_purged":[],"score":410,"play_id":"47f27359-42d8-4f99-a86e-13a2082037cf","local_time":"20190424010041","is_ascension_mode":true,"campfire_choices":[{"data":"Blood for Blood","floor":6,"key":"SMITH"},{"data":"Bash","floor":12,"key":"SMITH"},{"data":"Seeing Red","floor":15,"key":"SMITH"}],"neow_cost":"NONE","seed_source_timestamp":897767222457044,"circlet_count":0,"master_deck":["AscendersBane","Strike_R","Strike_R","Strike_R","Strike_R","Strike_R","Defend_R","Defend_R","Defend_R","Defend_R","Bash+1","Blood for Blood+1","Perfected Strike+1","Seeing Red+1","Headbutt+1","Perfected Strike+1","Twin Strike+1","Bloodletting+1","True Grit","Shrug It Off"],"relics":["Burning Blood","NeowsBlessing","Molten Egg 2","Mango","Ice Cream","Pen Nib","Empty Cage"],"potions_floor_usage":[21],"damage_taken":[{"damage":0,"enemies":"Small Slimes","floor":1,"turns":1},{"damage":0,"enemies":"Jaw Worm","floor":2,"turns":1},{"damage":0,"enemies":"Gremlin Nob","floor":7,"turns":1},{"damage":9,"enemies":"Cultist","floor":8,"turns":3},{"damage":17,"enemies":"2 Fungi Beasts","floor":10,"turns":4},{"damage":23,"enemies":"3 Sentries","floor":11,"turns":4},{"damage":11,"enemies":"Looter","floor":14,"turns":2},{"damage":39,"enemies":"Hexaghost","floor":16,"turns":7},{"damage":11,"enemies":"Spheric Guardian","floor":18,"turns":3},{"damage":10,"enemies":"Chosen","floor":19,"turns":3},{"damage":34,"enemies":"Snake Plant","floor":20,"turns":3},{"damage":37,"enemies":"Cultist and Chosen","floor":21,"turns":5}],"seed_played":"1244324817201748368","potions_obtained":[{"floor":1,"key":"Poison Potion"},{"floor":8,"key":"Explosive Potion"},{"floor":20,"key":"SkillPotion"}],"is_trial":false,"path_per_floor":["M","M","?","?","$","R","E","M","T","M","E","R","T","M","R","B",null,"M","M","M","M"],"character_chosen":"IRONCLAD","items_purchased":["Molten Egg 2","Perfected Strike+1"],"campfire_rested":0,"item_purchase_floors":[5,5],"current_hp_per_floor":[74,75,64,64,64,64,84,81,81,70,53,53,53,48,48,15,71,66,62,34,0],"gold":288,"neow_bonus":"THREE_ENEMY_KILL","is_prod":false,"is_daily":false,"chose_seed":false,"campfire_upgraded":3,"win_rate":0,"timestamp":1556035241,"path_taken":["M","M","?","?","$","R","E","M","T","M","E","R","?","M","R","BOSS","M","M","?","M"],"build_version":"2019-01-23","purchased_purges":0,"victory":false,"max_hp_per_floor":[75,75,75,75,75,75,89,89,89,89,89,89,89,89,89,89,89,89,89,89,89],"card_choices":[{"not_picked":["Rupture","Havoc"],"picked":"Blood for Blood","floor":1},{"not_picked":["Wild Strike","Havoc"],"picked":"Hemokinesis","floor":2},{"not_picked":["Rage","Warcry"],"picked":"Seeing Red","floor":7},{"not_picked":["Twin Strike+1","Flex"],"picked":"Headbutt+1","floor":8},{"not_picked":["Thunderclap+1","Pommel Strike+1"],"picked":"Perfected Strike+1","floor":10},{"not_picked":["Reaper+1","Havoc","Clothesline+1"],"picked":"SKIP","floor":11},{"not_picked":["Reckless Charge+1","Inflame"],"picked":"Twin Strike+1","floor":14},{"not_picked":["Clothesline+1","Cleave+1"],"picked":"Bloodletting+1","floor":18},{"not_picked":["Searing Blow+1","Twin Strike+1"],"picked":"True Grit","floor":19},{"not_picked":["Warcry","Wild Strike+1"],"picked":"Shrug It Off","floor":20}],"player_experience":457289,"relics_obtained":[{"floor":7,"key":"Mango"},{"floor":9,"key":"Ice Cream"},{"floor":11,"key":"Pen Nib"}],"event_choices":[{"damage_healed":0,"gold_gain":75,"player_choice":"Gather Gold","damage_taken":11,"max_hp_gain":0,"max_hp_loss":0,"event_name":"World of Goop","floor":3,"gold_loss":0},{"damage_healed":0,"gold_gain":150,"player_choice":"AGREE","damage_taken":0,"max_hp_gain":0,"max_hp_loss":0,"event_name":"Liars Game","floor":4,"gold_loss":0,"cards_obtained":["Doubt"]}],"is_beta":false,"boss_relics":[{"not_picked":["Pandora\u0027s Box","Black Blood"],"picked":"Empty Cage"}],"items_purged_floors":[],"is_endless":false,"potions_floor_spawned":[1,8,11,20],"killed_by":"Cultist and Chosen","ascension_level":18}