{"gold_per_floor":[113,63,82,99,99,111,124,124,175,175,194,194,194,229,229,329,329,342,357,272,272,111,144,144,174,198,227,269,281],"floor_reached":29,"playtime":1918,"items_purged":["Strike_R"],"score":263,"play_id":"e2d415b3-a2a9-434a-8dc1-43dc66cad839","local_time":"20190304013843","is_ascension_mode":false,"campfire_choices":[{"data":"Body Slam","floor":8,"key":"SMITH"},{"data":"Body Slam","floor":10,"key":"SMITH"},{"data":"Dual Wield","floor":13,"key":"SMITH"},{"floor":15,"key":"REST"}],"neow_cost":"NONE","seed_source_timestamp":2097257526565,"circlet_count":0,"master_deck":["Defend_R","Defend_R","Defend_R+1","Defend_R","Bash+1","Body Slam+1","Dual Wield+1","Body Slam+1","Seeing Red","Headbutt","Impervious","Shrug It Off","Corruption","Feel No Pain","Flex","Writhe","True Grit"],"relics":["Burning Blood","Anchor","Blue Candle","Empty Cage","Happy Flower","Singing Bowl","Regal Pillow","Bronze Scales","MawBank","Red Mask"],"potions_floor_usage":[6,14,25,28],"damage_taken":[{"damage":5,"enemies":"2 Louse","floor":1,"turns":3},{"damage":7,"enemies":"Jaw Worm","floor":3,"turns":5},{"damage":8,"enemies":"Small Slimes","floor":4,"turns":4},{"damage":5,"enemies":"Looter","floor":6,"turns":4},{"damage":11,"enemies":"3 Louse","floor":7,"turns":5},{"damage":12,"enemies":"Large Slime","floor":11,"turns":8},{"damage":31,"enemies":"3 Sentries","floor":14,"turns":7},{"damage":43,"enemies":"Hexaghost","floor":16,"turns":8},{"damage":10,"enemies":"3 Byrds","floor":18,"turns":7},{"damage":5,"enemies":"Chosen","floor":19,"turns":4},{"damage":24,"enemies":"Gremlin Leader","floor":23,"turns":4},{"damage":62,"enemies":"Slavers","floor":25,"turns":7},{"damage":3,"enemies":"Snecko","floor":27,"turns":4},{"damage":28,"enemies":"Masked Bandits","floor":28,"turns":5},{"damage":15,"enemies":"Shelled Parasite and Fungi","floor":29,"turns":2}],"seed_played":"3891386605938165914","potions_obtained":[{"floor":4,"key":"Fire Potion"},{"floor":7,"key":"Regen Potion"},{"floor":11,"key":"PowerPotion"},{"floor":14,"key":"Ancient Potion"},{"floor":18,"key":"SmokeBomb"},{"floor":27,"key":"Swift Potion"}],"is_trial":false,"path_per_floor":["M","?","M","M","?","M","M","R","T","R","M","?","R","E","R","B",null,"M","M","?","?","$","E","?","E","T","M","?","M"],"character_chosen":"IRONCLAD","items_purchased":["Feel No Pain","Flex"],"campfire_rested":1,"item_purchase_floors":[22,22],"current_hp_per_floor":[88,88,87,85,78,79,74,74,74,74,68,50,50,25,51,14,88,84,85,85,85,85,69,69,29,29,32,12,0],"gold":281,"neow_bonus":"TEN_PERCENT_HP_BONUS","is_prod":false,"is_daily":false,"chose_seed":false,"campfire_upgraded":3,"win_rate":0,"timestamp":1551685123,"path_taken":["M","?","M","M","?","M","?","R","T","R","M","?","R","E","R","BOSS","M","M","?","?","$","E","?","E","T","M","?","M"],"build_version":"2019-01-23","purchased_purges":1,"victory":false,"max_hp_per_floor":[88,88,88,88,88,88,88,88,88,88,88,88,88,88,88,88,88,88,88,88,88,88,90,90,92,92,92,94,94],"card_choices":[{"not_picked":["Pommel Strike","Clothesline"],"picked":"Body Slam","floor":1},{"not_picked":["Havoc","Uppercut"],"picked":"Dual Wield","floor":3},{"not_picked":["Hemokinesis","Sentinel"],"picked":"Body Slam","floor":4},{"not_picked":["Havoc","Sword Boomerang","Perfected Strike"],"picked":"SKIP","floor":6},{"not_picked":["Sever Soul","Blood for Blood"],"picked":"Seeing Red","floor":7},{"not_picked":["Cleave","Wild Strike","Fire Breathing"],"picked":"SKIP","floor":11},{"not_picked":["Searing Blow","Pommel Strike"],"picked":"Headbutt","floor":14},{"not_picked":["Double Tap","Berserk"],"picked":"Impervious","floor":16},{"not_picked":["Thunderclap","Searing Blow"],"picked":"Shrug It Off","floor":18},{"not_picked":["Warcry","Clash"],"picked":"Corruption","floor":19},{"not_picked":["Flex","Wild Strike","Limit Break"],"picked":"Singing Bowl","floor":23},{"not_picked":["Dropkick","Sword Boomerang+1","Carnage"],"picked":"Singing Bowl","floor":25},{"not_picked":["Shockwave","Blood for Blood"],"picked":"True Grit","floor":27},{"not_picked":["Pommel Strike+1","Cleave+1","Evolve"],"picked":"Singing Bowl","floor":28}],"player_experience":189813,"relics_obtained":[{"floor":9,"key":"Anchor"},{"floor":14,"key":"Blue Candle"},{"floor":23,"key":"Singing Bowl"},{"floor":25,"key":"Bronze Scales"},{"floor":26,"key":"MawBank"},{"floor":28,"key":"Red Mask"}],"event_choices":[{"cards_removed":["Strike_R"],"damage_healed":0,"gold_gain":0,"player_choice":"Card Removal","damage_taken":0,"max_hp_gain":0,"max_hp_loss":0,"event_name":"The Cleric","floor":2,"gold_loss":50},{"cards_removed":["Strike_R"],"damage_healed":0,"gold_gain":0,"player_choice":"Card Removal","damage_taken":7,"max_hp_gain":0,"max_hp_loss":0,"event_name":"Golden Wing","floor":5,"gold_loss":0},{"damage_healed":0,"gold_gain":0,"player_choice":"Entered Light","damage_taken":18,"max_hp_gain":0,"max_hp_loss":0,"event_name":"Shining Light","floor":12,"gold_loss":0,"cards_upgraded":["Bash","Defend_R"]},{"damage_healed":0,"gold_gain":0,"player_choice":"Obtained Relic","damage_taken":0,"relics_obtained":["Happy Flower"],"max_hp_gain":0,"max_hp_loss":0,"event_name":"Addict","floor":20,"gold_loss":85},{"damage_healed":0,"gold_gain":0,"player_choice":"Ignored","damage_taken":0,"max_hp_gain":0,"max_hp_loss":0,"event_name":"Ghosts","floor":21,"gold_loss":0},{"damage_healed":0,"gold_gain":0,"player_choice":"Opened","damage_taken":0,"relics_obtained":["Regal Pillow"],"max_hp_gain":0,"max_hp_loss":0,"event_name":"The Mausoleum","floor":24,"gold_loss":0,"cards_obtained":["Writhe"]},{"damage_healed":0,"gold_gain":0,"player_choice":"Fought Bandits","damage_taken":0,"max_hp_gain":0,"max_hp_loss":0,"event_name":"Masked Bandits","floor":28,"gold_loss":0}],"is_beta":false,"boss_relics":[{"not_picked":["Coffee Dripper","Snecko Eye"],"picked":"Empty Cage"}],"items_purged_floors":[22],"is_endless":false,"potions_floor_spawned":[4,7,11,14,18,27],"killed_by":"Shelled Parasite and Fungi","ascension_level":0}