{"gold_per_floor":[215,231,231,241,39,39,55,55,55,55,68,85,10,43,43,148,148,168,135,149,149,169,169,186,186,186,197,197,197,210,240,240,240],"floor_reached":33,"playtime":5089,"items_purged":["Strike_R"],"score":377,"play_id":"ff19a872-f019-4ddb-888c-49b5b1b8ca6f","local_time":"20190529155548","is_ascension_mode":true,"campfire_choices":[{"data":"Entrench","floor":6.0,"key":"SMITH"},{"data":"Body Slam","floor":8.0,"key":"SMITH"},{"data":"Bash","floor":10.0,"key":"SMITH"},{"data":"Armaments","floor":15.0,"key":"SMITH"},{"floor":23.0,"key":"REST"},{"data":"Metallicize","floor":25.0,"key":"SMITH"},{"floor":29.0,"key":"REST"},{"data":"True Grit","floor":32,"key":"SMITH"}],"neow_cost":"NONE","seed_source_timestamp":1998928687586978,"circlet_count":0,"master_deck":["Strike_R","Strike_R","Strike_R","Defend_R","Defend_R","Defend_R","Bash+1","Body Slam+1","Entrench+1","Burning Pact","Shrug It Off","Metallicize+1","Shrug It Off","Armaments+1","True Grit+1","Demon Form","Iron Wave+1","Burning Pact","Body Slam"],"special_seed":0,"relics":["Black Blood","ClockworkSouvenir","Nloth\u0027s Gift","Pear","Blue Candle"],"potions_floor_usage":[31,33],"damage_taken":[{"damage":4.0,"enemies":"2 Louse","floor":1.0,"turns":3.0},{"damage":1.0,"enemies":"Cultist","floor":2.0,"turns":4.0},{"damage":5.0,"enemies":"Small Slimes","floor":4.0,"turns":5.0},{"damage":0.0,"enemies":"Gremlin Gang","floor":7.0,"turns":10.0},{"damage":11.0,"enemies":"2 Fungi Beasts","floor":11.0,"turns":4.0},{"damage":7.0,"enemies":"Lots of Slimes","floor":12.0,"turns":5.0},{"damage":12.0,"enemies":"Lagavulin","floor":14.0,"turns":12.0},{"damage":46.0,"enemies":"Slime Boss","floor":16.0,"turns":30.0},{"damage":3.0,"enemies":"Spheric Guardian","floor":18.0,"turns":12.0},{"damage":33.0,"enemies":"2 Thieves","floor":19.0,"turns":5.0},{"damage":11.0,"enemies":"Snecko","floor":20.0,"turns":16.0},{"damage":33.0,"enemies":"Snake Plant","floor":22.0,"turns":8.0},{"damage":25.0,"enemies":"Sentry and Sphere","floor":24.0,"turns":14.0},{"damage":3.0,"enemies":"Shelled Parasite and Fungi","floor":27.0,"turns":12.0},{"damage":20.0,"enemies":"Cultist and Chosen","floor":30.0,"turns":9.0},{"damage":30,"enemies":"Slavers","floor":31,"turns":18},{"damage":74,"enemies":"Collector","floor":33,"turns":5}],"seed_played":"3054218113146098052","potions_obtained":[{"floor":1.0,"key":"Energy Potion"},{"floor":11.0,"key":"GamblersBrew"},{"floor":12.0,"key":"SteroidPotion"},{"floor":16.0,"key":"Weak Potion"},{"floor":20.0,"key":"AttackPotion"},{"floor":24.0,"key":"Swift Potion"}],"is_trial":false,"path_per_floor":["M","M","?","M","$","R","M","R","T","R","M","M","$","E","R","B",null,"M","M","M","?","M","R","M","R","T","M","?","R","M","E","R","B"],"character_chosen":"IRONCLAD","items_purchased":["ClockworkSouvenir"],"campfire_rested":2,"item_purchase_floors":[5],"current_hp_per_floor":[74,79,79,80,80,80,80,80,80,80,75,74,74,68,68,28,67,76,55,56,56,33,58,43,43,53,60,60,88,78,58,58,0],"gold":240,"neow_bonus":"HUNDRED_GOLD","is_prod":false,"is_daily":false,"chose_seed":false,"campfire_upgraded":6,"win_rate":0,"timestamp":1559159748,"path_taken":["M","M","?","M","$","R","M","R","T","R","M","M","$","E","R","BOSS","M","?","M","?","M","R","?","R","T","?","?","R","M","E","R","BOSS"],"build_version":"2019-01-23","purchased_purges":1,"victory":false,"max_hp_per_floor":[80,80,80,80,80,80,80,80,80,80,80,80,80,80,80,80,80,82,84,86,86,86,86,86,86,96,96,96,96,96,96,96,96],"card_choices":[{"not_picked":["Intimidate","Headbutt"],"picked":"Body Slam","floor":1.0},{"not_picked":["Sever Soul","Wild Strike"],"picked":"Entrench","floor":2.0},{"not_picked":["Heavy Blade","Perfected Strike"],"picked":"Shrug It Off","floor":4.0},{"not_picked":["Flex","Headbutt"],"picked":"Metallicize","floor":7.0},{"not_picked":["Dual Wield","Thunderclap"],"picked":"Shrug It Off","floor":11.0},{"not_picked":["Hemokinesis","Headbutt"],"picked":"Armaments","floor":12.0},{"not_picked":["Body Slam","Combust"],"picked":"True Grit","floor":14.0},{"not_picked":["Bludgeon","Exhume"],"picked":"Demon Form","floor":16.0},{"not_picked":["Sword Boomerang","Anger","Armaments"],"picked":"Singing Bowl","floor":18.0},{"not_picked":["Armaments","Perfected Strike+1","Thunderclap"],"picked":"Singing Bowl","floor":19.0},{"not_picked":["Disarm","Rage","Corruption"],"picked":"Singing Bowl","floor":20.0},{"not_picked":["Sword Boomerang","Bloodletting","Warcry"],"picked":"SKIP","floor":22.0},{"not_picked":["Sword Boomerang","Twin Strike"],"picked":"Iron Wave+1","floor":24.0},{"not_picked":["Warcry","Feel No Pain","Armaments"],"picked":"SKIP","floor":27.0},{"not_picked":["Shrug It Off","Brutality","Searing Blow+1"],"picked":"SKIP","floor":30.0},{"not_picked":["Sword Boomerang","Havoc"],"picked":"Body Slam","floor":31}],"player_experience":303468,"relics_obtained":[{"floor":14.0,"key":"Singing Bowl"},{"floor":26.0,"key":"Pear"},{"floor":31,"key":"Blue Candle"}],"event_choices":[{"damage_healed":0.0,"max_hp_gain":0.0,"max_hp_loss":0.0,"gold_gain":0.0,"cards_transformed":["Strike_R"],"event_name":"Transmorgrifier","player_choice":"Transformed","floor":3.0,"gold_loss":0.0,"damage_taken":0.0,"cards_obtained":["Burning Pact"]},{"damage_healed":0.0,"max_hp_gain":0.0,"max_hp_loss":0.0,"gold_gain":0.0,"event_name":"N\u0027loth","player_choice":"Traded Relic","floor":21.0,"relics_lost":["Singing Bowl"],"gold_loss":0.0,"damage_taken":0.0,"relics_obtained":["Nloth\u0027s Gift"]},{"damage_healed":0.0,"max_hp_gain":0.0,"max_hp_loss":0.0,"gold_gain":0.0,"cards_transformed":["Defend_R"],"event_name":"Transmorgrifier","player_choice":"Transformed","floor":28.0,"gold_loss":0.0,"damage_taken":0.0,"cards_obtained":["Burning Pact"]}],"is_beta":false,"boss_relics":[{"not_picked":["Orrery","Pandora\u0027s Box"],"picked":"Black Blood"}],"items_purged_floors":[13],"is_endless":false,"potions_floor_spawned":[1,11,12,16,20,22,24],"killed_by":"Collector","ascension_level":6}