{"gold_per_floor":[116,126,136,136,156,188,188,218,218,318,334,334,334,366,366,366],"floor_reached":16,"playtime":1488,"items_purged":[],"score":180,"play_id":"cb751c28-a8db-4ec2-911d-23ec10a17988","local_time":"20190529104130","is_ascension_mode":true,"campfire_choices":[{"data":"Defragment","floor":7.0,"key":"SMITH"},{"floor":12.0,"key":"REST"},{"data":"Zap","floor":15,"key":"SMITH"}],"neow_cost":"NONE","seed_source_timestamp":887853878514350,"circlet_count":0,"master_deck":["AscendersBane","Strike_B","Strike_B","Strike_B","Defend_B","Defend_B","Defend_B","Defend_B","Zap+1","Dualcast","Defragment+1","Sweeping Beam","Self Repair","Cold Snap","Sunder","Consume","White Noise","Seek"],"special_seed":0,"relics":["Nuclear Battery","Emotion Chip","Shovel","Dead Branch","Matryoshka"],"potions_floor_usage":[16],"damage_taken":[{"damage":18.0,"enemies":"Jaw Worm","floor":1.0,"turns":4.0},{"damage":9.0,"enemies":"2 Louse","floor":2.0,"turns":4.0},{"damage":6.0,"enemies":"Cultist","floor":3.0,"turns":3.0},{"damage":12.0,"enemies":"Exordium Thugs","floor":5.0,"turns":5.0},{"damage":15.0,"enemies":"Lagavulin","floor":6.0,"turns":7.0},{"damage":14.0,"enemies":"3 Sentries","floor":8.0,"turns":6.0},{"damage":4.0,"enemies":"Large Slime","floor":11.0,"turns":7.0},{"damage":30.0,"enemies":"Gremlin Nob","floor":14.0,"turns":4.0},{"damage":19,"enemies":"Hexaghost","floor":16,"turns":9}],"seed_played":"-8143675247852630939","potions_obtained":[{"floor":2.0,"key":"Weak Potion"},{"floor":6.0,"key":"Block Potion"},{"floor":8.0,"key":"GamblersBrew"},{"floor":14.0,"key":"Poison Potion"}],"is_trial":false,"path_per_floor":["M","M","M","?","M","E","R","E","T","?","M","R","T","E","R","B"],"character_chosen":"DEFECT","items_purchased":[],"campfire_rested":1,"item_purchase_floors":[],"current_hp_per_floor":[50,41,35,35,30,22,22,15,15,15,18,40,40,17,17,0],"gold":366,"neow_bonus":"BOSS_RELIC","is_prod":false,"is_daily":false,"chose_seed":false,"campfire_upgraded":2,"win_rate":0,"timestamp":1559106690,"path_taken":["M","M","M","?","M","E","R","E","T","?","?","R","?","E","R","BOSS"],"build_version":"2019-01-23","purchased_purges":0,"victory":false,"max_hp_per_floor":[75,75,75,75,75,75,75,75,75,75,75,75,75,75,75,75],"card_choices":[{"not_picked":["Cold Snap","Reinforced Body"],"picked":"Defragment","floor":1.0},{"not_picked":["Auto Shields","Barrage"],"picked":"Sweeping Beam","floor":2.0},{"not_picked":["Steam","Turbo"],"picked":"Self Repair","floor":3.0},{"not_picked":["Turbo","Melter","Redo"],"picked":"SKIP","floor":5.0},{"not_picked":["Ball Lightning","Chill"],"picked":"Sunder","floor":6.0},{"not_picked":["Stack","Streamline"],"picked":"Consume","floor":8.0},{"not_picked":["Chill","Stack"],"picked":"White Noise","floor":11.0},{"not_picked":["Glacier","Core Surge"],"picked":"Seek","floor":14.0}],"player_experience":912203,"relics_obtained":[{"floor":6.0,"key":"Emotion Chip"},{"floor":8.0,"key":"Shovel"},{"floor":9.0,"key":"Dead Branch"},{"floor":14.0,"key":"Matryoshka"}],"event_choices":[{"damage_healed":0.0,"max_hp_gain":0.0,"max_hp_loss":0.0,"gold_gain":0.0,"cards_transformed":["Strike_B"],"event_name":"Living Wall","player_choice":"Change","floor":4.0,"gold_loss":0.0,"damage_taken":0.0,"cards_obtained":["Cold Snap"]},{"damage_healed":0.0,"max_hp_gain":0.0,"max_hp_loss":0.0,"gold_gain":100.0,"event_name":"Golden Shrine","player_choice":"Pray","floor":10.0,"gold_loss":0.0,"damage_taken":0.0}],"is_beta":false,"boss_relics":[],"items_purged_floors":[],"is_endless":false,"potions_floor_spawned":[2,6,8,14],"killed_by":"Hexaghost","ascension_level":10}