{"gold_per_floor":[118,133,39,52,64,64,81,111,111,111,126,126,126,151,151,249,249,268,367,386,34,45,45,78,78,105,105,3,3,3,22,22,127,127,138,151,151,151,77,77,103,103,103,103,103,135,155,29,29,29],"floor_reached":51,"playtime":1766,"items_purged":[],"score":983,"play_id":"273b2fda-9d91-4776-a6f1-0dfaadbde211","local_time":"20190520211242","is_ascension_mode":true,"campfire_choices":[{"data":"A Thousand Cuts","floor":6.0,"key":"SMITH"},{"floor":10.0,"key":"REST"},{"data":"Neutralize","floor":13.0,"key":"SMITH"},{"data":"Blade Dance","floor":15.0,"key":"SMITH"},{"data":"Apotheosis","floor":23.0,"key":"SMITH"},{"data":"Footwork","floor":27.0,"key":"SMITH"},{"data":"Adrenaline","floor":32.0,"key":"SMITH"},{"data":"After Image","floor":40.0,"key":"SMITH"},{"data":"Accuracy","floor":42.0,"key":"SMITH"},{"floor":45.0,"key":"REST"},{"data":"Envenom","floor":49,"key":"SMITH"}],"neow_cost":"NONE","seed_source_timestamp":36206151174872,"circlet_count":0,"master_deck":["Defend_G","Defend_G","Defend_G","Defend_G+1","Defend_G+1","Strike_G","Strike_G","Strike_G","Strike_G","Strike_G","Survivor","Neutralize+1","A Thousand Cuts+1","Backflip","Blade Dance+1","Backstab","Dagger Spray","Blade Dance","Cloak And Dagger+1","Escape Plan","Adrenaline","Backstab","Blade Dance","Footwork+1","Apotheosis+1","Adrenaline+1","Backstab","Backstab","Well Laid Plans","After Image+1","Blur+1","Deep Breath","Accuracy+1","Envenom+1","Finisher"],"special_seed":0,"relics":["Ring of the Snake","Ginger","Bottled Flame","Matryoshka","WristBlade","Juzu Bracelet","Question Card","War Paint","Unceasing Top","Omamori","Nloth\u0027s Gift","Cursed Key","Tingsha","Snake Skull","Bronze Scales"],"potions_floor_usage":[50,50],"damage_taken":[{"damage":0.0,"enemies":"Cultist","floor":1.0,"turns":4.0},{"damage":0.0,"enemies":"Small Slimes","floor":2.0,"turns":5.0},{"damage":0.0,"enemies":"2 Louse","floor":4.0,"turns":2.0},{"damage":15.0,"enemies":"Exordium Wildlife","floor":5.0,"turns":6.0},{"damage":12.0,"enemies":"Large Slime","floor":7.0,"turns":6.0},{"damage":22.0,"enemies":"Lagavulin","floor":8.0,"turns":7.0},{"damage":13.0,"enemies":"Lots of Slimes","floor":11.0,"turns":2.0},{"damage":14.0,"enemies":"3 Sentries","floor":14.0,"turns":4.0},{"damage":2.0,"enemies":"Hexaghost","floor":16.0,"turns":9.0},{"damage":0.0,"enemies":"Chosen","floor":18.0,"turns":4.0},{"damage":0.0,"enemies":"Shell Parasite","floor":20.0,"turns":2.0},{"damage":0.0,"enemies":"Chosen and Byrds","floor":22.0,"turns":4.0},{"damage":12.0,"enemies":"Slavers","floor":24.0,"turns":3.0},{"damage":2.0,"enemies":"Cultist and Chosen","floor":31.0,"turns":4.0},{"damage":46.0,"enemies":"Automaton","floor":33.0,"turns":8.0},{"damage":0.0,"enemies":"Orb Walker","floor":35.0,"turns":2.0},{"damage":12.0,"enemies":"3 Darklings","floor":36.0,"turns":7.0},{"damage":7.0,"enemies":"Reptomancer","floor":41.0,"turns":6.0},{"damage":0.0,"enemies":"Giant Head","floor":46.0,"turns":7.0},{"damage":0,"enemies":"Spire Growth","floor":47,"turns":3},{"damage":47,"enemies":"Time Eater","floor":50,"turns":10}],"seed_played":"60371209109620557","potions_obtained":[{"floor":2.0,"key":"Swift Potion"},{"floor":5.0,"key":"SteroidPotion"},{"floor":14.0,"key":"Dexterity Potion"},{"floor":16.0,"key":"Weak Potion"},{"floor":18.0,"key":"Energy Potion"},{"floor":36.0,"key":"FairyPotion"}],"is_trial":false,"path_per_floor":["M","M","$","M","M","R","M","E","T","R","M","?","R","E","R","B",null,"M","?","M","$","M","R","E","T","T","R","$","?","$","M","R","B",null,"M","M","?","?","$","R","E","R","T","$","R","E","M","$","R","B",null],"character_chosen":"THE_SILENT","items_purchased":["Blade Dance","Backstab","Footwork","Juzu Bracelet","Apotheosis","Backstab","Well Laid Plans","Accuracy","Finisher","PowerPotion"],"campfire_rested":2,"item_purchase_floors":[3,3,21,21,21,28,28,39,48,48],"current_hp_per_floor":[70,70,70,70,55,55,43,21,21,42,29,29,29,15,15,13,56,56,56,56,56,56,56,44,44,54,54,54,54,54,52,52,6,62,62,50,50,50,50,50,43,43,43,43,67,67,67,67,67,20],"gold":29,"neow_bonus":"ONE_RANDOM_RARE_CARD","is_prod":false,"is_daily":false,"chose_seed":false,"campfire_upgraded":9,"win_rate":0,"timestamp":1558379562,"path_taken":["M","M","$","?","M","R","M","E","T","R","?","?","R","E","R","BOSS","M","?","M","$","M","R","E","?","T","R","$","?","$","M","R","BOSS","M","M","?","?","$","R","E","R","T","?","R","E","M","$","R","BOSS"],"build_version":"2019-01-23","purchased_purges":0,"victory":true,"max_hp_per_floor":[70,70,70,70,70,70,70,70,70,70,70,70,70,70,70,70,70,70,70,70,70,70,70,70,70,80,80,80,80,80,80,80,80,80,80,80,80,80,80,80,80,80,80,80,80,80,80,80,80,80],"card_choices":[{"not_picked":["Prepared","Underhanded Strike"],"picked":"Backflip","floor":1.0},{"not_picked":["Backflip","Venomology","Caltrops"],"picked":"SKIP","floor":2.0},{"not_picked":["All Out Attack","Sucker Punch","Backflip"],"picked":"SKIP","floor":4.0},{"not_picked":["Tactician","Backflip","Dagger Spray"],"picked":"SKIP","floor":5.0},{"not_picked":["Tactician","Backflip"],"picked":"Dagger Spray","floor":5.0},{"not_picked":["Setup","Flechettes"],"picked":"Blade Dance","floor":7.0},{"not_picked":["PiercingWail","Sucker Punch","Outmaneuver"],"picked":"SKIP","floor":8.0},{"not_picked":["Prepared","Poisoned Stab"],"picked":"Cloak And Dagger","floor":11.0},{"not_picked":["Deflect","Choke"],"picked":"Escape Plan","floor":14.0},{"not_picked":["Glass Knife","Doppelganger"],"picked":"Adrenaline","floor":16.0},{"not_picked":["PiercingWail","Catalyst+1"],"picked":"Backstab","floor":18.0},{"not_picked":["Blur+1","Outmaneuver+1"],"picked":"Blade Dance","floor":20.0},{"not_picked":["Flying Knee","Sucker Punch+1"],"picked":"Adrenaline","floor":22.0},{"not_picked":["Calculated Gamble+1","All Out Attack"],"picked":"Backstab","floor":24.0},{"not_picked":["Well Laid Plans","Backflip","Outmaneuver","PiercingWail"],"picked":"SKIP","floor":31.0},{"not_picked":["Tools of the Trade","Unload","Glass Knife"],"picked":"After Image","floor":33.0},{"not_picked":["PiercingWail","Reflex+1","Leg Sweep+1","Tactician"],"picked":"SKIP","floor":35.0},{"not_picked":["Unload","Expertise","Bane"],"picked":"Blur+1","floor":36.0},{"not_picked":["Apotheosis","Swift Strike","Forethought"],"picked":"Deep Breath","floor":37.0},{"not_picked":["Quick Slash","Grand Finale","Burst","Sucker Punch"],"picked":"SKIP","floor":41.0},{"not_picked":["Underhanded Strike+1","Footwork","Dodge and Roll+1"],"picked":"Envenom","floor":46.0},{"not_picked":["Noxious Fumes","Crippling Poison","Cloak And Dagger","Slice+1"],"picked":"SKIP","floor":47}],"player_experience":78981,"relics_obtained":[{"floor":8.0,"key":"Ginger"},{"floor":9.0,"key":"Bottled Flame"},{"floor":14.0,"key":"Matryoshka"},{"floor":24.0,"key":"Question Card"},{"floor":25.0,"key":"War Paint"},{"floor":25.0,"key":"Unceasing Top"},{"floor":26.0,"key":"Pear"},{"floor":26.0,"key":"Omamori"},{"floor":41.0,"key":"Tingsha"},{"floor":43.0,"key":"Snake Skull"},{"floor":46.0,"key":"Bronze Scales"}],"event_choices":[{"damage_healed":0.0,"max_hp_gain":0.0,"max_hp_loss":0.0,"gold_gain":0.0,"event_name":"Living Wall","player_choice":"Grow","floor":12.0,"gold_loss":0.0,"damage_taken":0.0,"cards_upgraded":["Cloak And Dagger"]},{"damage_healed":0.0,"max_hp_gain":0.0,"max_hp_loss":0.0,"gold_gain":99.0,"event_name":"Nest","player_choice":"Stole From Cult","floor":19.0,"gold_loss":0.0,"damage_taken":0.0},{"damage_healed":0.0,"max_hp_gain":0.0,"max_hp_loss":0.0,"gold_gain":0.0,"event_name":"N\u0027loth","player_choice":"Traded Relic","floor":29.0,"relics_lost":["Pear"],"gold_loss":0.0,"damage_taken":0.0,"relics_obtained":["Nloth\u0027s Gift"]},{"damage_healed":0.0,"max_hp_gain":0.0,"max_hp_loss":0.0,"gold_gain":0.0,"event_name":"SensoryStone","player_choice":"Memory 1","floor":37.0,"gold_loss":0.0,"damage_taken":0.0},{"damage_healed":0.0,"max_hp_gain":0.0,"max_hp_loss":0.0,"gold_gain":0.0,"event_name":"Transmorgrifier","player_choice":"Ignored","floor":38.0,"gold_loss":0.0,"damage_taken":0.0}],"is_beta":false,"boss_relics":[{"not_picked":["HoveringKite","Runic Pyramid"],"picked":"WristBlade"},{"not_picked":["Philosopher\u0027s Stone","Astrolabe"],"picked":"Cursed Key"}],"items_purged_floors":[],"is_endless":false,"potions_floor_spawned":[2,5,14,16,18,22,24,36],"ascension_level":5}