{"gold_per_floor":[114,37,51,71,71,100,100,118,143,157,174,174,174,202,214,324,336,364,386,398,422,533,545,567,579,591,634,228,239,239,239,239,334,334,350,360,360,69,69,69,100,100],"floor_reached":42,"playtime":4521,"items_purged":["Strike_B"],"score":570,"play_id":"db24465e-ea50-4b76-a0c5-3027b5ebc96e","local_time":"20190529141704","is_ascension_mode":true,"campfire_choices":[{"floor":7.0,"key":"REST"},{"data":"Zap","floor":13.0,"key":"SMITH"},{"data":"Beam Cell","floor":15.0,"key":"SMITH"},{"floor":23.0,"key":"REST"},{"floor":25.0,"key":"REST"},{"floor":30.0,"key":"REST"},{"floor":32.0,"key":"REST"},{"data":"Madness","floor":40,"key":"SMITH"}],"neow_cost":"NONE","seed_source_timestamp":1994326804326173,"circlet_count":0,"master_deck":["Strike_B+1","Strike_B","Strike_B","Defend_B","Defend_B","Defend_B","Defend_B+1","Zap+1","Dualcast+1","Impatience","Capacitor","Defragment","Beam Cell+1","Force Field+1","Sweeping Beam","Coolheaded","Leap","Thunder Strike","Capacitor","Electrodynamics","Conserve Battery","Sunder+1","Self Repair","Conserve Battery","Go for the Eyes","Loop","Seek","Compile Driver+1","Madness","Madness+1","Ball Lightning"],"special_seed":0,"relics":["FrozenCore","Pen Nib","War Paint","MawBank","Nuclear Battery","Ornamental Fan","Letter Opener","Anchor","Oddly Smooth Stone","Shuriken"],"potions_floor_usage":[],"damage_taken":[{"damage":1.0,"enemies":"Cultist","floor":1.0,"turns":3.0},{"damage":11.0,"enemies":"Jaw Worm","floor":3.0,"turns":4.0},{"damage":7.0,"enemies":"Small Slimes","floor":4.0,"turns":4.0},{"damage":18.0,"enemies":"Gremlin Nob","floor":6.0,"turns":3.0},{"damage":11.0,"enemies":"Exordium Thugs","floor":8.0,"turns":4.0},{"damage":17.0,"enemies":"Large Slime","floor":10.0,"turns":5.0},{"damage":6.0,"enemies":"2 Fungi Beasts","floor":11.0,"turns":2.0},{"damage":30.0,"enemies":"3 Sentries","floor":14.0,"turns":6.0},{"damage":29.0,"enemies":"The Guardian","floor":16.0,"turns":13.0},{"damage":13.0,"enemies":"Spheric Guardian","floor":18.0,"turns":6.0},{"damage":7.0,"enemies":"Chosen","floor":19.0,"turns":4.0},{"damage":24.0,"enemies":"Snecko","floor":21.0,"turns":5.0},{"damage":16.0,"enemies":"3 Cultists","floor":24.0,"turns":5.0},{"damage":18.0,"enemies":"Slavers","floor":27.0,"turns":5.0},{"damage":12.0,"enemies":"Chosen and Byrds","floor":29.0,"turns":7.0},{"damage":58,"enemies":"Champ","floor":33,"turns":13},{"damage":8,"enemies":"Orb Walker","floor":35,"turns":4},{"damage":19,"enemies":"3 Darklings","floor":36,"turns":5},{"damage":65,"enemies":"Giant Head","floor":41,"turns":10},{"damage":9,"enemies":"Jaw Worm Horde","floor":42,"turns":2}],"seed_played":"8005016148714612298","potions_obtained":[{"floor":3.0,"key":"Strength Potion"},{"floor":4.0,"key":"FearPotion"},{"floor":6.0,"key":"FearPotion"},{"floor":11.0,"key":"Energy Potion"},{"floor":21.0,"key":"SkillPotion"},{"floor":29.0,"key":"Strength Potion"},{"floor":33,"key":"SpeedPotion"},{"floor":41,"key":"FocusPotion"}],"is_trial":false,"path_per_floor":["M","$","M","M","?","E","R","M","T","M","M","?","R","E","R","B",null,"M","M","$","M","?","R","M","R","T","E","$","M","R","?","R","B",null,"M","M","?","$","?","R","E","M"],"character_chosen":"DEFECT","items_purchased":["Defragment","Letter Opener","Self Repair","Conserve Battery","Anchor","Oddly Smooth Stone"],"campfire_rested":5,"item_purchase_floors":[2,28,28,28,38,38],"current_hp_per_floor":[74,74,63,56,41,23,45,34,34,17,11,75,75,45,45,16,60,47,40,40,16,16,38,22,44,44,26,26,21,43,43,65,14,60,52,40,31,31,66,66,8,0],"gold":100,"neow_bonus":"RANDOM_COLORLESS","is_prod":false,"is_daily":false,"chose_seed":false,"campfire_upgraded":3,"win_rate":0,"timestamp":1559153824,"path_taken":["M","?","M","M","?","E","R","M","T","M","M","?","R","E","R","BOSS","M","M","$","M","?","R","M","R","T","E","$","M","R","?","R","BOSS","M","M","?","$","?","R","E","M"],"build_version":"2019-01-23","purchased_purges":1,"victory":false,"max_hp_per_floor":[75,75,75,75,75,75,75,75,75,75,75,75,75,75,75,75,75,75,75,75,75,75,75,75,75,75,75,75,75,75,75,75,75,75,75,75,75,75,66,66,66,66],"card_choices":[{"not_picked":["Stack","Steam"],"picked":"Capacitor","floor":1.0},{"not_picked":["Hologram","Double Energy"],"picked":"Beam Cell","floor":3.0},{"not_picked":["Steam","BootSequence"],"picked":"Force Field","floor":4.0},{"not_picked":["Steam","Leap"],"picked":"Sweeping Beam","floor":6.0},{"not_picked":["Steam","Cold Snap"],"picked":"Coolheaded","floor":8.0},{"not_picked":["White Noise","Hello World"],"picked":"Leap","floor":10.0},{"not_picked":["Steam","Glacier"],"picked":"Thunder Strike","floor":11.0},{"not_picked":["Sweeping Beam","BootSequence"],"picked":"Capacitor","floor":14.0},{"not_picked":["Fission","Rainbow"],"picked":"Electrodynamics","floor":16.0},{"not_picked":["Streamline","Undo+1","Steam Power"],"picked":"SKIP","floor":18.0},{"not_picked":["Compile Driver","Rebound"],"picked":"Conserve Battery","floor":19.0},{"not_picked":["Gash","Leap"],"picked":"Sunder+1","floor":21.0},{"not_picked":["Turbo+1","Streamline","Gash"],"picked":"SKIP","floor":24.0},{"not_picked":["Streamline+1","Fission","Biased Cognition"],"picked":"SKIP","floor":27.0},{"not_picked":["Hello World","Turbo"],"picked":"Go for the Eyes","floor":29.0},{"not_picked":["Electrodynamics","Biased Cognition"],"picked":"Seek","floor":33},{"not_picked":["Doom and Gloom","Chill+1","Aggregate+1"],"picked":"SKIP","floor":35},{"not_picked":["Turbo+1","Steam"],"picked":"Compile Driver+1","floor":36},{"not_picked":["Beam Cell+1","Sweeping Beam"],"picked":"Ball Lightning","floor":41}],"player_experience":298947,"relics_obtained":[{"floor":6.0,"key":"Pen Nib"},{"floor":9.0,"key":"War Paint"},{"floor":14.0,"key":"MawBank"},{"floor":27.0,"key":"Ornamental Fan"},{"floor":41,"key":"Shuriken"}],"event_choices":[{"damage_healed":0.0,"max_hp_gain":0.0,"max_hp_loss":0.0,"gold_gain":0.0,"event_name":"Shining Light","player_choice":"Entered Light","floor":5.0,"gold_loss":0.0,"damage_taken":15.0,"cards_upgraded":["Dualcast","Strike_B"]},{"damage_healed":64.0,"max_hp_gain":0.0,"max_hp_loss":0.0,"gold_gain":0.0,"event_name":"Wheel of Change","player_choice":"Full Heal","floor":12.0,"gold_loss":0.0,"damage_taken":0.0},{"damage_healed":0.0,"max_hp_gain":0.0,"max_hp_loss":0.0,"gold_gain":99.0,"event_name":"Nest","player_choice":"Stole From Cult","floor":22.0,"gold_loss":0.0,"damage_taken":0.0},{"damage_healed":0.0,"max_hp_gain":0.0,"max_hp_loss":0.0,"gold_gain":0.0,"event_name":"The Library","player_choice":"Read","floor":31.0,"gold_loss":0.0,"damage_taken":0.0,"cards_obtained":["Loop"]},{"damage_healed":0,"gold_gain":0,"player_choice":"Embrace Madness","damage_taken":9,"max_hp_gain":0,"max_hp_loss":0,"event_name":"Winding Halls","floor":37,"gold_loss":0,"cards_obtained":["Madness","Madness"]},{"damage_healed":66,"gold_gain":0,"player_choice":"Heal","damage_taken":0,"max_hp_gain":0,"max_hp_loss":9,"event_name":"The Moai Head","floor":39,"gold_loss":0}],"is_beta":false,"boss_relics":[{"not_picked":["Lizard Tail","Ectoplasm"],"picked":"Nuclear Battery"},{"not_picked":["Eternal Feather","Inserter"],"picked":"FrozenCore"}],"items_purged_floors":[28],"is_endless":false,"potions_floor_spawned":[3,4,6,11,21,29,33,41],"killed_by":"Jaw Worm Horde","ascension_level":5}