{"gold_per_floor":[219,233,252,252,70,70,70,70,70,86,98,21,21,31,31,135,135,147,147,65,65,5,5,21,21,321,236,236,236,236,236],"floor_reached":31,"playtime":2454,"items_purged":[],"score":271,"play_id":"eceb4116-c1d7-4eca-b754-ff95c972763e","local_time":"20190216201457","is_ascension_mode":false,"campfire_choices":[{"floor":6,"key":"REST"},{"data":"All Out Attack","floor":8,"key":"SMITH"},{"data":"Well Laid Plans","floor":13,"key":"SMITH"},{"data":"Blade Dance","floor":15,"key":"SMITH"},{"data":"A Thousand Cuts","floor":23,"key":"SMITH"},{"data":"Infinite Blades","floor":25,"key":"SMITH"}],"neow_cost":"NONE","seed_source_timestamp":341113841779604,"circlet_count":0,"master_deck":["Defend_G","Defend_G","Defend_G","Defend_G","Defend_G","Survivor","Neutralize","Quick Slash","Choke","Blade Dance+1","Dodge and Roll","All Out Attack+1","Infinite Blades+1","Flying Knee","Leg Sweep","Well Laid Plans+1","Crippling Poison","A Thousand Cuts+1","Finisher","Footwork","Bite","Bite","Bite","Bite","Bite","Cloak And Dagger+1","PiercingWail","Ghostly","Ghostly","Ghostly","Ghostly","Ghostly"],"relics":["Ring of the Snake","Gremlin Horn","FaceOfCleric","Torii","Black Star","Juzu Bracelet","Nloth\u0027s Gift"],"potions_floor_usage":[30],"damage_taken":[{"damage":0,"enemies":"Jaw Worm","floor":1,"turns":5},{"damage":1,"enemies":"Small Slimes","floor":2,"turns":3},{"damage":0,"enemies":"Cultist","floor":3,"turns":3},{"damage":1,"enemies":"Large Slime","floor":10,"turns":5},{"damage":1,"enemies":"2 Fungi Beasts","floor":11,"turns":3},{"damage":1,"enemies":"Exordium Thugs","floor":14,"turns":3},{"damage":20,"enemies":"The Guardian","floor":16,"turns":14},{"damage":17,"enemies":"Shell Parasite","floor":18,"turns":8},{"damage":7,"enemies":"2 Thieves","floor":22,"turns":4},{"damage":19,"enemies":"Snake Plant","floor":24,"turns":7},{"damage":16,"enemies":"Chosen and Byrds","floor":31,"turns":6}],"seed_played":"3670309815223697819","potions_obtained":[{"floor":1,"key":"AttackPotion"},{"floor":10,"key":"Regen Potion"},{"floor":11,"key":"SpeedPotion"},{"floor":30,"key":"Fruit Juice"}],"is_trial":false,"path_per_floor":["?","?","M","?","?","?","?","?","?"],"character_chosen":"THE_SILENT","items_purchased":["Dodge and Roll","All Out Attack","Infinite Blades","Well Laid Plans","Footwork"],"campfire_rested":1,"item_purchase_floors":[5,5,5,12,20],"current_hp_per_floor":[70,69,69,44,44,65,65,65,65,65,65,65,65,65,65,46,74,58,44,44,44,44,44,36,36,36,36,36,29,34,20],"gold":236,"neow_bonus":"HUNDRED_GOLD","is_prod":false,"is_daily":false,"chose_seed":false,"campfire_upgraded":5,"win_rate":0.0,"timestamp":1550366097,"path_taken":["M","M","M","?","$","R","?","R","T","?","M","$","R","M","R","BOSS","M","?","$","?","M","R","M","R","T","?","?","?","?","M"],"build_version":"2019-01-23","purchased_purges":0,"victory":false,"max_hp_per_floor":[70,70,70,70,70,70,70,70,70,71,72,72,72,73,73,74,74,75,80,80,56,57,57,58,58,58,58,58,29,34,34],"card_choices":[{"not_picked":["Eviscerate","Deflect"],"picked":"Quick Slash","floor":1},{"not_picked":["Cloak And Dagger","Underhanded Strike"],"picked":"Choke","floor":2},{"not_picked":["Escape Plan","Sucker Punch"],"picked":"Blade Dance","floor":3},{"not_picked":["Sucker Punch","Reflex"],"picked":"Flying Knee","floor":10},{"not_picked":["Outmaneuver","Tactician"],"picked":"Leg Sweep","floor":11},{"not_picked":["Deadly Poison","Tactician"],"picked":"Crippling Poison","floor":14},{"not_picked":["Malaise","Tools of the Trade"],"picked":"A Thousand Cuts","floor":16},{"not_picked":["Underhanded Strike","Sucker Punch+1"],"picked":"Finisher","floor":18},{"not_picked":["Dagger Throw+1","All Out Attack"],"picked":"Cloak And Dagger+1","floor":22},{"not_picked":["Eviscerate","Heel Hook"],"picked":"PiercingWail","floor":24}],"player_experience":51436,"relics_obtained":[{"floor":9,"key":"Torii"},{"floor":26,"key":"Old Coin"}],"event_choices":[{"damage_healed":0,"gold_gain":0,"player_choice":"Success","damage_taken":25,"relics_obtained":["Gremlin Horn"],"max_hp_gain":0,"max_hp_loss":0,"event_name":"Scrap Ooze","floor":4,"gold_loss":0},{"damage_healed":0,"gold_gain":0,"player_choice":"Trade","damage_taken":0,"relics_obtained":["FaceOfCleric"],"max_hp_gain":0,"max_hp_loss":0,"event_name":"FaceTrader","floor":7,"gold_loss":0},{"damage_healed":0,"gold_gain":0,"player_choice":"Shed Blood","damage_taken":19,"max_hp_gain":5,"max_hp_loss":0,"event_name":"Forgotten Altar","floor":19,"gold_loss":0},{"damage_healed":0,"gold_gain":0,"player_choice":"Became a vampire","damage_taken":0,"max_hp_gain":0,"max_hp_loss":24,"event_name":"Vampires","floor":21,"gold_loss":0,"cards_obtained":["Bite","Bite","Bite","Bite","Bite"]},{"damage_healed":0,"gold_gain":0,"player_choice":"Obtained Relic","damage_taken":0,"relics_obtained":["Juzu Bracelet"],"max_hp_gain":0,"max_hp_loss":0,"event_name":"Addict","floor":27,"gold_loss":85},{"damage_healed":0,"gold_gain":0,"player_choice":"Traded Relic","damage_taken":0,"relics_obtained":["Nloth\u0027s Gift"],"max_hp_gain":0,"max_hp_loss":0,"event_name":"N\u0027loth","floor":28,"relics_lost":["Old Coin"],"gold_loss":0},{"damage_healed":0,"gold_gain":0,"player_choice":"Became a Ghost","damage_taken":0,"max_hp_gain":0,"max_hp_loss":29,"event_name":"Ghosts","floor":29,"gold_loss":0,"cards_obtained":["Ghostly","Ghostly","Ghostly","Ghostly","Ghostly"]},{"damage_healed":0,"gold_gain":0,"player_choice":"Got Potions","damage_taken":0,"max_hp_gain":0,"max_hp_loss":0,"event_name":"Lab","floor":30,"gold_loss":0}],"is_beta":false,"boss_relics":[{"not_picked":["Calling Bell","Lizard Tail"],"picked":"Black Star"}],"items_purged_floors":[],"is_endless":false,"potions_floor_spawned":[1,10,11,18],"killed_by":"Chosen and Byrds","ascension_level":0}