{"gold_per_floor":[112,123,123,136,136,166,166,199,199,262,280,280,280,294,294,294],"floor_reached":16,"playtime":307,"items_purged":[],"score":222,"play_id":"8ac4240c-bd5c-4d1e-a549-4293b3b253fc","local_time":"20190409031108","is_ascension_mode":true,"campfire_choices":[{"data":"Immolate","floor":7.0,"key":"SMITH"},{"data":"Feed","floor":12.0,"key":"SMITH"},{"data":"Uppercut","floor":15.0,"key":"SMITH"}],"neow_cost":"NONE","seed_source_timestamp":189982641033993,"circlet_count":0,"master_deck":["AscendersBane","Strike_R","Strike_R","Strike_R","Strike_R","Strike_R","Defend_R","Defend_R","Defend_R","Defend_R","Bash","Shrug It Off","Disarm","Feed+1","Immolate+1","Fiend Fire","Uppercut+1","Seeing Red+1","Headbutt","True Grit+1"],"special_seed":0,"relics":["Burning Blood","NeowsBlessing","Darkstone Periapt","Pear","Toxic Egg 2","Tiny Chest","Singing Bowl"],"potions_floor_usage":[],"damage_taken":[{"damage":0.0,"enemies":"Cultist","floor":1.0,"turns":1.0},{"damage":0.0,"enemies":"Small Slimes","floor":2.0,"turns":1.0},{"damage":0.0,"enemies":"Jaw Worm","floor":4.0,"turns":1.0},{"damage":24.0,"enemies":"Gremlin Nob","floor":6.0,"turns":4.0},{"damage":7.0,"enemies":"3 Sentries","floor":8.0,"turns":4.0},{"damage":47.0,"enemies":"Lagavulin","floor":10.0,"turns":8.0},{"damage":0.0,"enemies":"Gremlin Gang","floor":11.0,"turns":1.0},{"damage":7.0,"enemies":"Exordium Wildlife","floor":14.0,"turns":2.0},{"damage":36,"enemies":"Hexaghost","floor":16,"turns":11}],"seed_played":"2702533799775830223","potions_obtained":[{"floor":1.0,"key":"Fire Potion"},{"floor":6.0,"key":"SteroidPotion"}],"is_trial":false,"path_per_floor":["M","M","?","M","?","E","R","E","T","E","M","R","T","M","R","B"],"character_chosen":"IRONCLAD","items_purchased":[],"campfire_rested":0,"item_purchase_floors":[],"current_hp_per_floor":[74,75,75,75,75,57,57,69,69,28,34,34,34,33,33,0],"gold":294,"neow_bonus":"THREE_ENEMY_KILL","is_prod":false,"is_daily":false,"chose_seed":false,"campfire_upgraded":3,"win_rate":0,"timestamp":1554747068,"path_taken":["M","?","?","M","?","E","R","E","T","E","?","R","?","M","R","BOSS"],"build_version":"2019-01-23","purchased_purges":0,"victory":false,"max_hp_per_floor":[75,75,75,75,75,75,75,88,88,88,88,88,88,88,88,88],"card_choices":[{"not_picked":["Corruption","Body Slam"],"picked":"Shrug It Off","floor":1.0},{"not_picked":["Iron Wave","True Grit"],"picked":"Disarm","floor":2.0},{"not_picked":["Ghostly Armor","Disarm"],"picked":"Feed","floor":4.0},{"not_picked":["Perfected Strike","Body Slam"],"picked":"Fiend Fire","floor":6.0},{"not_picked":["Headbutt","Carnage"],"picked":"Uppercut","floor":8.0},{"not_picked":["Pommel Strike","True Grit+1"],"picked":"Seeing Red+1","floor":10.0},{"not_picked":["Combust","Infernal Blade+1"],"picked":"Headbutt","floor":11.0},{"not_picked":["Blood for Blood","Clash"],"picked":"True Grit+1","floor":14.0}],"player_experience":440593,"relics_obtained":[{"floor":6.0,"key":"Darkstone Periapt"},{"floor":8.0,"key":"Pear"},{"floor":9.0,"key":"Toxic Egg 2"},{"floor":10.0,"key":"Tiny Chest"},{"floor":13.0,"key":"Singing Bowl"}],"event_choices":[{"damage_healed":0.0,"max_hp_gain":0.0,"max_hp_loss":0.0,"gold_gain":0.0,"event_name":"Liars Game","player_choice":"Ignored","floor":3.0,"gold_loss":0.0,"damage_taken":0.0},{"damage_healed":0.0,"max_hp_gain":0.0,"max_hp_loss":0.0,"gold_gain":0.0,"event_name":"Match and Keep!","player_choice":"1 cards matched","floor":5.0,"gold_loss":0.0,"damage_taken":0.0,"cards_obtained":["Immolate"]}],"is_beta":false,"boss_relics":[],"items_purged_floors":[],"is_endless":false,"potions_floor_spawned":[1,6,8,10,14],"killed_by":"Hexaghost","ascension_level":17}