{"gold_per_floor":[99,99,99,99,99,99,99,99,99,99,99,99,99,99,99,99,99,99,39,39,39,39,39,39],"floor_reached":24,"playtime":2294,"items_purged":[],"score":363,"play_id":"5f47fba7-2a64-4e4c-a10d-b3ee233b9e5c","local_time":"20190530142518","is_ascension_mode":true,"campfire_choices":[{"data":"Neutralize","floor":6.0,"key":"SMITH"},{"data":"Die Die Die","floor":8.0,"key":"SMITH"},{"data":"Wraith Form v2","floor":11.0,"key":"SMITH"},{"data":"Noxious Fumes","floor":15.0,"key":"SMITH"}],"neow_cost":"NONE","seed_source_timestamp":986404142128159,"circlet_count":0,"master_deck":["AscendersBane","Neutralize+1","Dodge and Roll","Bouncing Flask","Caltrops","Die Die Die+1","Wraith Form v2+1","Leg Sweep","Noxious Fumes+1","Burst","Blade Dance","Night Terror","Footwork","Cloak And Dagger","Blade Dance","After Image","Catalyst","Burst","Leg Sweep","Deflect+1","Deadly Poison","Crippling Poison","Dodge and Roll","Backflip"],"special_seed":0,"relics":["Ectoplasm","Bottled Tornado","Anchor","Ornamental Fan","Potion Belt","Pandora\u0027s Box","Dodecahedron"],"potions_floor_usage":[23],"damage_taken":[{"damage":3.0,"enemies":"Small Slimes","floor":1.0,"turns":5.0},{"damage":0.0,"enemies":"Cultist","floor":3.0,"turns":5.0},{"damage":2.0,"enemies":"2 Louse","floor":4.0,"turns":2.0},{"damage":24.0,"enemies":"Gremlin Nob","floor":7.0,"turns":5.0},{"damage":16.0,"enemies":"3 Sentries","floor":10.0,"turns":7.0},{"damage":5.0,"enemies":"Gremlin Nob","floor":12.0,"turns":6.0},{"damage":0.0,"enemies":"Large Slime","floor":13.0,"turns":7.0},{"damage":15.0,"enemies":"The Guardian","floor":16.0,"turns":10.0},{"damage":0.0,"enemies":"Shell Parasite","floor":18.0,"turns":5.0},{"damage":0.0,"enemies":"2 Thieves","floor":19.0,"turns":4.0},{"damage":1.0,"enemies":"Snake Plant","floor":21.0,"turns":4.0},{"damage":9,"enemies":"Slavers","floor":23,"turns":6},{"damage":40,"enemies":"Masked Bandits","floor":24,"turns":3}],"seed_played":"-2734721765244801476","potions_obtained":[{"floor":1.0,"key":"LiquidBronze"},{"floor":10.0,"key":"GhostInAJar"},{"floor":12.0,"key":"Dexterity Potion"},{"floor":16.0,"key":"Strength Potion"},{"floor":18.0,"key":"Fruit Juice"},{"floor":19.0,"key":"Swift Potion"},{"floor":23,"key":"LiquidBronze"}],"is_trial":false,"path_per_floor":["M","?","M","M","T","R","E","R","T","E","R","E","M","?","R","B",null,"M","M","?","M","?","E","?"],"character_chosen":"THE_SILENT","items_purchased":[],"campfire_rested":0,"item_purchase_floors":[],"current_hp_per_floor":[60,60,60,58,58,58,34,34,34,18,18,13,13,36,36,21,58,63,63,63,62,48,39,0],"gold":39,"neow_bonus":"BOSS_RELIC","is_prod":false,"is_daily":false,"chose_seed":false,"campfire_upgraded":4,"win_rate":0,"timestamp":1559206518,"path_taken":["M","?","M","?","?","R","E","R","T","E","R","E","M","?","R","BOSS","M","M","?","M","?","E","?"],"build_version":"2019-01-23","purchased_purges":0,"victory":false,"max_hp_per_floor":[70,70,70,70,70,70,70,70,70,70,70,70,70,70,70,70,70,75,75,75,75,80,80,80],"card_choices":[{"not_picked":["Blur","Backflip"],"picked":"Dodge and Roll","floor":1.0},{"not_picked":["All Out Attack","Masterful Stab"],"picked":"Bouncing Flask","floor":3.0},{"not_picked":["Prepared","Acrobatics"],"picked":"Caltrops","floor":4.0},{"not_picked":["Crippling Poison","Malaise"],"picked":"Die Die Die","floor":7.0},{"not_picked":["Deflect","Reflex"],"picked":"Wraith Form v2","floor":10.0},{"not_picked":["Deflect","Setup"],"picked":"Leg Sweep","floor":12.0},{"not_picked":["Bouncing Flask","Riddle With Holes"],"picked":"Noxious Fumes","floor":13.0},{"not_picked":["Storm of Steel","Tools of the Trade"],"picked":"Burst","floor":16.0},{"not_picked":["All Out Attack+1","Sucker Punch"],"picked":"Leg Sweep","floor":18.0},{"not_picked":["Dash","Dagger Throw+1"],"picked":"Deflect+1","floor":19.0},{"not_picked":["Calculated Gamble","Bane"],"picked":"Dodge and Roll","floor":21.0},{"not_picked":["Crippling Poison","Slice"],"picked":"Backflip","floor":23}],"player_experience":967335,"relics_obtained":[{"floor":7.0,"key":"Bottled Tornado"},{"floor":9.0,"key":"Anchor"},{"floor":10.0,"key":"Ornamental Fan"},{"floor":12.0,"key":"Potion Belt"},{"floor":23,"key":"Dodecahedron"}],"event_choices":[{"cards_removed":["Strike_G"],"damage_healed":0.0,"max_hp_gain":0.0,"max_hp_loss":0.0,"gold_gain":0.0,"event_name":"Purifier","player_choice":"Purged","floor":2.0,"gold_loss":0.0,"damage_taken":0.0},{"damage_healed":23.0,"max_hp_gain":0.0,"max_hp_loss":0.0,"gold_gain":0.0,"event_name":"Big Fish","player_choice":"Banana","floor":14.0,"gold_loss":0.0,"damage_taken":0.0},{"damage_healed":0.0,"max_hp_gain":0.0,"max_hp_loss":0.0,"gold_gain":0.0,"cards_transformed":["Survivor","Bane"],"event_name":"Drug Dealer","player_choice":"Became Test Subject","floor":20.0,"gold_loss":0.0,"damage_taken":0.0,"cards_obtained":["Deadly Poison","Crippling Poison"]},{"damage_healed":0.0,"max_hp_gain":5.0,"max_hp_loss":0.0,"gold_gain":0.0,"event_name":"Forgotten Altar","player_choice":"Shed Blood","floor":22.0,"gold_loss":0.0,"damage_taken":19.0},{"damage_healed":0,"gold_gain":0,"player_choice":"Fought Bandits","damage_taken":0,"max_hp_gain":0,"max_hp_loss":0,"event_name":"Masked Bandits","floor":24,"gold_loss":0}],"is_beta":false,"boss_relics":[{"not_picked":["Black Star","Sozu"],"picked":"Pandora\u0027s Box"}],"items_purged_floors":[],"is_endless":false,"potions_floor_spawned":[1,10,12,16,18,19,23],"killed_by":"Masked Bandits","ascension_level":11}