{"gold_per_floor":[111,111,126,138,148,148,164,197,197,197,222,256,55,65,65,164,164,183,194,194,194],"floor_reached":21,"playtime":773,"items_purged":[],"score":324,"play_id":"88d021e1-3176-49ff-b6aa-eaa389a09a67","local_time":"20190403033727","is_ascension_mode":true,"campfire_choices":[{"data":"Entrench","floor":6.0,"key":"SMITH"},{"floor":10.0,"key":"REST"},{"data":"Body Slam","floor":15.0,"key":"SMITH"}],"neow_cost":"NONE","seed_source_timestamp":1311426887967774,"circlet_count":0,"master_deck":["AscendersBane","Strike_R","Strike_R","Strike_R","Strike_R","Strike_R","Defend_R","Defend_R","Defend_R","Defend_R","Bash","Clash","Entrench+1","Sword Boomerang","Barricade","Sentinel","Body Slam+1","Entrench+1","Armaments","Offering","Flame Barrier"],"special_seed":0,"relics":["Burning Blood","NeowsBlessing","Pantograph","Ice Cream","Thread and Needle","Odd Mushroom","Champion Belt","DollysMirror","Cursed Key"],"potions_floor_usage":[21],"damage_taken":[{"damage":0.0,"enemies":"Cultist","floor":1.0,"turns":1.0},{"damage":0.0,"enemies":"Jaw Worm","floor":3.0,"turns":1.0},{"damage":0.0,"enemies":"Small Slimes","floor":4.0,"turns":2.0},{"damage":21.0,"enemies":"2 Fungi Beasts","floor":5.0,"turns":4.0},{"damage":11.0,"enemies":"Looter","floor":7.0,"turns":5.0},{"damage":58.0,"enemies":"Gremlin Nob","floor":8.0,"turns":6.0},{"damage":19.0,"enemies":"The Mushroom Lair","floor":11.0,"turns":7.0},{"damage":0.0,"enemies":"Lagavulin","floor":12.0,"turns":9.0},{"damage":19.0,"enemies":"Exordium Wildlife","floor":14.0,"turns":7.0},{"damage":36.0,"enemies":"Hexaghost","floor":16.0,"turns":15.0},{"damage":38.0,"enemies":"Spheric Guardian","floor":18.0,"turns":6.0},{"damage":23.0,"enemies":"Shell Parasite","floor":19.0,"turns":6.0},{"damage":14,"enemies":"Centurion and Healer","floor":21,"turns":4}],"seed_played":"-6459861934146589700","potions_obtained":[{"floor":3.0,"key":"Energy Potion"},{"floor":11.0,"key":"SkillPotion"},{"floor":14.0,"key":"PowerPotion"},{"floor":16.0,"key":"PowerPotion"},{"floor":18.0,"key":"SkillPotion"}],"is_trial":false,"path_per_floor":["M","?","M","M","M","R","M","E","T","R","?","E","$","M","R","B",null,"M","M","?","M"],"character_chosen":"IRONCLAD","items_purchased":["DollysMirror"],"campfire_rested":1,"item_purchase_floors":[13],"current_hp_per_floor":[78,78,80,80,65,65,60,8,8,32,19,25,25,12,12,7,62,30,13,13,0],"gold":194,"neow_bonus":"THREE_ENEMY_KILL","is_prod":false,"is_daily":false,"chose_seed":false,"campfire_upgraded":2,"win_rate":0,"timestamp":1554230247,"path_taken":["M","?","?","?","M","R","M","E","T","R","?","E","?","M","R","BOSS","M","M","?","M"],"build_version":"2019-01-23","purchased_purges":0,"victory":false,"max_hp_per_floor":[80,80,80,80,80,80,80,80,80,80,80,80,80,80,80,80,80,80,80,80,80],"card_choices":[{"not_picked":["Ghostly Armor","Perfected Strike"],"picked":"Clash","floor":1.0},{"not_picked":["Sever Soul","Thunderclap"],"picked":"Entrench","floor":3.0},{"not_picked":["Twin Strike","Searing Blow"],"picked":"Sword Boomerang","floor":4.0},{"not_picked":["Second Wind","Power Through"],"picked":"Barricade","floor":5.0},{"not_picked":["Hemokinesis","Cleave","Sword Boomerang"],"picked":"SKIP","floor":7.0},{"not_picked":["Sword Boomerang","Heavy Blade","Clash"],"picked":"SKIP","floor":8.0},{"not_picked":["Anger","Inflame"],"picked":"Sentinel","floor":11.0},{"not_picked":["Dropkick","Perfected Strike"],"picked":"Body Slam","floor":12.0},{"not_picked":["Thunderclap","Dark Embrace"],"picked":"Armaments","floor":14.0},{"not_picked":["Fiend Fire","Immolate"],"picked":"Offering","floor":16.0},{"not_picked":["Cleave","Armaments","Headbutt"],"picked":"SKIP","floor":18.0},{"not_picked":["Sever Soul","Iron Wave"],"picked":"Flame Barrier","floor":19.0}],"player_experience":404725,"relics_obtained":[{"floor":2.0,"key":"Pantograph"},{"floor":8.0,"key":"Ice Cream"},{"floor":9.0,"key":"Thread and Needle"},{"floor":11.0,"key":"Odd Mushroom"},{"floor":12.0,"key":"Champion Belt"}],"event_choices":[{"damage_healed":0.0,"max_hp_gain":0.0,"max_hp_loss":0.0,"gold_gain":0.0,"event_name":"Wheel of Change","player_choice":"Relic","floor":2.0,"gold_loss":0.0,"damage_taken":0.0},{"damage_healed":0.0,"max_hp_gain":0.0,"max_hp_loss":0.0,"gold_gain":0.0,"event_name":"Mushrooms","player_choice":"Fought Mushrooms","floor":11.0,"gold_loss":0.0,"damage_taken":0.0},{"damage_healed":0,"gold_gain":0,"player_choice":"Ignored","damage_taken":0,"max_hp_gain":0,"max_hp_loss":0,"event_name":"Cursed Tome","floor":20,"gold_loss":0}],"is_beta":false,"boss_relics":[{"not_picked":["Snecko Eye","Calling Bell"],"picked":"Cursed Key"}],"items_purged_floors":[],"is_endless":false,"potions_floor_spawned":[3,11,14,16,18],"killed_by":"Centurion and Healer","ascension_level":10}