{"path_per_floor":["M","M","M","?","?","E","R","?","T","R","?","E","$","M","R","B",null,"M","$","?","?","M","R","E","M","T","M","M","T","M","M","R"],"character_chosen":"IRONCLAD","items_purchased":["Body Slam","Dropkick"],"gold_per_floor":[110,124,138,138,138,170,170,170,170,170,200,235,107,118,118,221,221,234,54,54,54,68,68,98,118,141,160,176,202,212,228,228],"floor_reached":33,"campfire_rested":1,"playtime":2276,"current_hp_per_floor":[77,80,80,64,61,49,49,49,49,49,49,40,40,45,69,31,80,80,80,80,80,80,80,54,60,60,59,65,65,63,64,64],"items_purged":["Bash","Strike_R"],"gold":228,"play_id":"2898ed64-3ead-4f26-b30e-f922a919eadc","is_prod":false,"is_daily":false,"is_ascension_mode":false,"campfire_upgraded":4,"path_taken":["M","?","M","?","?","E","R","?","T","R","?","E","$","M","R","BOSS","M","$","?","?","M","R","E","M","T","?","M","?","?","M","R","BOSS"],"build_version":"2018-02-01-PROD3","purchased_purges":2,"victory":false,"master_deck":["Strike_R+1","Defend_R","Defend_R","Defend_R+1","Defend_R","Twin Strike","Iron Wave+1","Shrug It Off+1","Dropkick","Flex","Thunderclap","Body Slam+1","Shrug It Off+1","Dual Wield","Dropkick"],"max_hp_per_floor":[80,80,80,80,80,80,80,80,80,80,80,80,80,80,80,80,80,80,80,80,80,80,80,80,80,80,80,80,80,80,80,80],"relics":["Burning Blood","Bronze Scales","Centennial Puzzle","Gambling Chip","Happy Flower","Sozu","Frozen Egg 2","Anchor","Regal Pillow"],"card_choices":[{"not_picked":["Sever Soul","Combust"],"picked":"Iron Wave"},{"not_picked":["Power Through","Body Slam"],"picked":"Shrug It Off"},{"not_picked":["Reckless Charge","Rampage"],"picked":"Dropkick"},{"not_picked":["Flame Barrier","Pummel"],"picked":"Flex"},{"not_picked":["Sever Soul","Pummel"],"picked":"Thunderclap"},{"not_picked":["Armaments","Rage"],"picked":"Shrug It Off"},{"not_picked":["Warcry","Flex"],"picked":"Dual Wield"}],"player_experience":18830,"potions_floor_usage":[16],"damage_taken":[{"damage":9,"enemies":"Blue Slaver","floor":1,"turns":6},{"damage":2,"enemies":"Small Slimes","floor":2,"turns":5},{"damage":2,"enemies":"Jaw Worm","floor":3,"turns":4},{"damage":18,"enemies":"Lagavulin","floor":6,"turns":8},{"damage":15,"enemies":"Gremlin Nob","floor":12,"turns":4},{"damage":1,"enemies":"Red Slaver","floor":14,"turns":3},{"damage":44,"enemies":"Slime Boss","floor":16,"turns":13},{"damage":1,"enemies":"Chosen","floor":18,"turns":4},{"damage":2,"enemies":"Spheric Guardian","floor":22,"turns":4},{"damage":32,"enemies":"Slavers","floor":24,"turns":6},{"damage":0,"enemies":"Snecko","floor":25,"turns":3},{"damage":7,"enemies":"Chosen and Byrds","floor":27,"turns":4},{"damage":0,"enemies":"Centurion and Healer","floor":28,"turns":5},{"damage":8,"enemies":"Snake Plant","floor":30,"turns":3},{"damage":5,"enemies":"Snecko","floor":31,"turns":4},{"damage":64,"enemies":"Automaton","floor":33,"turns":8}],"event_choices":[{"event_name":"Shining Light","player_choice":"Entered Light","floor":4,"damage_taken":0},{"event_name":"Scrap Ooze","player_choice":"success","floor":5,"damage_taken":3},{"event_name":"Purifier","player_choice":"One Purge","floor":8,"damage_taken":0},{"event_name":"Dead Adventurer","player_choice":"Searched \u00271\u0027 times","floor":11,"damage_taken":0},{"event_name":"Back to Basics","player_choice":"Elegance","floor":20,"damage_taken":0},{"event_name":"Drug Dealer","player_choice":"Ignored","floor":21,"damage_taken":0}],"boss_relics":[{"not_picked":["Question Card","Black Star"],"picked":"Sozu"}],"potions_floor_spawned":[3,6,14,22,25,27,30],"seed_played":"-1565107574236876449","killed_by":"Automaton","ascension_level":0,"is_trial":false}