{"gold_per_floor":[116,31,106,53,53,84,84,128,154,170,184,184,202,216,216,345,345,369,383,407,407,407],"floor_reached":22,"playtime":1193,"items_purged":[],"score":246,"play_id":"2f89aedc-df18-4329-9d2f-fb7e33eb9bcd","local_time":"20190514183514","is_ascension_mode":false,"campfire_choices":[{"data":"Fission","floor":12,"key":"SMITH"},{"floor":15,"key":"REST"}],"neow_cost":"NONE","seed_source_timestamp":432297477740901,"circlet_count":0,"master_deck":["Strike_B","Strike_B","Strike_B","Strike_B","Defend_B","Defend_B","Defend_B","Defend_B","Zap","Dualcast","Conserve Battery","Loop","Cold Snap","Injury","Undo","Fission+1","Ball Lightning","Chaos","Capacitor","Ball Lightning","Fission","Fusion+1","Coolheaded","Auto Shields"],"relics":["Cracked Core","NeowsBlessing","Golden Idol","PreservedInsect","Bag of Marbles","Regal Pillow","Strawberry","Sozu"],"potions_floor_usage":[16,16,19],"damage_taken":[{"damage":0,"enemies":"Cultist","floor":1,"turns":1},{"damage":0,"enemies":"Lagavulin","floor":6,"turns":1},{"damage":0,"enemies":"3 Sentries","floor":8,"turns":1},{"damage":0,"enemies":"Jaw Worm","floor":10,"turns":3},{"damage":2,"enemies":"Small Slimes","floor":11,"turns":3},{"damage":3,"enemies":"Looter","floor":13,"turns":3},{"damage":7,"enemies":"Exordium Wildlife","floor":14,"turns":4},{"damage":11,"enemies":"Slime Boss","floor":16,"turns":6},{"damage":14,"enemies":"Spheric Guardian","floor":18,"turns":4},{"damage":13,"enemies":"2 Thieves","floor":19,"turns":4},{"damage":16,"enemies":"Snecko","floor":20,"turns":8},{"damage":3,"enemies":"Centurion and Healer","floor":22,"turns":2}],"seed_played":"3198897157564020227","potions_obtained":[{"floor":6,"key":"Block Potion"},{"floor":10,"key":"Swift Potion"},{"floor":13,"key":"Dexterity Potion"},{"floor":16,"key":"GamblersBrew"}],"is_trial":false,"path_per_floor":["?","$","?","T","?","M"],"character_chosen":"DEFECT","items_purchased":["Conserve Battery","Loop","Cold Snap"],"campfire_rested":1,"item_purchase_floors":[2,2,4],"current_hp_per_floor":[75,75,64,64,64,64,64,64,71,71,69,69,66,59,82,71,82,68,55,39,39,36],"gold":407,"neow_bonus":"THREE_ENEMY_KILL","is_prod":false,"is_daily":false,"chose_seed":false,"campfire_upgraded":1,"win_rate":0,"timestamp":1557873314,"path_taken":["M","$","?","?","?","E","?","E","T","M","M","R","M","M","R","BOSS","M","M","M","?","?"],"build_version":"2019-01-23","purchased_purges":0,"victory":false,"max_hp_per_floor":[75,75,75,75,75,75,75,75,82,82,82,82,82,82,82,82,82,82,82,82,82,82],"card_choices":[{"not_picked":["Leap","Recycle","Compile Driver"],"picked":"SKIP","floor":1},{"not_picked":["Compile Driver","White Noise"],"picked":"Undo","floor":6},{"not_picked":["Lockon","Hologram"],"picked":"Fission","floor":8},{"not_picked":["Beam Cell","Recycle"],"picked":"Ball Lightning","floor":10},{"not_picked":["Scrape","Blizzard"],"picked":"Chaos","floor":11},{"not_picked":["Leap","Sweeping Beam"],"picked":"Capacitor","floor":13},{"not_picked":["Doom and Gloom","Barrage"],"picked":"Ball Lightning","floor":14},{"not_picked":["Thunder Strike","Seek"],"picked":"Fission","floor":16},{"not_picked":["Compile Driver","Cold Snap"],"picked":"Fusion+1","floor":18},{"not_picked":["Rip and Tear","Sweeping Beam+1"],"picked":"Coolheaded","floor":19},{"not_picked":["Ball Lightning","Barrage"],"picked":"Auto Shields","floor":20}],"player_experience":536331,"relics_obtained":[{"floor":6,"key":"PreservedInsect"},{"floor":7,"key":"Bag of Marbles"},{"floor":8,"key":"Regal Pillow"},{"floor":9,"key":"Strawberry"}],"event_choices":[{"damage_healed":0,"gold_gain":75,"player_choice":"Gather Gold","damage_taken":11,"max_hp_gain":0,"max_hp_loss":0,"event_name":"World of Goop","floor":3,"gold_loss":0},{"damage_healed":0,"gold_gain":0,"player_choice":"Take Wound","damage_taken":0,"relics_obtained":["Golden Idol"],"max_hp_gain":0,"max_hp_loss":0,"event_name":"Golden Idol","floor":5,"gold_loss":0,"cards_obtained":["Injury"]},{"damage_healed":0,"gold_gain":0,"player_choice":"Got Potions","damage_taken":0,"max_hp_gain":0,"max_hp_loss":0,"event_name":"Lab","floor":21,"gold_loss":0}],"is_beta":false,"boss_relics":[{"not_picked":["Pandora\u0027s Box","Ectoplasm"],"picked":"Sozu"}],"items_purged_floors":[],"is_endless":false,"potions_floor_spawned":[6,10,13,16,18,20],"killed_by":"Centurion and Healer","ascension_level":0}