{"path_per_floor":["M","?","M","?","$","R","M","M","T","R","M","M","M","$","R","B",null,"M","?","M","M","M"],"character_chosen":"DEFECT","items_purchased":["Capacitor","Ball Lightning"],"gold_per_floor":[115,115,134,134,9,9,24,40,40,40,51,71,91,38,38,133,133,146,146,164,174,188,188],"floor_reached":23,"campfire_rested":0,"playtime":2127,"current_hp_per_floor":[75,75,75,72,72,72,72,72,72,72,59,58,57,57,57,25,75,70,70,51,47,36,0],"items_purged":["Strike_B"],"gold":188,"score":187,"play_id":"4a30330f-2880-4040-8e98-5fc9e8fc152e","local_time":"20180502170607","is_prod":false,"is_daily":false,"chose_seed":false,"is_ascension_mode":false,"campfire_upgraded":3,"timestamp":1525295167,"path_taken":["M","?","M","?","$","R","?","M","T","R","M","M","M","$","R","BOSS","M","?","M","M","M","E"],"build_version":"2018-05-01v2","seed_source_timestamp":0,"purchased_purges":1,"victory":false,"master_deck":["Strike_B","Strike_B","Strike_B","Defend_B","Defend_B","Defend_B","Defend_B","Zap+1","Dualcast+1","Skim","Leap","Capacitor+1","Leap","Coolheaded","Ball Lightning","Cold Snap","Loop+1","Ball Lightning","Rainbow","Storm+1","Ball Lightning","Chill+1","Blaster"],"max_hp_per_floor":[75,75,75,75,75,75,75,75,75,75,75,75,75,75,75,75,75,75,75,75,75,75,75],"relics":["Cracked Core","Darkstone Periapt","Frozen Egg 2","Nuclear Battery"],"card_choices":[{"not_picked":["Stack","Beam Cell"],"picked":"Skim","floor":1.0},{"not_picked":["Stack","Skim"],"picked":"Leap","floor":3.0},{"not_picked":["Stack","Thunder Strike"],"picked":"Leap","floor":7.0},{"not_picked":["Leap","Ball Lightning"],"picked":"Coolheaded","floor":8.0},{"not_picked":["Streamline","Beam Cell"],"picked":"Ball Lightning","floor":11.0},{"not_picked":["Chaos","Stack"],"picked":"Cold Snap","floor":12.0},{"not_picked":["Flux Capacitor","Buffer"],"picked":"Loop","floor":13.0},{"not_picked":["All For One","Multi-Cast"],"picked":"Rainbow","floor":16.0},{"not_picked":["Double Energy","Cold Snap"],"picked":"Storm","floor":18},{"not_picked":["Axe Kick","Capacitor"],"picked":"Ball Lightning","floor":20},{"not_picked":["Streamline","Auto Shields"],"picked":"Chill","floor":21},{"not_picked":["Steam Power","Glacier"],"picked":"Blaster","floor":22}],"player_experience":12826,"potions_floor_usage":[21,23,23],"damage_taken":[{"damage":0.0,"enemies":"Small Slimes","floor":1.0,"turns":2.0},{"damage":0.0,"enemies":"Cultist","floor":3.0,"turns":4.0},{"damage":0.0,"enemies":"2 Louse","floor":7.0,"turns":4.0},{"damage":0.0,"enemies":"Blue Slaver","floor":8.0,"turns":4.0},{"damage":13.0,"enemies":"Exordium Wildlife","floor":11.0,"turns":8.0},{"damage":1.0,"enemies":"2 Fungi Beasts","floor":12.0,"turns":3.0},{"damage":1.0,"enemies":"Looter","floor":13.0,"turns":4.0},{"damage":32.0,"enemies":"The Guardian","floor":16.0,"turns":10.0},{"damage":5.0,"enemies":"Spheric Guardian","floor":18.0,"turns":4.0},{"damage":19,"enemies":"Centurion and Healer","floor":20,"turns":9},{"damage":4,"enemies":"Snecko","floor":21,"turns":4},{"damage":11,"enemies":"Snake Plant","floor":22,"turns":4},{"damage":40,"enemies":"Gremlin Leader","floor":23,"turns":5}],"event_choices":[{"event_name":"The Lab","player_choice":"Got Potions","floor":2.0,"damage_taken":0.0},{"event_name":"Scrap Ooze","player_choice":"success","floor":4.0,"damage_taken":3.0},{"event_name":"Drug Dealer","player_choice":"Ignored","floor":19,"damage_taken":0}],"boss_relics":[],"potions_floor_spawned":[8,12,13,21,22],"seed_played":"-2349531277112902558","killed_by":"Gremlin Leader","ascension_level":0,"is_trial":false}