{"gold_per_floor":[209,209,8,22,39,39,39,58,58,75,95,122,122,19,19,19],"floor_reached":16,"playtime":592,"items_purged":[],"score":133,"play_id":"5e25971f-e220-4020-8697-875e230d6c69","local_time":"20190602161258","is_ascension_mode":true,"campfire_choices":[{"data":"Neutralize","floor":6,"key":"SMITH"},{"floor":13,"key":"REST"},{"data":"Dagger Spray","floor":15,"key":"SMITH"}],"neow_cost":"NONE","seed_source_timestamp":189967706888614,"circlet_count":0,"master_deck":["Defend_G","Defend_G","Defend_G","Defend_G","Strike_G","Strike_G","Strike_G","Strike_G","Strike_G","Survivor","Neutralize+1","Well Laid Plans","Catalyst","Backstab","Backflip","Dagger Spray+1"],"relics":["Ring of the Snake","Membership Card","Toxic Egg 2","Kunai","TwistedFunnel"],"potions_floor_usage":[16,16],"damage_taken":[{"damage":4,"enemies":"Jaw Worm","floor":1,"turns":6},{"damage":1,"enemies":"Cultist","floor":4,"turns":3},{"damage":0,"enemies":"2 Louse","floor":5,"turns":4},{"damage":8,"enemies":"Gremlin Gang","floor":8,"turns":7},{"damage":8,"enemies":"Large Slime","floor":10,"turns":9},{"damage":5,"enemies":"2 Fungi Beasts","floor":11,"turns":3},{"damage":20,"enemies":"Gremlin Nob","floor":12,"turns":5},{"damage":47,"enemies":"Slime Boss","floor":16,"turns":11}],"seed_played":"7524784242578913200","potions_obtained":[{"floor":1,"key":"Swift Potion"},{"floor":10,"key":"Dexterity Potion"},{"floor":12,"key":"FearPotion"}],"is_trial":false,"path_per_floor":["M","?","$","M","M","R","$","M","T","M","M","E","R","$","R","B"],"character_chosen":"THE_SILENT","items_purchased":["Membership Card","TwistedFunnel"],"campfire_rested":1,"item_purchase_floors":[3,14],"current_hp_per_floor":[59,59,59,58,58,58,58,50,50,42,37,17,38,38,38,0],"gold":19,"neow_bonus":"HUNDRED_GOLD","is_prod":false,"is_daily":false,"chose_seed":false,"campfire_upgraded":2,"win_rate":0,"timestamp":1559484778,"path_taken":["M","?","$","?","M","R","?","M","T","?","M","E","R","$","R","BOSS"],"build_version":"2019-01-23","purchased_purges":0,"victory":false,"max_hp_per_floor":[70,70,70,70,70,70,70,70,70,70,70,70,70,70,70,70],"card_choices":[{"not_picked":["Dagger Throw","Quick Slash"],"picked":"Well Laid Plans","floor":1},{"not_picked":["Outmaneuver","Caltrops"],"picked":"Catalyst","floor":4},{"not_picked":["Backstab","Flechettes","Well Laid Plans"],"picked":"SKIP","floor":5},{"not_picked":["Flechettes","Well Laid Plans"],"picked":"Backstab","floor":5},{"not_picked":["Dagger Throw","Sucker Punch"],"picked":"Backflip","floor":8},{"not_picked":["Escape Plan+1","Backflip+1"],"picked":"Dagger Spray","floor":10},{"not_picked":["Sucker Punch","PiercingWail+1","Escape Plan+1"],"picked":"SKIP","floor":11},{"not_picked":["Concentrate+1","Backflip+1","Eviscerate"],"picked":"SKIP","floor":12}],"player_experience":109517,"relics_obtained":[{"floor":9,"key":"Toxic Egg 2"},{"floor":12,"key":"Kunai"}],"event_choices":[{"cards_removed":["Defend_G"],"damage_healed":0,"gold_gain":0,"player_choice":"Purged","damage_taken":0,"max_hp_gain":0,"max_hp_loss":0,"event_name":"Purifier","floor":2,"gold_loss":0}],"is_beta":false,"boss_relics":[],"items_purged_floors":[],"is_endless":false,"potions_floor_spawned":[1,10,12],"killed_by":"Slime Boss","ascension_level":6}