{"path_per_floor":["M","M","$","M","?","R","M","$","T","M","?","R","E","M","R","B",null,"M","?","?","?","$","M","M","R","T","M","R","$","M","M","R","B",null,"M","?","M","$","?","R","?","R","T","R","M","?","R","E","R","B"],"character_chosen":"IRONCLAD","items_purchased":["Flex","Shrug It Off","Shrug It Off"],"gold_per_floor":[113,124,23,34,134,134,152,52,75,93,168,168,197,213,213,308,308,320,320,320,320,150,166,179,179,231,241,241,91,102,122,122,226,226,242,242,258,29,29,29,29,29,29,29,47,0,0,30,30,30],"floor_reached":51,"campfire_rested":7,"playtime":3653,"current_hp_per_floor":[80,76,76,75,75,75,69,69,69,44,33,57,41,47,71,23,80,76,76,76,76,76,39,24,48,48,17,41,41,43,31,55,24,80,68,58,51,51,51,57,57,63,63,69,48,48,78,54,80,43],"items_purged":["Strike_R","Strike_R","Strike_R","Defend_R","Strike_R"],"gold":30,"play_id":"27b6a1b7-6c07-4eb1-8045-793df9a56def","is_prod":false,"is_daily":false,"is_ascension_mode":false,"campfire_upgraded":4,"path_taken":["M","M","$","M","?","R","?","$","T","M","?","R","E","M","R","BOSS","M","?","?","?","$","M","M","R","T","?","R","$","M","M","R","BOSS","M","?","M","$","?","R","?","R","T","R","M","?","R","E","R","BOSS"],"build_version":"2018-02-01-PROD3","purchased_purges":5,"victory":true,"master_deck":["Defend_R","Defend_R","Defend_R","Bash","Limit Break+1","Iron Wave","Flex+1","Burning Pact","Body Slam","Whirlwind+1","Offering","Battle Trance","Seeing Red+1","Offering","Madness","Madness","Shrug It Off+1"],"max_hp_per_floor":[80,80,80,80,80,80,80,80,80,80,80,80,80,80,80,80,80,80,80,80,80,80,80,80,80,80,80,80,80,80,80,80,80,80,80,80,80,80,80,80,80,80,80,80,80,80,80,80,80,80],"relics":["Burning Blood","Dream Catcher","Mercury Hourglass","Runic Pyramid","Happy Flower","Eternal Feather","Bronze Scales","Red Mask","Bird Faced Urn"],"card_choices":[{"not_picked":["Anger","Spot Weakness"],"picked":"Limit Break"},{"not_picked":["Thunderclap","Rage"],"picked":"Iron Wave"},{"not_picked":["Anger","Perfected Strike"],"picked":"Burning Pact"},{"not_picked":["Sword Boomerang","Iron Wave"],"picked":"Body Slam"},{"not_picked":["Inflame","Blood for Blood"],"picked":"Whirlwind"},{"not_picked":["Double Tap","Reaper"],"picked":"Offering"},{"not_picked":["Headbutt","Infernal Blade"],"picked":"Battle Trance"},{"not_picked":["Sever Soul","Clash"],"picked":"Seeing Red"},{"not_picked":["Reaper","Bludgeon"],"picked":"Offering"}],"player_experience":33345,"potions_floor_usage":[33,50,50,50],"damage_taken":[{"damage":5,"enemies":"Cultist","floor":1,"turns":4},{"damage":10,"enemies":"Blue Slaver","floor":2,"turns":8},{"damage":7,"enemies":"Small Slimes","floor":4,"turns":4},{"damage":12,"enemies":"Red Slaver","floor":7,"turns":6},{"damage":31,"enemies":"Large Slime","floor":10,"turns":13},{"damage":22,"enemies":"Gremlin Nob","floor":13,"turns":5},{"damage":0,"enemies":"3 Louse","floor":14,"turns":1},{"damage":54,"enemies":"The Guardian","floor":16,"turns":10},{"damage":10,"enemies":"3 Byrds","floor":18,"turns":5},{"damage":43,"enemies":"2 Thieves","floor":23,"turns":4},{"damage":21,"enemies":"Centurion and Healer","floor":24,"turns":4},{"damage":37,"enemies":"Snecko","floor":27,"turns":7},{"damage":4,"enemies":"Cultist and Chosen","floor":30,"turns":3},{"damage":18,"enemies":"Centurion and Healer","floor":31,"turns":4},{"damage":37,"enemies":"Champ","floor":33,"turns":8},{"damage":18,"enemies":"3 Darklings","floor":35,"turns":3},{"damage":13,"enemies":"Orb Walker","floor":37,"turns":3},{"damage":27,"enemies":"Maw","floor":45,"turns":4},{"damage":30,"enemies":"Nemesis","floor":48,"turns":4},{"damage":43,"enemies":"Donu and Deca","floor":50,"turns":3}],"event_choices":[{"event_name":"Wheel of Change","player_choice":"Gold","floor":5,"damage_taken":0},{"event_name":"World of Goop","player_choice":"Gather Gold","floor":11,"damage_taken":0},{"event_name":"Drug Dealer","player_choice":"Ignored","floor":19,"damage_taken":0},{"event_name":"Back to Basics","player_choice":"Elegance","floor":20,"damage_taken":0},{"event_name":"Vampires","player_choice":"Ignored","floor":21,"damage_taken":0},{"event_name":"Winding Halls","player_choice":"Embrace Madness","floor":36,"damage_taken":0},{"event_name":"Mysterious Sphere","player_choice":"Ignore","floor":41,"damage_taken":0},{"event_name":"Tomb of Lord Red Mask","player_choice":"Paid","floor":46,"damage_taken":0}],"boss_relics":[{"not_picked":["Snecko Eye","Black Blood"],"picked":"Runic Pyramid"},{"not_picked":["Mark of Pain","Runic Dome"],"picked":"Eternal Feather"}],"potions_floor_spawned":[1,7,10,14,23,31,35,45],"seed_played":"-5877224194661276418","ascension_level":0,"is_trial":false}