{"gold_per_floor":[118,43,59,59,73,73,101,101,153,153,181,200,215,226,226,324,324,344,84,103,103],"floor_reached":21,"playtime":1727,"items_purged":["Strike_R","Strike_R"],"score":210,"play_id":"55b5dd5c-0f9f-477b-9a3f-a2cce65001fe","local_time":"20180925201115","is_ascension_mode":true,"campfire_choices":[{"data":"Bash","floor":6,"key":"SMITH"},{"floor":10,"key":"REST"},{"data":"Rampage","floor":15,"key":"SMITH"}],"neow_cost":"NONE","seed_source_timestamp":1064429790292488,"circlet_count":0,"master_deck":["Strike_R","Strike_R+1","Defend_R","Defend_R","Defend_R","Defend_R","Bash+1","Cleave","Shrug It Off","Heavy Blade+1","Thunderclap","Headbutt","Rampage+1","Juggernaut","Barricade","Warcry+1"],"relics":["Burning Blood","Oddly Smooth Stone","Lantern","Dodecahedron","Cursed Key"],"potions_floor_usage":[11,16],"damage_taken":[{"damage":19,"enemies":"Jaw Worm","floor":1,"turns":8},{"damage":5,"enemies":"Cultist","floor":3,"turns":4},{"damage":4,"enemies":"2 Louse","floor":5,"turns":2},{"damage":25,"enemies":"3 Sentries","floor":7,"turns":10},{"damage":7,"enemies":"Gremlin Nob","floor":11,"turns":3},{"damage":2,"enemies":"Large Slime","floor":12,"turns":7},{"damage":27,"enemies":"Exordium Thugs","floor":13,"turns":7},{"damage":3,"enemies":"Gremlin Gang","floor":14,"turns":3},{"damage":41,"enemies":"The Guardian","floor":16,"turns":11},{"damage":12,"enemies":"2 Thieves","floor":18,"turns":3},{"damage":44,"enemies":"Spheric Guardian","floor":20,"turns":6},{"damage":38,"enemies":"Snake Plant","floor":21,"turns":3}],"seed_played":"6194665466088976383","potions_obtained":[{"floor":3,"key":"AttackPotion"},{"floor":5,"key":"Poison Potion"},{"floor":11,"key":"GamblersBrew"},{"floor":14,"key":"Block Potion"}],"is_trial":false,"path_per_floor":["M","$","M","?","M","R","E","?","T","R","E","M","M","M","R","B",null,"M","$","M"],"character_chosen":"IRONCLAD","items_purchased":["Barricade"],"campfire_rested":1,"item_purchase_floors":[19],"current_hp_per_floor":[67,67,68,80,80,80,61,45,45,69,68,72,51,54,54,19,80,74,74,36,0],"gold":103,"neow_bonus":"REMOVE_CARD","is_prod":false,"is_daily":false,"chose_seed":false,"campfire_upgraded":2,"win_rate":0,"timestamp":1537920675,"path_taken":["M","$","M","?","?","R","E","?","T","R","E","?","M","M","R","BOSS","M","$","M","M"],"build_version":"2018-09-20","purchased_purges":2,"victory":false,"max_hp_per_floor":[80,80,80,80,80,80,80,80,80,80,80,80,80,80,80,80,80,80,80,80,80],"card_choices":[{"not_picked":["Iron Wave","Second Wind"],"picked":"Cleave","floor":1},{"not_picked":["Heavy Blade","Headbutt"],"picked":"Shrug It Off","floor":3},{"not_picked":["Sentinel","Searing Blow"],"picked":"Heavy Blade","floor":5},{"not_picked":["Intimidate","Wild Strike"],"picked":"Thunderclap","floor":7},{"not_picked":["Intimidate","Rage","Bloodletting"],"picked":"SKIP","floor":11},{"not_picked":["Reckless Charge","Infernal Blade"],"picked":"Headbutt","floor":12},{"not_picked":["Havoc","Anger"],"picked":"Rampage","floor":13},{"not_picked":["Warcry","Blood for Blood","Bloodletting"],"picked":"SKIP","floor":14},{"not_picked":["Berserk","Immolate"],"picked":"Juggernaut","floor":16},{"not_picked":["Havoc+1","Sentinel","Anger"],"picked":"SKIP","floor":18},{"not_picked":["Burning Pact","Shockwave+1"],"picked":"Warcry+1","floor":20}],"player_experience":171378,"relics_obtained":[{"floor":7,"key":"Oddly Smooth Stone"},{"floor":9,"key":"Lantern"},{"floor":11,"key":"Dodecahedron"}],"event_choices":[{"event_name":"Wheel of Change","player_choice":"Full Heal","floor":4,"damage_taken":0},{"event_name":"Shining Light","player_choice":"Entered Light","floor":8,"damage_taken":0}],"is_beta":false,"boss_relics":[{"not_picked":["Fusion Hammer","Busted Crown"],"picked":"Cursed Key"}],"items_purged_floors":[2,19],"is_endless":false,"potions_floor_spawned":[3,5,11,14],"killed_by":"Snake Plant","ascension_level":2}