{"gold_per_floor":[117,42,117,127,127,127,152,152,152,167,167,74,74,84,84,184,184,203,219,134,134,134,134,160,160,160,60,72,103,103,121,121,222,222,241,10,110,130,32,32,32],"floor_reached":41,"playtime":1945,"items_purged":["Strike_R","Strike_R+1"],"score":450,"play_id":"4267961b-bb54-4589-ac55-3aa9e3808212","local_time":"20190325010827","is_ascension_mode":false,"campfire_choices":[{"data":"Iron Wave","floor":6.0,"key":"SMITH"},{"data":"Iron Wave","floor":8.0,"key":"SMITH"},{"data":"Pommel Strike","floor":11.0,"key":"SMITH"},{"data":"Inflame","floor":13.0,"key":"SMITH"},{"data":"Sword Boomerang","floor":15.0,"key":"SMITH"},{"data":"RitualDagger","floor":23.0,"key":"SMITH"},{"data":"Disarm","floor":25.0,"key":"SMITH"},{"floor":30.0,"key":"REST"},{"data":"Heavy Blade","floor":32.0,"key":"SMITH"},{"data":"True Grit","floor":40.0,"key":"SMITH"}],"neow_cost":"NONE","seed_source_timestamp":0,"circlet_count":0,"master_deck":["Strike_R+1","Defend_R+1","Defend_R+1","Defend_R+1","Defend_R+1","Bash","Clothesline","Iron Wave+1","Iron Wave+1","Pommel Strike+1","Inflame+1","Sword Boomerang+1","Disarm+1","Reaper","RitualDagger+1","Sword Boomerang+1","Inflame","Heavy Blade","Heavy Blade+1","Fiend Fire","Barricade+1","Double Tap+1","Exhume+1","Bloodletting+1","Burning Pact","True Grit+1","True Grit"],"special_seed":0,"relics":["Burning Blood","NeowsBlessing","Letter Opener","Runic Dome","Bird Faced Urn","Singing Bowl","The Courier","Juzu Bracelet","Astrolabe","Shuriken","Peace Pipe"],"potions_floor_usage":[41,41],"damage_taken":[{"damage":0.0,"enemies":"Jaw Worm","floor":1.0,"turns":1.0},{"damage":0.0,"enemies":"2 Louse","floor":4.0,"turns":1.0},{"damage":0.0,"enemies":"Gremlin Nob","floor":7.0,"turns":1.0},{"damage":0.0,"enemies":"Small Slimes","floor":10.0,"turns":4.0},{"damage":14.0,"enemies":"Blue Slaver","floor":14.0,"turns":3.0},{"damage":33.0,"enemies":"Hexaghost","floor":16.0,"turns":8.0},{"damage":3.0,"enemies":"Chosen","floor":18.0,"turns":3.0},{"damage":24.0,"enemies":"Spheric Guardian","floor":19.0,"turns":4.0},{"damage":49.0,"enemies":"Slavers","floor":24.0,"turns":7.0},{"damage":9.0,"enemies":"Snecko","floor":28.0,"turns":4.0},{"damage":52.0,"enemies":"Gremlin Leader","floor":29.0,"turns":9.0},{"damage":8.0,"enemies":"Cultist and Chosen","floor":31.0,"turns":5.0},{"damage":55.0,"enemies":"Collector","floor":33.0,"turns":10.0},{"damage":0.0,"enemies":"3 Shapes","floor":35.0,"turns":2.0},{"damage":64.0,"enemies":"Mind Bloom Boss Battle","floor":37.0,"turns":5.0},{"damage":24.0,"enemies":"Orb Walker","floor":38.0,"turns":5.0},{"damage":42,"enemies":"Reptomancer","floor":41,"turns":2}],"seed_played":"7411195992637447861","potions_obtained":[{"floor":1.0,"key":"FairyPotion"},{"floor":4.0,"key":"GamblersBrew"},{"floor":16.0,"key":"GamblersBrew"},{"floor":18.0,"key":"Fire Potion"},{"floor":28.0,"key":"Swift Potion"},{"floor":29.0,"key":"BloodPotion"},{"floor":35.0,"key":"Explosive Potion"}],"is_trial":false,"path_per_floor":["M","$","?","M","?","R","E","R","T","M","R","$","R","M","R","B",null,"M","M","?","?","?","R","E","R","T","$","M","E","R","M","R","B",null,"M","$","?","M","$","R","E"],"character_chosen":"IRONCLAD","items_purchased":["Inflame","Sword Boomerang","Inflame","Heavy Blade","Shuriken","Burning Pact","True Grit"],"campfire_rested":1,"item_purchase_floors":[12,12,27,27,36,36,39],"current_hp_per_floor":[80,80,69,75,80,80,85,85,85,85,85,85,85,77,77,50,85,85,67,67,61,61,61,34,34,34,34,35,16,42,44,44,23,89,89,89,35,25,25,25,0],"gold":32,"neow_bonus":"THREE_ENEMY_KILL","is_prod":false,"is_daily":false,"chose_seed":false,"campfire_upgraded":9,"win_rate":0,"timestamp":1553494107,"path_taken":["M","$","?","M","?","R","E","R","T","M","R","$","R","M","R","BOSS","M","M","?","?","?","R","E","R","T","?","?","E","R","M","R","BOSS","M","?","?","M","$","R","E"],"build_version":"2019-01-23","purchased_purges":2,"victory":false,"max_hp_per_floor":[80,80,80,80,85,85,85,85,85,85,85,85,85,85,85,85,85,85,85,85,85,85,85,85,85,85,85,87,89,89,89,89,89,89,89,89,89,91,91,91,91],"card_choices":[{"not_picked":["Hemokinesis","Wild Strike"],"picked":"Clothesline","floor":1.0},{"not_picked":["Body Slam","Warcry"],"picked":"Iron Wave","floor":4.0},{"not_picked":["Sword Boomerang","Shrug It Off"],"picked":"Iron Wave","floor":7.0},{"not_picked":["Cleave","Entrench"],"picked":"Pommel Strike","floor":10.0},{"not_picked":["Bludgeon","Perfected Strike"],"picked":"Disarm","floor":14.0},{"not_picked":["Immolate","Bludgeon"],"picked":"Reaper","floor":16.0},{"not_picked":["Entrench+1","Seeing Red","Fire Breathing"],"picked":"SKIP","floor":18.0},{"not_picked":["Sever Soul","Armaments"],"picked":"Hemokinesis","floor":19.0},{"not_picked":["Searing Blow","Dual Wield"],"picked":"Sword Boomerang+1","floor":24.0},{"not_picked":["Sever Soul+1","Clothesline","Metallicize"],"picked":"Singing Bowl","floor":28.0},{"not_picked":["Sever Soul","Warcry","Perfected Strike+1"],"picked":"Singing Bowl","floor":29.0},{"not_picked":["Flex","Havoc"],"picked":"Heavy Blade","floor":31.0},{"not_picked":["Juggernaut","Barricade"],"picked":"Fiend Fire","floor":33.0},{"not_picked":["Seeing Red+1","Heavy Blade"],"picked":"Bloodletting+1","floor":35.0},{"not_picked":["Dropkick+1","Shockwave"],"picked":"True Grit","floor":37.0},{"not_picked":["Rampage+1","Whirlwind+1","Wild Strike+1"],"picked":"Singing Bowl","floor":38.0}],"player_experience":228729,"relics_obtained":[{"floor":7.0,"key":"Letter Opener"},{"floor":24.0,"key":"Singing Bowl"},{"floor":26.0,"key":"The Courier"},{"floor":29.0,"key":"Juzu Bracelet"},{"floor":37.0,"key":"Peace Pipe"}],"event_choices":[{"damage_healed":0.0,"max_hp_gain":0.0,"max_hp_loss":0.0,"gold_gain":75.0,"event_name":"World of Goop","player_choice":"Gather Gold","floor":3.0,"gold_loss":0.0,"damage_taken":11.0},{"damage_healed":0.0,"max_hp_gain":5.0,"max_hp_loss":0.0,"gold_gain":0.0,"event_name":"Big Fish","player_choice":"Donut","floor":5.0,"gold_loss":0.0,"damage_taken":0.0},{"damage_healed":0.0,"max_hp_gain":0.0,"max_hp_loss":0.0,"gold_gain":0.0,"event_name":"Addict","player_choice":"Obtained Relic","floor":20.0,"gold_loss":85.0,"damage_taken":0.0,"relics_obtained":["Bird Faced Urn"]},{"damage_healed":0.0,"max_hp_gain":0.0,"max_hp_loss":0.0,"gold_gain":0.0,"event_name":"Nest","player_choice":"Joined the Cult","floor":21.0,"gold_loss":0.0,"damage_taken":6.0,"cards_obtained":["RitualDagger"]},{"damage_healed":0.0,"max_hp_gain":0.0,"max_hp_loss":0.0,"gold_gain":0.0,"event_name":"Back to Basics","player_choice":"Simplicity","floor":22.0,"gold_loss":0.0,"damage_taken":0.0,"cards_upgraded":["Strike_R","Strike_R","Strike_R","Strike_R","Defend_R","Defend_R","Defend_R","Defend_R"]},{"damage_healed":0.0,"max_hp_gain":0.0,"max_hp_loss":0.0,"gold_gain":0.0,"event_name":"MindBloom","player_choice":"Fight","floor":37.0,"gold_loss":0.0,"damage_taken":0.0}],"is_beta":false,"boss_relics":[{"not_picked":["Runic Cube","Empty Cage"],"picked":"Runic Dome"},{"not_picked":["Black Blood","Lizard Tail"],"picked":"Astrolabe"}],"items_purged_floors":[2,39],"is_endless":false,"potions_floor_spawned":[1,4,16,18,28,29,35],"killed_by":"Reptomancer","ascension_level":0}