{"gold_per_floor":[115,126,17,17,31,31,42,61,61,61,7,38,38,55,55,157,157,168,179,34,54,54,54,73,73,97,142,173,185,197,409,421,537,549,574,598,629,66,0,29,29,47,47,47,47,47,58,77,77,77],"floor_reached":51,"playtime":3461,"items_purged":["Writhe","Strike_B","Defend_B"],"score":799,"play_id":"d19ed312-6643-4e21-ad94-a7d55f037e54","local_time":"20190518181113","is_ascension_mode":false,"campfire_choices":[{"data":"Defragment","floor":6,"key":"SMITH"},{"floor":10,"key":"REST"},{"data":"Conserve Battery","floor":15,"key":"SMITH"},{"data":"Sunder","floor":23,"key":"SMITH"},{"data":"Coolheaded","floor":25,"key":"SMITH"},{"data":"Normality","floor":30,"key":"PURGE"},{"data":"Defragment","floor":32,"key":"SMITH"},{"floor":41,"key":"REST"},{"floor":44,"key":"RECALL"},{"data":"Shame","floor":49,"key":"PURGE"}],"neow_cost":"CURSE","seed_source_timestamp":1211431120851,"circlet_count":0,"master_deck":["Defend_B","Defend_B","Zap","Dualcast","Consume+1","Sweeping Beam","Cold Snap","Conserve Battery+1","Defragment+1","Cold Snap","Coolheaded+1","Coolheaded","Conserve Battery","Cold Snap","Electrodynamics","Sunder+1","Ball Lightning","Cold Snap","Redo+1","Defragment+1","Machine Learning","Storm+1","Ball Lightning+1","The Bomb","Creative AI"],"relics":["Cracked Core","Thread and Needle","Mummified Hand","Cursed Key","MawBank","Peace Pipe","Empty Cage","Pantograph","Red Mask","Emotion Chip","Unceasing Top"],"potions_floor_usage":[12,18,33,33,37,50],"damage_taken":[{"damage":1,"enemies":"Cultist","floor":1,"turns":3},{"damage":5,"enemies":"Small Slimes","floor":2,"turns":3},{"damage":0,"enemies":"2 Louse","floor":5,"turns":3},{"damage":4,"enemies":"2 Fungi Beasts","floor":7,"turns":3},{"damage":22,"enemies":"Exordium Thugs","floor":8,"turns":6},{"damage":0,"enemies":"Gremlin Nob","floor":12,"turns":8},{"damage":0,"enemies":"Blue Slaver","floor":14,"turns":4},{"damage":21,"enemies":"The Guardian","floor":16,"turns":18},{"damage":0,"enemies":"3 Byrds","floor":18,"turns":2},{"damage":0,"enemies":"Shell Parasite","floor":19,"turns":6},{"damage":0,"enemies":"Sentry and Sphere","floor":21,"turns":4},{"damage":0,"enemies":"Snake Plant","floor":24,"turns":6},{"damage":0,"enemies":"Book of Stabbing","floor":27,"turns":7},{"damage":0,"enemies":"Centurion and Healer","floor":28,"turns":4},{"damage":0,"enemies":"Collector","floor":33,"turns":7},{"damage":0,"enemies":"3 Shapes","floor":35,"turns":3},{"damage":0,"enemies":"Orb Walker","floor":36,"turns":5},{"damage":5,"enemies":"4 Shapes","floor":37,"turns":4},{"damage":39,"enemies":"Reptomancer","floor":40,"turns":6},{"damage":3,"enemies":"3 Darklings","floor":42,"turns":2},{"damage":0,"enemies":"Sphere and 2 Shapes","floor":47,"turns":3},{"damage":0,"enemies":"Maw","floor":48,"turns":6},{"damage":21,"enemies":"Time Eater","floor":50,"turns":11}],"seed_played":"4117657048874025485","potions_obtained":[{"floor":2,"key":"SteroidPotion"},{"floor":5,"key":"SkillPotion"},{"floor":16,"key":"LiquidBronze"},{"floor":19,"key":"Ancient Potion"},{"floor":21,"key":"PowerPotion"},{"floor":35,"key":"Explosive Potion"},{"floor":42,"key":"FairyPotion"},{"floor":47,"key":"EssenceOfSteel"}],"is_trial":false,"path_per_floor":["?","?","$","?","M","?","?","?"],"character_chosen":"DEFECT","items_purchased":["Defragment","Coolheaded","Ball Lightning","The Bomb","Pantograph"],"campfire_rested":2,"item_purchase_floors":[3,11,20,38,38],"current_hp_per_floor":[74,69,69,66,66,66,62,40,40,62,62,62,62,62,62,41,75,75,75,75,75,75,75,75,75,75,75,75,75,75,75,75,75,75,75,75,70,70,70,31,53,50,50,50,50,50,50,50,50,50],"gold":77,"neow_bonus":"TRANSFORM_TWO_CARDS","is_prod":false,"is_daily":false,"chose_seed":false,"campfire_upgraded":5,"win_rate":0,"timestamp":1558217473,"path_taken":["M","M","$","?","M","R","M","M","T","R","$","E","?","M","R","BOSS","M","M","$","M","?","R","M","R","T","E","M","$","R","?","R","BOSS","M","?","M","$","?","E","R","M","T","R","?","?","M","M","R","BOSS"],"build_version":"2019-01-23","purchased_purges":3,"victory":true,"max_hp_per_floor":[75,75,75,75,75,75,75,75,75,75,75,75,75,75,75,75,75,75,75,75,75,75,75,75,75,75,75,75,75,75,75,75,75,75,75,75,75,75,75,75,75,75,75,75,71,71,71,71,71,71],"card_choices":[{"not_picked":["Leap","Streamline"],"picked":"Cold Snap","floor":1},{"not_picked":["Tempest","Force Field"],"picked":"Conserve Battery","floor":2},{"not_picked":["Leap","Rip and Tear","Sweeping Beam"],"picked":"SKIP","floor":5},{"not_picked":["Ball Lightning","Turbo"],"picked":"Cold Snap","floor":7},{"not_picked":["Lockon","Rip and Tear"],"picked":"Coolheaded","floor":8},{"not_picked":["Redo","Rebound"],"picked":"Conserve Battery","floor":12},{"not_picked":["Chill","Steam Power"],"picked":"Cold Snap","floor":14},{"not_picked":["Fission","Amplify"],"picked":"Electrodynamics","floor":16},{"not_picked":["Stack","Compile Driver","BootSequence"],"picked":"SKIP","floor":18},{"not_picked":["Recycle","Turbo"],"picked":"Sunder","floor":19},{"not_picked":["Darkness","Streamline","Steam"],"picked":"SKIP","floor":21},{"not_picked":["Conserve Battery+1","Steam"],"picked":"Cold Snap","floor":24},{"not_picked":["Streamline","Fusion"],"picked":"Redo+1","floor":27},{"not_picked":["Aggregate+1","Sweeping Beam"],"picked":"Defragment","floor":28},{"not_picked":["Amplify","Multi-Cast"],"picked":"Machine Learning","floor":33},{"not_picked":["Turbo","Sweeping Beam+1"],"picked":"Storm+1","floor":35},{"not_picked":["Leap+1","Turbo","Hologram"],"picked":"SKIP","floor":36},{"not_picked":["Compile Driver","Barrage"],"picked":"Ball Lightning+1","floor":37},{"not_picked":["Recycle","Aggregate","Cold Snap"],"picked":"SKIP","floor":40},{"not_picked":["Heatsinks+1","FTL+1"],"picked":"Creative AI","floor":42},{"not_picked":["Barrage","Go for the Eyes+1","Reprogram"],"picked":"SKIP","floor":47},{"not_picked":["Barrage","Fusion","Sweeping Beam"],"picked":"SKIP","floor":48}],"player_experience":551924,"relics_obtained":[{"floor":9,"key":"Thread and Needle"},{"floor":12,"key":"Mummified Hand"},{"floor":26,"key":"MawBank"},{"floor":27,"key":"Peace Pipe"},{"floor":40,"key":"Emotion Chip"},{"floor":43,"key":"Unceasing Top"}],"event_choices":[{"damage_healed":0,"gold_gain":0,"player_choice":"Fled","damage_taken":3,"max_hp_gain":0,"max_hp_loss":0,"event_name":"Scrap Ooze","floor":4,"gold_loss":0},{"damage_healed":0,"gold_gain":0,"player_choice":"Upgraded","damage_taken":0,"max_hp_gain":0,"max_hp_loss":0,"event_name":"Upgrade Shrine","floor":13,"gold_loss":0,"cards_upgraded":["Consume"]},{"damage_healed":0,"gold_gain":200,"player_choice":"Gold","damage_taken":0,"max_hp_gain":0,"max_hp_loss":0,"event_name":"Wheel of Change","floor":31,"gold_loss":0},{"damage_healed":0,"gold_gain":0,"player_choice":"Paid","damage_taken":0,"relics_obtained":["Red Mask"],"max_hp_gain":0,"max_hp_loss":0,"event_name":"Tomb of Lord Red Mask","floor":39,"gold_loss":66},{"damage_healed":0,"gold_gain":0,"player_choice":"Max HP","damage_taken":0,"max_hp_gain":0,"max_hp_loss":4,"event_name":"Winding Halls","floor":45,"gold_loss":0},{"damage_healed":0,"gold_gain":0,"player_choice":"Memory 1","damage_taken":0,"max_hp_gain":0,"max_hp_loss":0,"event_name":"SensoryStone","floor":46,"gold_loss":0}],"is_beta":false,"boss_relics":[{"not_picked":["Lizard Tail","Velvet Choker"],"picked":"Cursed Key"},{"not_picked":["Eternal Feather","FrozenCore"],"picked":"Empty Cage"}],"items_purged_floors":[3,20,38],"is_endless":false,"potions_floor_spawned":[2,5,16,19,21,24,27,35,42,47],"ascension_level":0}