{"gold_per_floor":[112,128,146,15,15,49,49,49,49,63,97,108,108,108,108,205,205,223,42,42,42,17,17],"floor_reached":23,"playtime":1297,"items_purged":[],"score":236,"play_id":"53c6fc24-f09e-45b8-b9f6-698d82643aec","local_time":"20190324202204","is_ascension_mode":true,"campfire_choices":[{"floor":8,"key":"REST"},{"floor":13,"key":"REST"},{"floor":15,"key":"REST"}],"neow_cost":"NONE","seed_source_timestamp":256852553324057,"circlet_count":0,"master_deck":["Strike_B","Strike_B+1","Strike_B","Strike_B","Defend_B","Defend_B","Defend_B+1","Defend_B","Zap","Dualcast","Dramatic Entrance","Conserve Battery","Glacier","Genetic Algorithm","Static Discharge","Coolheaded","Electrodynamics","Static Discharge","Leap","Turbo","Fission","Streamline+1","Apotheosis","Shame","Leap"],"relics":["Cracked Core","Darkstone Periapt","Shuriken","Blood Vial","Inserter","Smiling Mask"],"potions_floor_usage":[11,20,20],"damage_taken":[{"damage":1,"enemies":"Cultist","floor":1,"turns":3},{"damage":0,"enemies":"2 Louse","floor":2,"turns":3},{"damage":0,"enemies":"Small Slimes","floor":3,"turns":2},{"damage":21,"enemies":"3 Sentries","floor":6,"turns":8},{"damage":0,"enemies":"Exordium Wildlife","floor":10,"turns":3},{"damage":44,"enemies":"Gremlin Nob","floor":11,"turns":5},{"damage":2,"enemies":"Blue Slaver","floor":12,"turns":5},{"damage":48,"enemies":"Hexaghost","floor":16,"turns":11},{"damage":30,"enemies":"Spheric Guardian","floor":18,"turns":7},{"damage":27,"enemies":"Colosseum Slavers","floor":20,"turns":2},{"damage":28,"enemies":"Book of Stabbing","floor":23,"turns":4}],"seed_played":"3952000741120770741","potions_obtained":[{"floor":1,"key":"SteroidPotion"},{"floor":3,"key":"EssenceOfSteel"},{"floor":6,"key":"Explosive Potion"},{"floor":18,"key":"AttackPotion"}],"is_trial":false,"path_per_floor":["?","?","?","?","?"],"character_chosen":"DEFECT","items_purchased":["Static Discharge","Coolheaded","Apotheosis","Leap"],"campfire_rested":3,"item_purchase_floors":[4,4,19,22],"current_hp_per_floor":[74,74,74,74,74,53,38,60,60,60,16,16,38,38,60,14,75,45,45,20,26,26,0],"gold":17,"neow_bonus":"RANDOM_COLORLESS","is_prod":false,"is_daily":false,"chose_seed":false,"campfire_upgraded":0,"win_rate":0,"timestamp":1553473324,"path_taken":["M","M","M","$","?","E","?","R","T","M","E","M","R","?","R","BOSS","M","$","?","?","$","E"],"build_version":"2019-01-23","purchased_purges":0,"victory":false,"max_hp_per_floor":[75,75,75,75,75,75,75,75,75,75,75,75,75,75,75,75,75,75,75,75,81,81,81],"card_choices":[{"not_picked":["Turbo","Redo"],"picked":"Conserve Battery","floor":1},{"not_picked":["Turbo","Go for the Eyes"],"picked":"Glacier","floor":2},{"not_picked":["FTL","Stack"],"picked":"Genetic Algorithm","floor":3},{"not_picked":["Recycle","Rebound"],"picked":"Electrodynamics","floor":6},{"not_picked":["Barrage","Gash"],"picked":"Static Discharge","floor":10},{"not_picked":["Streamline","Turbo"],"picked":"Leap","floor":11},{"not_picked":["Ball Lightning","Recycle"],"picked":"Turbo","floor":12},{"not_picked":["Rainbow","Thunder Strike"],"picked":"Fission","floor":16},{"not_picked":["Ball Lightning","FTL+1"],"picked":"Streamline+1","floor":18}],"player_experience":328215,"relics_obtained":[{"floor":6,"key":"Darkstone Periapt"},{"floor":9,"key":"Shuriken"},{"floor":11,"key":"Blood Vial"}],"event_choices":[{"damage_healed":0,"gold_gain":0,"player_choice":"Leave","damage_taken":0,"max_hp_gain":0,"max_hp_loss":0,"event_name":"The Cleric","floor":5,"gold_loss":0},{"damage_healed":0,"gold_gain":0,"player_choice":"Entered Light","damage_taken":15,"max_hp_gain":0,"max_hp_loss":0,"event_name":"Shining Light","floor":7,"gold_loss":0,"cards_upgraded":["Strike_B","Defend_B"]},{"damage_healed":0,"gold_gain":0,"player_choice":"Ignored","damage_taken":0,"max_hp_gain":0,"max_hp_loss":0,"event_name":"Golden Wing","floor":14,"gold_loss":0},{"damage_healed":0,"gold_gain":0,"player_choice":"Fight","damage_taken":0,"max_hp_gain":0,"max_hp_loss":0,"event_name":"Colosseum","floor":20,"gold_loss":0},{"damage_healed":0,"gold_gain":0,"player_choice":"Fled From Nobs","damage_taken":0,"max_hp_gain":0,"max_hp_loss":0,"event_name":"Colosseum","floor":20,"gold_loss":0},{"damage_healed":0,"gold_gain":0,"player_choice":"Stole Relic","damage_taken":0,"relics_obtained":["Smiling Mask"],"max_hp_gain":0,"max_hp_loss":0,"event_name":"Addict","floor":21,"gold_loss":0,"cards_obtained":["Shame"]}],"is_beta":false,"boss_relics":[{"not_picked":["Ectoplasm","Runic Dome"],"picked":"Inserter"}],"items_purged_floors":[],"is_endless":false,"potions_floor_spawned":[1,3,6,18],"killed_by":"Book of Stabbing","ascension_level":4}