{"gold_per_floor":[117,117,128,78,89,89,121,121,121,121,159,192,192,205,205,325,325,350,50,50,50,320,320,344,344,368,368,388,303,303,303,303,434,434,459,584,584,609,633,666,419,459,507,507,88,88,109,123,123,123],"floor_reached":51,"playtime":1725,"items_purged":[],"score":859,"play_id":"cb8a9547-e7d3-470d-80ad-dc5df0e79667","local_time":"20190531152132","is_ascension_mode":false,"campfire_choices":[{"data":"Immolate","floor":6.0,"key":"SMITH"},{"data":"Defend_R","floor":8,"key":"SMITH"},{"data":"Spot Weakness","floor":15,"key":"SMITH"},{"data":"True Grit","floor":23,"key":"SMITH"},{"data":"Feed","floor":25,"key":"SMITH"},{"data":"Shrug It Off","floor":27,"key":"SMITH"},{"data":"Battle Trance","floor":30,"key":"SMITH"},{"floor":32,"key":"REST"},{"floor":44,"key":"RECALL"},{"data":"Feel No Pain","floor":46,"key":"SMITH"},{"data":"Feel No Pain","floor":49,"key":"SMITH"}],"neow_cost":"NONE","seed_source_timestamp":12910067153769,"circlet_count":0,"master_deck":["Strike_R+1","Strike_R+1","Strike_R+1","Strike_R+1","Defend_R+1","Defend_R+1","Defend_R+1","Defend_R+1","Bash+1","Immolate+1","Battle Trance+1","Spot Weakness+1","Feed+1","Shrug It Off+1","True Grit+1","Sentinel+1","Reaper","Seeing Red+1","Entrench+1","Corruption+1","Shockwave","Iron Wave+1","Barricade","Panache","Feel No Pain+1","Feel No Pain+1"],"special_seed":0,"relics":["Burning Blood","PreservedInsect","Kunai","Golden Idol","Odd Mushroom","Bottled Lightning","Sozu","Dead Branch","MutagenicStrength","Smiling Mask","Paper Frog","Orrery","StoneCalendar","Lantern","Bottled Flame","Bird Faced Urn","keyreminder:keyreminder","Anchor"],"potions_floor_usage":[16,28,33,50],"damage_taken":[{"damage":6.0,"enemies":"Jaw Worm","floor":1.0,"turns":2.0},{"damage":12.0,"enemies":"Small Slimes","floor":3.0,"turns":3.0},{"damage":0.0,"enemies":"Cultist","floor":5.0,"turns":2.0},{"damage":36.0,"enemies":"Lagavulin","floor":7.0,"turns":6.0},{"damage":0,"enemies":"The Mushroom Lair","floor":11,"turns":2},{"damage":0,"enemies":"3 Sentries","floor":12,"turns":2},{"damage":0,"enemies":"3 Louse","floor":14,"turns":1},{"damage":55,"enemies":"Slime Boss","floor":16,"turns":7},{"damage":5,"enemies":"3 Byrds","floor":18,"turns":4},{"damage":20,"enemies":"Spheric Guardian","floor":24,"turns":6},{"damage":3,"enemies":"Centurion and Healer","floor":28,"turns":3},{"damage":50,"enemies":"Automaton","floor":33,"turns":9},{"damage":11,"enemies":"3 Shapes","floor":35,"turns":5},{"damage":19,"enemies":"Mind Bloom Boss Battle","floor":36,"turns":5},{"damage":12,"enemies":"3 Darklings","floor":38,"turns":5},{"damage":30,"enemies":"4 Shapes","floor":39,"turns":6},{"damage":17,"enemies":"Reptomancer","floor":40,"turns":5},{"damage":24,"enemies":"Nemesis","floor":42,"turns":6},{"damage":5,"enemies":"Transient","floor":47,"turns":5},{"damage":0,"enemies":"Spire Growth","floor":48,"turns":3},{"damage":39,"enemies":"Awakened One","floor":50,"turns":7}],"seed_played":"6961199473651899700","potions_obtained":[{"floor":0.0,"key":"LiquidBronze"},{"floor":0.0,"key":"GamblersBrew"},{"floor":0.0,"key":"AttackPotion"},{"floor":5.0,"key":"Fire Potion"},{"floor":16,"key":"SteroidPotion"}],"is_trial":false,"path_per_floor":["M","?","M","?","M","R","E","R","T","?","?","E","?","M","R","B",null,"M","$","?","?","?","R","M","R","T","R","M","?","R","?","R","B",null,"M","?","?","M","M","E","$","E","T","R","$","R","M","M","R","B",null],"character_chosen":"IRONCLAD","items_purchased":["Dead Branch","Bottled Flame","Panache","Feel No Pain","Anchor"],"campfire_rested":1,"item_purchase_floors":[19,41,45,45,45],"current_hp_per_floor":[80,80,74,74,80,80,50,50,50,50,56,62,62,68,68,19,74,77,77,77,77,49,49,38,38,38,38,45,45,45,45,70,26,84,85,80,80,75,68,61,61,43,43,43,43,43,61,91,91,82],"gold":123,"neow_bonus":"THREE_SMALL_POTIONS","is_prod":false,"is_daily":false,"chose_seed":false,"campfire_upgraded":9,"win_rate":0,"timestamp":1559308892,"path_taken":["M","?","M","?","M","R","E","R","T","?","?","E","?","M","R","BOSS","M","$","?","?","?","R","M","R","T","R","?","?","R","?","R","BOSS","M","?","?","M","?","E","$","E","T","R","$","R","?","?","R","BOSS"],"build_version":"2019-01-23","purchased_purges":0,"victory":true,"max_hp_per_floor":[80,80,80,80,80,80,80,80,80,74,74,74,74,74,74,74,74,77,77,77,77,77,77,80,80,80,80,84,84,84,84,84,84,84,88,88,88,88,88,92,92,92,92,92,92,92,92,96,96,96],"card_choices":[{"not_picked":["Flex","Immolate","Clash"],"picked":"SKIP","floor":1.0},{"not_picked":["Flex","Clash"],"picked":"Immolate","floor":1.0},{"not_picked":["Cleave","Combust","Searing Blow"],"picked":"SKIP","floor":3.0},{"not_picked":["True Grit","Flame Barrier"],"picked":"Battle Trance","floor":5.0},{"not_picked":["Infernal Blade","Bloodletting","Body Slam"],"picked":"SKIP","floor":7},{"not_picked":["Battle Trance","Anger"],"picked":"Spot Weakness","floor":12},{"not_picked":["Wild Strike","Twin Strike","Armaments"],"picked":"SKIP","floor":14},{"not_picked":["Immolate","Impervious"],"picked":"Feed","floor":16},{"not_picked":["Havoc+1","Heavy Blade"],"picked":"Shrug It Off","floor":18},{"not_picked":["Reckless Charge","Headbutt","Rage+1"],"picked":"SKIP","floor":24},{"not_picked":["Hemokinesis","Blood for Blood"],"picked":"Sentinel+1","floor":28},{"not_picked":["Impervious","Demon Form"],"picked":"Reaper","floor":33},{"not_picked":["Sentinel+1","Twin Strike+1"],"picked":"Seeing Red+1","floor":34},{"not_picked":["Warcry","Disarm"],"picked":"Entrench+1","floor":34},{"not_picked":["Flex+1","Double Tap"],"picked":"Corruption+1","floor":34},{"not_picked":["Armaments","Rupture"],"picked":"Shockwave","floor":34},{"not_picked":["Perfected Strike+1","Wild Strike"],"picked":"Iron Wave+1","floor":35},{"not_picked":["Headbutt+1","Intimidate","Wild Strike+1"],"picked":"SKIP","floor":38},{"not_picked":["Warcry+1","Clash+1"],"picked":"Barricade","floor":39},{"not_picked":["Iron Wave","Sword Boomerang","Dual Wield+1"],"picked":"SKIP","floor":40},{"not_picked":["Twin Strike","Armaments","Whirlwind+1"],"picked":"SKIP","floor":42},{"not_picked":["Shrug It Off","Armaments+1","Pommel Strike"],"picked":"SKIP","floor":47},{"not_picked":["Heavy Blade+1","Clash+1","Feel No Pain"],"picked":"SKIP","floor":48},{"not_picked":["Heavy Blade+1","Clash+1"],"picked":"Feel No Pain","floor":48}],"player_experience":103162,"relics_obtained":[{"floor":7,"key":"PreservedInsect"},{"floor":9,"key":"Kunai"},{"floor":11,"key":"Odd Mushroom"},{"floor":12,"key":"Bottled Lightning"},{"floor":26,"key":"Smiling Mask"},{"floor":36,"key":"StoneCalendar"},{"floor":40,"key":"Lantern"},{"floor":42,"key":"Bird Faced Urn"}],"event_choices":[{"damage_healed":0.0,"max_hp_gain":0.0,"max_hp_loss":0.0,"gold_gain":0.0,"event_name":"Living Wall","player_choice":"Grow","floor":2.0,"gold_loss":0.0,"damage_taken":0.0,"cards_upgraded":["Bash"]},{"cards_removed":["Strike_R"],"damage_healed":0.0,"max_hp_gain":0.0,"max_hp_loss":0.0,"gold_gain":0.0,"event_name":"The Cleric","player_choice":"Card Removal","floor":4.0,"gold_loss":50.0,"damage_taken":0.0},{"damage_healed":0,"gold_gain":0,"player_choice":"Lose Max HP","damage_taken":0,"relics_obtained":["Golden Idol"],"max_hp_gain":0,"max_hp_loss":6,"event_name":"Golden Idol","floor":10,"gold_loss":0},{"damage_healed":0,"gold_gain":0,"player_choice":"Fought Mushrooms","damage_taken":0,"max_hp_gain":0,"max_hp_loss":0,"event_name":"Mushrooms","floor":11,"gold_loss":0},{"damage_healed":0,"gold_gain":0,"player_choice":"Ignored","damage_taken":0,"max_hp_gain":0,"max_hp_loss":0,"event_name":"Liars Game","floor":13,"gold_loss":0},{"damage_healed":0,"gold_gain":0,"player_choice":"Inject Mutagens","damage_taken":0,"relics_obtained":["MutagenicStrength"],"max_hp_gain":0,"max_hp_loss":0,"event_name":"Drug Dealer","floor":20,"gold_loss":0},{"damage_healed":0,"gold_gain":0,"player_choice":"Read","damage_taken":0,"max_hp_gain":0,"max_hp_loss":0,"event_name":"The Library","floor":21,"gold_loss":0,"cards_obtained":["True Grit"]},{"damage_healed":0,"gold_gain":270,"player_choice":"GOLD GOLD GOLD ","damage_taken":28,"max_hp_gain":0,"max_hp_loss":0,"event_name":"Knowing Skull","floor":22,"potions_obtained":[],"gold_loss":0,"cards_obtained":[]},{"damage_healed":0,"gold_gain":0,"player_choice":"Obtained Relic","damage_taken":0,"relics_obtained":["Paper Frog"],"max_hp_gain":0,"max_hp_loss":0,"event_name":"Addict","floor":29,"gold_loss":85},{"damage_healed":0,"gold_gain":0,"player_choice":"Simplicity","damage_taken":0,"max_hp_gain":0,"max_hp_loss":0,"event_name":"Back to Basics","floor":31,"gold_loss":0,"cards_upgraded":["Strike_R","Strike_R","Strike_R","Strike_R","Defend_R","Defend_R","Defend_R"]},{"damage_healed":0,"gold_gain":0,"player_choice":"Fight","damage_taken":0,"max_hp_gain":0,"max_hp_loss":0,"event_name":"MindBloom","floor":36,"gold_loss":0},{"damage_healed":0,"gold_gain":0,"player_choice":"Bought 0 Potions","damage_taken":0,"max_hp_gain":0,"max_hp_loss":0,"event_name":"The Woman in Blue","floor":37,"gold_loss":0}],"is_beta":false,"boss_relics":[{"not_picked":["Calling Bell","Runic Dome"],"picked":"Sozu"},{"not_picked":["Velvet Choker","Lizard Tail"],"picked":"Orrery"}],"items_purged_floors":[],"is_endless":false,"potions_floor_spawned":[5,7,11,12,16,24,35,36,40,48],"ascension_level":0}