{"gold_per_floor":[218,218,44,44,119,158,170,220,284,312,324,379,70,35,35,155,155,175,175,200,77,77,118,118,157,208,208,248,248,248,70,70,174,174,189,0,10,10,30,30,55,160,160,175,175,204,254,283,283,283],"floor_reached":50,"playtime":9357,"items_purged":["Strike_B","Parasite"],"score":897,"play_id":"2299e871-b493-4f5a-a61d-21552e567b74","local_time":"20190523122938","is_ascension_mode":true,"campfire_choices":[{"data":"White Noise","floor":7.0,"key":"SMITH"},{"floor":11.0,"key":"REST"},{"data":"Buffer","floor":15.0,"key":"SMITH"},{"data":"White Noise","floor":24.0,"key":"SMITH"},{"floor":27.0,"key":"REST"},{"data":"Defragment","floor":29.0,"key":"SMITH"},{"data":"Loop","floor":32.0,"key":"SMITH"},{"data":"Hologram","floor":40.0,"key":"SMITH"},{"data":"Chill","floor":45.0,"key":"SMITH"},{"floor":49.0,"key":"RECALL"}],"neow_cost":"NONE","seed_source_timestamp":366823902432232,"circlet_count":0,"master_deck":["Strike_B+1","Strike_B","Strike_B+1","Defend_B+1","Defend_B","Defend_B","Defend_B","Zap","Dualcast+1","Loop+1","White Noise+1","Hologram+1","Cold Snap","Buffer+1","Echo Form","Chill","White Noise+1","Defragment+1","Conserve Battery","RitualDagger","Compile Driver","Chill+1","BootSequence","Core Surge","Hologram+1","Self Repair","Creative AI","Loop+1","Pain","Machine Learning"],"special_seed":0,"relics":["Cracked Core","Bloody Idol","Nunchaku","MawBank","Whetstone","War Paint","Juzu Bracelet","Pantograph","Cursed Key","Ancient Tea Set","Oddly Smooth Stone","Bronze Scales","Bottled Tornado","Coffee Dripper","Red Mask","SsserpentHead","Mummified Hand","Calipers","Strawberry","Kunai"],"potions_floor_usage":[50,50,50],"damage_taken":[{"damage":0.0,"enemies":"2 Louse","floor":1.0,"turns":2.0},{"damage":16.0,"enemies":"Lagavulin","floor":6.0,"turns":5.0},{"damage":18.0,"enemies":"Gremlin Nob","floor":8.0,"turns":3.0},{"damage":7.0,"enemies":"Jaw Worm","floor":10.0,"turns":3.0},{"damage":22.0,"enemies":"3 Sentries","floor":12.0,"turns":8.0},{"damage":0.0,"enemies":"The Guardian","floor":16.0,"turns":12.0},{"damage":10.0,"enemies":"3 Byrds","floor":18.0,"turns":3.0},{"damage":0.0,"enemies":"Chosen","floor":20.0,"turns":9.0},{"damage":13.0,"enemies":"Book of Stabbing","floor":23.0,"turns":7.0},{"damage":29.0,"enemies":"Slavers","floor":25.0,"turns":9.0},{"damage":15.0,"enemies":"Book of Stabbing","floor":28.0,"turns":7.0},{"damage":16.0,"enemies":"Automaton","floor":33.0,"turns":12.0},{"damage":2.0,"enemies":"Orb Walker","floor":35.0,"turns":4.0},{"damage":0.0,"enemies":"3 Shapes","floor":37.0,"turns":6.0},{"damage":34.0,"enemies":"Jaw Worm Horde","floor":39.0,"turns":6.0},{"damage":32.0,"enemies":"Nemesis","floor":41.0,"turns":11.0},{"damage":0.0,"enemies":"2 Orb Walkers","floor":42.0,"turns":4.0},{"damage":19.0,"enemies":"Sphere and 2 Shapes","floor":44.0,"turns":5.0},{"damage":26.0,"enemies":"Reptomancer","floor":46.0,"turns":11.0},{"damage":7.0,"enemies":"Nemesis","floor":48.0,"turns":7.0},{"damage":84,"enemies":"Awakened One","floor":50,"turns":9}],"seed_played":"-3041223384139797361","potions_obtained":[{"floor":1.0,"key":"Dexterity Potion"},{"floor":6.0,"key":"AttackPotion"},{"floor":12.0,"key":"LiquidBronze"},{"floor":25.0,"key":"SteroidPotion"},{"floor":28.0,"key":"Poison Potion"},{"floor":35.0,"key":"Strength Potion"},{"floor":42.0,"key":"PowerPotion"},{"floor":44.0,"key":"FearPotion"},{"floor":46.0,"key":"FocusPotion"},{"floor":48.0,"key":"Regen Potion"}],"is_trial":false,"path_per_floor":["M","?","$","?","?","E","R","E","T","M","R","E","$","?","R","B",null,"M","?","M","$","?","E","R","E","T","R","E","R","?","$","R","B",null,"M","?","M","?","M","R","E","?","T","M","R","E","?","E","R","B"],"character_chosen":"DEFECT","items_purchased":["AttackPotion","Fire Potion","Pantograph","FocusPotion","Defragment","Conserve Battery","BootSequence"],"campfire_rested":2,"item_purchase_floors":[3,3,13,13,21,21,31],"current_hp_per_floor":[68,68,68,65,54,38,38,20,20,13,33,11,11,28,28,53,65,55,55,55,55,49,36,36,7,7,27,12,12,12,12,12,26,56,59,59,64,64,49,49,36,53,53,53,53,53,58,69,69,0],"gold":283,"neow_bonus":"HUNDRED_GOLD","is_prod":false,"is_daily":false,"chose_seed":false,"campfire_upgraded":7,"win_rate":0,"timestamp":1558594778,"path_taken":["M","?","$","?","?","E","R","E","T","M","R","E","$","?","R","BOSS","M","?","M","$","?","E","R","E","T","R","E","R","?","$","R","BOSS","M","?","M","?","M","R","E","?","T","M","R","E","?","E","R","BOSS"],"build_version":"2019-01-23","purchased_purges":2,"victory":false,"max_hp_per_floor":[75,69,69,69,69,69,69,69,69,69,69,69,69,69,69,69,69,69,69,69,69,69,69,69,69,69,69,69,69,69,66,66,66,66,66,66,66,66,66,66,66,66,66,66,66,73,69,69,69,69],"card_choices":[{"not_picked":["Go for the Eyes","Darkness"],"picked":"Loop","floor":1.0},{"not_picked":["Conserve Battery","Loop"],"picked":"White Noise","floor":6.0},{"not_picked":["Chaos","Sweeping Beam"],"picked":"Hologram","floor":8.0},{"not_picked":["Stack","Chaos"],"picked":"Cold Snap","floor":10.0},{"not_picked":["Go for the Eyes","Leap"],"picked":"Buffer","floor":12.0},{"not_picked":["Biased Cognition","Machine Learning"],"picked":"Echo Form","floor":16.0},{"not_picked":["Steam Power","Rip and Tear"],"picked":"Chill","floor":18.0},{"not_picked":["Steam","Sunder"],"picked":"White Noise","floor":20.0},{"not_picked":["Stack+1","Core Surge"],"picked":"Compile Driver","floor":23.0},{"not_picked":["Darkness","Go for the Eyes"],"picked":"Chill","floor":25.0},{"not_picked":["Force Field","Recycle","Chaos"],"picked":"SKIP","floor":28.0},{"not_picked":["Meteor Strike","Hyperbeam"],"picked":"Core Surge","floor":33.0},{"not_picked":["Sunder","Steam Power"],"picked":"Hologram+1","floor":35.0},{"not_picked":["Fusion+1","Reprogram"],"picked":"Self Repair","floor":37.0},{"not_picked":["Blizzard","Rebound+1","Genetic Algorithm"],"picked":"SKIP","floor":39.0},{"not_picked":["Conserve Battery","Redo"],"picked":"Creative AI","floor":41.0},{"not_picked":["Coolheaded","Compile Driver"],"picked":"Loop+1","floor":42.0},{"not_picked":["Redo+1","Stack","Conserve Battery+1"],"picked":"SKIP","floor":44.0},{"not_picked":["Auto Shields","Compile Driver"],"picked":"Machine Learning","floor":46.0},{"not_picked":["Tempest","Conserve Battery+1","Rainbow"],"picked":"SKIP","floor":48.0}],"player_experience":657272,"relics_obtained":[{"floor":6.0,"key":"MawBank"},{"floor":8.0,"key":"Whetstone"},{"floor":9.0,"key":"War Paint"},{"floor":12.0,"key":"Juzu Bracelet"},{"floor":23.0,"key":"Ancient Tea Set"},{"floor":25.0,"key":"Oddly Smooth Stone"},{"floor":26.0,"key":"Bronze Scales"},{"floor":28.0,"key":"Bottled Tornado"},{"floor":41.0,"key":"Mummified Hand"},{"floor":42.0,"key":"Calipers"},{"floor":46.0,"key":"Strawberry"},{"floor":48.0,"key":"Kunai"}],"event_choices":[{"damage_healed":0.0,"max_hp_gain":0.0,"max_hp_loss":6.0,"gold_gain":0.0,"event_name":"Golden Idol","player_choice":"Lose Max HP","floor":2.0,"gold_loss":0.0,"damage_taken":0.0,"relics_obtained":["Golden Idol"]},{"damage_healed":0.0,"max_hp_gain":0.0,"max_hp_loss":0.0,"gold_gain":0.0,"event_name":"Scrap Ooze","player_choice":"Success","floor":4.0,"gold_loss":0.0,"damage_taken":3.0,"relics_obtained":["Nunchaku"]},{"damage_healed":0.0,"max_hp_gain":0.0,"max_hp_loss":0.0,"gold_gain":75.0,"event_name":"World of Goop","player_choice":"Gather Gold","floor":5.0,"gold_loss":0.0,"damage_taken":11.0},{"damage_healed":17.0,"max_hp_gain":0.0,"max_hp_loss":0.0,"gold_gain":0.0,"event_name":"The Cleric","player_choice":"Healed","floor":14.0,"gold_loss":35.0,"damage_taken":0.0},{"damage_healed":0.0,"max_hp_gain":0.0,"max_hp_loss":0.0,"gold_gain":0.0,"event_name":"Vampires","player_choice":"Ignored","floor":19.0,"gold_loss":0.0,"damage_taken":0.0},{"damage_healed":0.0,"max_hp_gain":0.0,"max_hp_loss":0.0,"gold_gain":0.0,"event_name":"Nest","player_choice":"Joined the Cult","floor":22.0,"gold_loss":0.0,"damage_taken":6.0,"cards_obtained":["RitualDagger"]},{"damage_healed":0.0,"max_hp_gain":0.0,"max_hp_loss":0.0,"gold_gain":0.0,"event_name":"Forgotten Altar","player_choice":"Gave Idol","floor":30.0,"relics_lost":["Golden Idol"],"gold_loss":0.0,"damage_taken":0.0,"relics_obtained":["Bloody Idol"]},{"damage_healed":0.0,"max_hp_gain":0.0,"max_hp_loss":0.0,"gold_gain":0.0,"event_name":"Tomb of Lord Red Mask","player_choice":"Paid","floor":36.0,"gold_loss":189.0,"damage_taken":0.0,"relics_obtained":["Red Mask"]},{"damage_healed":0.0,"max_hp_gain":0.0,"max_hp_loss":0.0,"gold_gain":0.0,"event_name":"FaceTrader","player_choice":"Trade","floor":38.0,"gold_loss":0.0,"damage_taken":0.0,"relics_obtained":["SsserpentHead"]},{"damage_healed":0.0,"max_hp_gain":0.0,"max_hp_loss":0.0,"gold_gain":0.0,"event_name":"Mysterious Sphere","player_choice":"Fight","floor":42.0,"gold_loss":0.0,"damage_taken":0.0},{"damage_healed":0.0,"max_hp_gain":0.0,"max_hp_loss":4.0,"gold_gain":0.0,"event_name":"Winding Halls","player_choice":"Max HP","floor":47.0,"gold_loss":0.0,"damage_taken":0.0}],"is_beta":false,"boss_relics":[{"not_picked":["Philosopher\u0027s Stone","Lizard Tail"],"picked":"Cursed Key"},{"not_picked":["White Beast Statue","Velvet Choker"],"picked":"Coffee Dripper"}],"items_purged_floors":[3,31],"is_endless":false,"potions_floor_spawned":[1,6,12,25,28,35,42,44,46,48],"killed_by":"Awakened One","ascension_level":6}