{"gold_per_floor":[99,99,99,99,99,99,99,99,99,99,99,63,63,63,63,63,63,63,63,63,63,63,14,14],"floor_reached":24,"playtime":1830,"items_purged":[],"score":349,"play_id":"0589a8f2-2d89-433f-8755-68a6a710caa3","local_time":"20190531181616","is_ascension_mode":true,"campfire_choices":[{"floor":15.0,"key":"REST"}],"neow_cost":"NONE","seed_source_timestamp":1087548854749762,"circlet_count":0,"master_deck":["AscendersBane","Defend_G","Defend_G","Defend_G","Defend_G","Defend_G","Strike_G","Strike_G","Strike_G","Survivor+1","Neutralize","Poisoned Stab","Leg Sweep+1","Crippling Poison","Die Die Die","Noxious Fumes","Endless Agony","Noxious Fumes","Footwork","Dash","Deadly Poison+1","Wraith Form v2","Backflip+1","Bane","Dodge and Roll+1","Dodge and Roll+1"],"special_seed":0,"relics":["Ectoplasm","GremlinMask","War Paint","Blue Candle","Toxic Egg 2","Bottled Tornado","Sozu","Red Mask"],"potions_floor_usage":[22],"damage_taken":[{"damage":7.0,"enemies":"Small Slimes","floor":1.0,"turns":5.0},{"damage":0.0,"enemies":"Cultist","floor":2.0,"turns":5.0},{"damage":0.0,"enemies":"Jaw Worm","floor":4.0,"turns":5.0},{"damage":13.0,"enemies":"Exordium Thugs","floor":5.0,"turns":7.0},{"damage":17.0,"enemies":"Lagavulin","floor":6.0,"turns":8.0},{"damage":0.0,"enemies":"Blue Slaver","floor":8.0,"turns":3.0},{"damage":9.0,"enemies":"3 Sentries","floor":10.0,"turns":6.0},{"damage":0.0,"enemies":"2 Fungi Beasts","floor":11.0,"turns":3.0},{"damage":8.0,"enemies":"Lagavulin","floor":13.0,"turns":7.0},{"damage":5.0,"enemies":"3 Louse","floor":14.0,"turns":2.0},{"damage":1.0,"enemies":"The Guardian","floor":16.0,"turns":8.0},{"damage":16.0,"enemies":"Spheric Guardian","floor":18.0,"turns":4.0},{"damage":0.0,"enemies":"3 Byrds","floor":20.0,"turns":4.0},{"damage":23,"enemies":"Masked Bandits","floor":22,"turns":5},{"damage":28,"enemies":"Gremlin Leader","floor":24,"turns":6}],"seed_played":"-5441019157852604637","potions_obtained":[{"floor":2.0,"key":"LiquidBronze"},{"floor":4.0,"key":"PowerPotion"},{"floor":6.0,"key":"Fire Potion"},{"floor":13.0,"key":"GhostInAJar"},{"floor":14.0,"key":"SkillPotion"},{"floor":16.0,"key":"Dexterity Potion"}],"is_trial":false,"path_per_floor":["M","M","?","M","M","E","?","M","T","E","M","$","E","M","R","B",null,"M","?","M","?","?","$","E"],"character_chosen":"THE_SILENT","items_purchased":["Footwork","Dodge and Roll+1"],"campfire_rested":1,"item_purchase_floors":[12,23],"current_hp_per_floor":[56,56,56,56,43,26,26,26,26,17,17,17,9,4,25,24,59,43,43,43,43,20,20,0],"gold":14,"neow_bonus":"BOSS_RELIC","is_prod":false,"is_daily":false,"chose_seed":false,"campfire_upgraded":0,"win_rate":0,"timestamp":1559306776,"path_taken":["M","M","?","?","M","E","?","M","T","E","?","$","E","M","R","BOSS","M","?","?","?","?","$","E"],"build_version":"2019-01-23","purchased_purges":0,"victory":false,"max_hp_per_floor":[70,70,70,70,70,70,70,70,70,70,70,70,70,70,70,70,70,70,70,70,70,70,70,70],"card_choices":[{"not_picked":["Flying Knee","Dodge and Roll"],"picked":"Poisoned Stab","floor":1.0},{"not_picked":["Slice","Quick Slash"],"picked":"Leg Sweep","floor":2.0},{"not_picked":["Caltrops","Deflect"],"picked":"Crippling Poison","floor":4.0},{"not_picked":["Blade Dance","Caltrops"],"picked":"Die Die Die","floor":5.0},{"not_picked":["Prepared","Quick Slash"],"picked":"Noxious Fumes","floor":6.0},{"not_picked":["Accuracy","Distraction","Sucker Punch"],"picked":"SKIP","floor":8.0},{"not_picked":["Quick Slash","Outmaneuver"],"picked":"Endless Agony","floor":10.0},{"not_picked":["Underhanded Strike","Poisoned Stab"],"picked":"Noxious Fumes","floor":11.0},{"not_picked":["Quick Slash","Prepared+1"],"picked":"Dash","floor":13.0},{"not_picked":["Quick Slash","Prepared+1"],"picked":"Deadly Poison+1","floor":14.0},{"not_picked":["Envenom","Storm of Steel+1"],"picked":"Wraith Form v2","floor":16.0},{"not_picked":["Distraction+1","All Out Attack+1"],"picked":"Backflip+1","floor":18.0},{"not_picked":["Dagger Throw","Prepared+1","Bane"],"picked":"SKIP","floor":20.0},{"not_picked":["Backstab+1","Slice"],"picked":"Dodge and Roll+1","floor":22}],"player_experience":1020463,"relics_obtained":[{"floor":6.0,"key":"War Paint"},{"floor":9.0,"key":"Blue Candle"},{"floor":10.0,"key":"Toxic Egg 2"},{"floor":13.0,"key":"Bottled Tornado"},{"floor":22,"key":"Red Mask"}],"event_choices":[{"damage_healed":0.0,"max_hp_gain":0.0,"max_hp_loss":0.0,"gold_gain":0.0,"event_name":"FaceTrader","player_choice":"Trade","floor":3.0,"gold_loss":0.0,"damage_taken":0.0,"relics_obtained":["GremlinMask"]},{"cards_removed":["Strike_G"],"damage_healed":0.0,"max_hp_gain":0.0,"max_hp_loss":0.0,"gold_gain":0.0,"event_name":"Bonfire Elementals","player_choice":"Offered Basic","floor":7.0,"gold_loss":0.0,"damage_taken":0.0},{"damage_healed":0.0,"max_hp_gain":0.0,"max_hp_loss":0.0,"gold_gain":0.0,"cards_transformed":["Strike_G"],"event_name":"Transmorgrifier","player_choice":"Transformed","floor":19.0,"gold_loss":0.0,"damage_taken":0.0,"cards_obtained":["Bane"]},{"damage_healed":0,"gold_gain":0,"player_choice":"Ignored","damage_taken":0,"max_hp_gain":0,"max_hp_loss":0,"event_name":"The Mausoleum","floor":21,"gold_loss":0},{"damage_healed":0,"gold_gain":0,"player_choice":"Fought Bandits","damage_taken":0,"max_hp_gain":0,"max_hp_loss":0,"event_name":"Masked Bandits","floor":22,"gold_loss":0}],"is_beta":false,"boss_relics":[{"not_picked":["HoveringKite","Fusion Hammer"],"picked":"Sozu"}],"items_purged_floors":[],"is_endless":false,"potions_floor_spawned":[2,4,6,13,14,16,22],"killed_by":"Gremlin Leader","ascension_level":12}