{"gold_per_floor":[110,210,225,225,225,259,277,277,304,316,316,346,360,380,380,479,479,490,520,435,455,455,455,191,191,191,191,191,191],"floor_reached":29,"playtime":1063,"items_purged":["Strike_B"],"score":354,"play_id":"1a72a922-d410-4c34-b2f3-83cb792edbe6","local_time":"20190601113250","is_ascension_mode":true,"campfire_choices":[{"data":"Rainbow","floor":8,"key":"SMITH"},{"data":"Zap","floor":11,"key":"SMITH"},{"data":"Hologram","floor":15,"key":"SMITH"},{"data":"Consume","floor":23,"key":"SMITH"},{"data":"Capacitor","floor":25,"key":"SMITH"},{"data":"Dualcast","floor":27,"key":"SMITH"}],"neow_cost":"NONE","seed_source_timestamp":1150562991563234,"circlet_count":0,"master_deck":["AscendersBane","Strike_B","Strike_B","Defend_B","Defend_B","Defend_B","Defend_B","Zap+1","Dualcast+1","Undo","Sweeping Beam","Cold Snap+1","Cold Snap+1","Rainbow+1","Cold Snap","Hologram+1","Core Surge","Consume+1","Genetic Algorithm","Hologram+1","Capacitor+1"],"special_seed":0,"relics":["Orrery","Lantern","Art of War","Ancient Tea Set","Sozu","Red Mask","Meat on the Bone","Bag of Preparation","Juzu Bracelet"],"potions_floor_usage":[16,16,19],"damage_taken":[{"damage":0.0,"enemies":"2 Louse","floor":1.0,"turns":3.0},{"damage":0.0,"enemies":"Cultist","floor":3.0,"turns":4.0},{"damage":13.0,"enemies":"Gremlin Nob","floor":6.0,"turns":5.0},{"damage":3,"enemies":"Small Slimes","floor":7,"turns":4},{"damage":10,"enemies":"2 Fungi Beasts","floor":10,"turns":4},{"damage":0,"enemies":"Large Slime","floor":13,"turns":3},{"damage":3,"enemies":"Exordium Wildlife","floor":14,"turns":4},{"damage":10,"enemies":"Slime Boss","floor":16,"turns":9},{"damage":5,"enemies":"Spheric Guardian","floor":18,"turns":4},{"damage":57,"enemies":"Masked Bandits","floor":19,"turns":7},{"damage":5,"enemies":"Chosen","floor":21,"turns":4},{"damage":32,"enemies":"Slavers","floor":29,"turns":4}],"seed_played":"1585641362445634498","potions_obtained":[{"floor":1.0,"key":"GamblersBrew"},{"floor":10,"key":"FairyPotion"},{"floor":14,"key":"Fire Potion"},{"floor":16,"key":"Regen Potion"}],"is_trial":false,"path_per_floor":["M","?","M","?","?","E","M","R","T","M","R","?","M","M","R","B",null,"M","?","?","M","?","R","$","R","T","R","?","E"],"character_chosen":"DEFECT","items_purchased":["Capacitor","Bag of Preparation"],"campfire_rested":0,"item_purchase_floors":[24,24],"current_hp_per_floor":[68,68,68,53,75,62,59,59,59,49,49,49,49,46,46,36,65,60,18,18,25,25,25,25,25,25,25,25,0],"gold":191,"neow_bonus":"BOSS_RELIC","is_prod":false,"is_daily":false,"chose_seed":false,"campfire_upgraded":6,"win_rate":0,"timestamp":1559368970,"path_taken":["M","?","?","?","?","E","M","R","T","M","R","?","M","M","R","BOSS","M","?","?","M","?","R","$","R","T","R","?","E"],"build_version":"2019-01-23","purchased_purges":1,"victory":false,"max_hp_per_floor":[75,75,75,75,75,75,75,75,75,75,75,75,75,75,75,75,75,75,75,75,75,75,75,75,75,75,75,75,75],"card_choices":[{"not_picked":["Reprogram","Double Energy"],"picked":"Undo","floor":0.0},{"not_picked":["Stack","Redo"],"picked":"Sweeping Beam","floor":0.0},{"not_picked":["Sunder","Hologram"],"picked":"Cold Snap","floor":1.0},{"not_picked":["Reprogram","Gash"],"picked":"Cold Snap","floor":3.0},{"not_picked":["Gash","Streamline"],"picked":"Rainbow","floor":6.0},{"not_picked":["Steam","Rip and Tear","Static Discharge"],"picked":"SKIP","floor":7},{"not_picked":["Streamline","Blizzard","Sweeping Beam"],"picked":"SKIP","floor":10},{"not_picked":["Lockon","Aggregate"],"picked":"Cold Snap","floor":13},{"not_picked":["Reprogram","Hello World"],"picked":"Hologram","floor":14},{"not_picked":["Meteor Strike","Hyperbeam"],"picked":"Core Surge","floor":16},{"not_picked":["Gash","Darkness"],"picked":"Consume","floor":18},{"not_picked":["Undo","Aggregate+1"],"picked":"Genetic Algorithm","floor":19},{"not_picked":["Fusion+1","Barrage"],"picked":"Hologram+1","floor":21}],"player_experience":1042625,"relics_obtained":[{"floor":6.0,"key":"Lantern"},{"floor":9,"key":"Art of War"},{"floor":19,"key":"Red Mask"},{"floor":26,"key":"Juzu Bracelet"}],"event_choices":[{"damage_healed":0.0,"max_hp_gain":0.0,"max_hp_loss":0.0,"gold_gain":100.0,"event_name":"Golden Shrine","player_choice":"Pray","floor":2.0,"gold_loss":0.0,"damage_taken":0.0},{"damage_healed":0.0,"max_hp_gain":0.0,"max_hp_loss":0.0,"gold_gain":0.0,"event_name":"Shining Light","player_choice":"Entered Light","floor":4.0,"gold_loss":0.0,"damage_taken":15.0,"cards_upgraded":["Cold Snap","Cold Snap"]},{"damage_healed":25.0,"max_hp_gain":0.0,"max_hp_loss":0.0,"gold_gain":0.0,"event_name":"Big Fish","player_choice":"Banana","floor":5.0,"gold_loss":0.0,"damage_taken":0.0},{"damage_healed":0,"gold_gain":30,"player_choice":"Searched \u00272\u0027 times","damage_taken":0,"relics_obtained":["Ancient Tea Set"],"max_hp_gain":0,"max_hp_loss":0,"event_name":"Dead Adventurer","floor":12,"gold_loss":0},{"damage_healed":0,"gold_gain":0,"player_choice":"Fought Bandits","damage_taken":0,"max_hp_gain":0,"max_hp_loss":0,"event_name":"Masked Bandits","floor":19,"gold_loss":0},{"damage_healed":0,"gold_gain":0,"player_choice":"Obtained Relic","damage_taken":0,"relics_obtained":["Meat on the Bone"],"max_hp_gain":0,"max_hp_loss":0,"event_name":"Addict","floor":20,"gold_loss":85},{"damage_healed":0,"gold_gain":0,"player_choice":"Ignored","damage_taken":0,"max_hp_gain":0,"max_hp_loss":0,"event_name":"Vampires","floor":22,"gold_loss":0},{"cards_removed":["Strike_B"],"damage_healed":0,"gold_gain":0,"player_choice":"Offered Basic","damage_taken":0,"max_hp_gain":0,"max_hp_loss":0,"event_name":"Bonfire Elementals","floor":28,"gold_loss":0}],"is_beta":false,"boss_relics":[{"not_picked":["Busted Crown","Runic Pyramid"],"picked":"Sozu"}],"items_purged_floors":[24],"is_endless":false,"potions_floor_spawned":[1,10,14,16,19],"killed_by":"Slavers","ascension_level":12}