{"gold_per_floor":[113,21,21,38,213,247,247,9,9,26,57,57,87,105,105,208,208,192,43,55,55,75,75,102,102,128,142,153,170,186,203,203,306,306,317,333,0,12,25,25],"floor_reached":40,"playtime":6257,"items_purged":["Doubt"],"score":663,"play_id":"c77965da-22bf-4869-840c-bc659f25339a","local_time":"20190326205309","is_ascension_mode":true,"campfire_choices":[{"data":"Chaos","floor":7,"key":"SMITH"},{"data":"1","floor":12,"key":"LIFT"},{"data":"Buffer","floor":15,"key":"SMITH"},{"floor":23,"key":"REST"},{"floor":25,"key":"REST"},{"floor":32,"key":"REST"}],"neow_cost":"NONE","seed_source_timestamp":426516201282962,"circlet_count":0,"master_deck":["Strike_B","Strike_B","Strike_B","Strike_B","Defend_B","Defend_B","Defend_B","Defend_B","Zap","Dualcast","Chaos+1","Capacitor","Coolheaded","Defragment","Doom and Gloom","Force Field","Leap","Capacitor","Heatsinks","Electrodynamics","Buffer+1","Force Field+1","Buffer","Doom and Gloom","Force Field+1","Chaos+1","Compile Driver","Shame","Coolheaded+1","Double Energy+1","Conserve Battery+1","Redo+1","Buffer","Redo+1","Aggregate+1","Echo Form","Compile Driver","Storm","Undo+1","Glacier+1"],"relics":["Cracked Core","NeowsBlessing","Pocketwatch","Girya","Toxic Egg 2","Incense Burner","White Beast Statue","Emotion Chip","Pen Nib","Ancient Tea Set","Busted Crown","Toy Ornithopter"],"potions_floor_usage":[11,11,31,31,33,38,40,40],"damage_taken":[{"damage":0,"enemies":"2 Louse","floor":1,"turns":1},{"damage":0,"enemies":"Cultist","floor":4,"turns":1},{"damage":0,"enemies":"Gremlin Nob","floor":6,"turns":1},{"damage":0,"enemies":"Jaw Worm","floor":10,"turns":5},{"damage":0,"enemies":"3 Sentries","floor":11,"turns":7},{"damage":26,"enemies":"Gremlin Nob","floor":13,"turns":4},{"damage":0,"enemies":"Large Slime","floor":14,"turns":5},{"damage":0,"enemies":"The Guardian","floor":16,"turns":11},{"damage":11,"enemies":"2 Thieves","floor":18,"turns":4},{"damage":0,"enemies":"Shell Parasite","floor":20,"turns":6},{"damage":38,"enemies":"Shelled Parasite and Fungi","floor":22,"turns":6},{"damage":24,"enemies":"Gremlin Leader","floor":24,"turns":7},{"damage":3,"enemies":"Snake Plant","floor":27,"turns":4},{"damage":10,"enemies":"Cultist and Chosen","floor":28,"turns":6},{"damage":9,"enemies":"Snecko","floor":29,"turns":5},{"damage":13,"enemies":"Chosen and Byrds","floor":30,"turns":7},{"damage":10,"enemies":"Centurion and Healer","floor":31,"turns":6},{"damage":20,"enemies":"Collector","floor":33,"turns":8},{"damage":7,"enemies":"Orb Walker","floor":35,"turns":7},{"damage":20,"enemies":"3 Darklings","floor":36,"turns":5},{"damage":0,"enemies":"Maw","floor":38,"turns":9},{"damage":15,"enemies":"Transient","floor":39,"turns":5},{"damage":55,"enemies":"Reptomancer","floor":40,"turns":2}],"seed_played":"-2811800774801171011","potions_obtained":[{"floor":1,"key":"Ancient Potion"},{"floor":3,"key":"EssenceOfSteel"},{"floor":3,"key":"Energy Potion"},{"floor":14,"key":"Weak Potion"},{"floor":16,"key":"Weak Potion"},{"floor":18,"key":"Ancient Potion"},{"floor":20,"key":"FocusPotion"},{"floor":24,"key":"AttackPotion"},{"floor":28,"key":"AttackPotion"},{"floor":31,"key":"Ancient Potion"},{"floor":33,"key":"Weak Potion"},{"floor":35,"key":"Block Potion"},{"floor":38,"key":"PowerPotion"}],"is_trial":false,"path_per_floor":["?","M","?","?"],"character_chosen":"DEFECT","items_purchased":["Capacitor","Coolheaded","Force Field","Leap","Capacitor","Force Field+1","Chaos+1","Storm","Toy Ornithopter","Undo+1"],"campfire_rested":3,"item_purchase_floors":[2,2,8,8,8,19,19,37,37,37],"current_hp_per_floor":[75,75,75,75,75,75,75,75,75,75,75,75,49,49,49,49,75,64,64,64,64,26,48,24,46,46,43,33,24,11,1,23,3,75,68,48,48,53,38,0],"gold":25,"neow_bonus":"THREE_ENEMY_KILL","is_prod":false,"is_daily":false,"chose_seed":false,"campfire_upgraded":2,"win_rate":0,"timestamp":1553647989,"path_taken":["M","$","?","?","?","E","R","$","T","M","E","R","E","M","R","BOSS","M","$","M","?","M","R","E","R","T","M","M","M","M","M","R","BOSS","M","M","$","M","M","E"],"build_version":"2019-01-23","purchased_purges":1,"victory":false,"max_hp_per_floor":[75,75,75,75,75,75,75,75,75,75,75,75,75,75,75,75,75,75,75,75,75,75,75,75,75,75,75,75,75,75,75,75,75,75,75,75,75,75,75,75],"card_choices":[{"not_picked":["Redo","Gash"],"picked":"Chaos","floor":1},{"not_picked":["Melter","Barrage"],"picked":"Defragment","floor":4},{"not_picked":["Redo","White Noise"],"picked":"Doom and Gloom","floor":6},{"not_picked":["FTL","Streamline"],"picked":"Heatsinks","floor":10},{"not_picked":["Turbo","Reinforced Body"],"picked":"Electrodynamics","floor":11},{"not_picked":["Gash","Barrage"],"picked":"Buffer","floor":13},{"not_picked":["Streamline","Rebound"],"picked":"Force Field+1","floor":14},{"not_picked":["Thunder Strike","All For One"],"picked":"Buffer","floor":16},{"not_picked":["Hello World","Sweeping Beam"],"picked":"Doom and Gloom","floor":18},{"not_picked":["Gash","Tempest+1"],"picked":"Compile Driver","floor":20},{"not_picked":["Go for the Eyes","Beam Cell"],"picked":"Coolheaded+1","floor":22},{"not_picked":["Recycle+1","BootSequence+1"],"picked":"Double Energy+1","floor":24},{"not_picked":["Sweeping Beam","Static Discharge"],"picked":"Conserve Battery+1","floor":27},{"not_picked":["Barrage+1","Static Discharge"],"picked":"Redo+1","floor":28},{"not_picked":["Force Field+1","Leap+1"],"picked":"Buffer","floor":29},{"not_picked":["Rip and Tear","Hello World"],"picked":"Redo+1","floor":30},{"not_picked":["Beam Cell+1","Streamline"],"picked":"Aggregate+1","floor":31},{"not_picked":["Core Surge","Multi-Cast+1"],"picked":"Echo Form","floor":33},{"not_picked":[],"picked":"Compile Driver","floor":35},{"not_picked":["Beam Cell"],"picked":"SKIP","floor":36},{"not_picked":[],"picked":"Glacier+1","floor":38},{"not_picked":["Beam Cell"],"picked":"SKIP","floor":39}],"player_experience":333370,"relics_obtained":[{"floor":6,"key":"Pocketwatch"},{"floor":9,"key":"Girya"},{"floor":11,"key":"Toxic Egg 2"},{"floor":13,"key":"Incense Burner"},{"floor":24,"key":"Pen Nib"},{"floor":26,"key":"Ancient Tea Set"}],"event_choices":[{"damage_healed":0,"gold_gain":0,"player_choice":"Got Potions","damage_taken":0,"max_hp_gain":0,"max_hp_loss":0,"event_name":"Lab","floor":3,"gold_loss":0},{"damage_healed":0,"gold_gain":175,"player_choice":"AGREE","damage_taken":0,"max_hp_gain":0,"max_hp_loss":0,"event_name":"Liars Game","floor":5,"gold_loss":0,"cards_obtained":["Doubt"]},{"damage_healed":0,"gold_gain":0,"player_choice":"Stole Relic","damage_taken":0,"relics_obtained":["Emotion Chip"],"max_hp_gain":0,"max_hp_loss":0,"event_name":"Addict","floor":21,"gold_loss":0,"cards_obtained":["Shame"]}],"is_beta":false,"boss_relics":[{"not_picked":["Runic Pyramid","Snecko Eye"],"picked":"White Beast Statue"},{"not_picked":["FrozenCore","Fusion Hammer"],"picked":"Busted Crown"}],"items_purged_floors":[8],"is_endless":false,"potions_floor_spawned":[1,6,14,16,18,20,22,24,27,28,29,30,31,33,35,36,38,39],"killed_by":"Reptomancer","ascension_level":4}