{"gold_per_floor":[17,17,32,50,50,50,65,65,90,107,107,121,132,144,144,243,243,257,257,273,293,311,341,357,385,385,404,404,214,214,17,17,113,113,131,149,199,213,226,252,59,69,69,101,101,101,126,141,141,141,141,141,34,66,66],"floor_reached":56,"playtime":7030,"items_purged":["Defend_G"],"score":1400,"play_id":"169828a3-3332-4701-b152-f99483885347","local_time":"20190307143806","is_ascension_mode":false,"campfire_choices":[{"data":"PiercingWail","floor":6.0,"key":"SMITH"},{"data":"Crippling Poison","floor":8.0,"key":"SMITH"},{"data":"Noxious Fumes","floor":15.0,"key":"SMITH"},{"data":"Catalyst","floor":30.0,"key":"SMITH"},{"data":"Tactician","floor":32.0,"key":"SMITH"},{"data":"Catalyst","floor":46.0,"key":"SMITH"},{"floor":49.0,"key":"RECALL"},{"data":"Backflip","floor":52,"key":"SMITH"}],"neow_cost":"NO_GOLD","seed_source_timestamp":0,"circlet_count":0,"master_deck":["Survivor","Neutralize","PiercingWail+1","Acrobatics","Crippling Poison+1","Catalyst+1","Tactician+1","Cloak And Dagger","Leg Sweep","Noxious Fumes+1","Malaise","Sucker Punch","Malaise","Escape Plan","Poisoned Stab","Backflip+1","Deadly Poison+1","Well Laid Plans","Noxious Fumes+1","Concentrate+1","Well Laid Plans","Blur","Dodge and Roll","Expertise+1","Tools of the Trade+1","Footwork+1","Reflex+1","Catalyst+1","Acrobatics","Dodge and Roll+1","Eviscerate+1","Corpse Explosion","Blur"],"special_seed":0,"relics":["Ring of the Snake","Centennial Puzzle","Philosopher\u0027s Stone","Ancient Tea Set","Lantern","Bag of Preparation","Anchor","Astrolabe","Unceasing Top","Snake Skull","Strange Spoon","Bird Faced Urn","Strawberry","Mango","Incense Burner"],"potions_floor_usage":[55,55,55],"damage_taken":[{"damage":2.0,"enemies":"2 Louse","floor":1.0,"turns":4.0},{"damage":1.0,"enemies":"Cultist","floor":3.0,"turns":5.0},{"damage":0.0,"enemies":"Small Slimes","floor":4.0,"turns":5.0},{"damage":0.0,"enemies":"Blue Slaver","floor":7.0,"turns":7.0},{"damage":0.0,"enemies":"Exordium Wildlife","floor":10.0,"turns":2.0},{"damage":0.0,"enemies":"2 Fungi Beasts","floor":12.0,"turns":3.0},{"damage":1.0,"enemies":"Looter","floor":13.0,"turns":3.0},{"damage":4.0,"enemies":"Blue Slaver","floor":14.0,"turns":4.0},{"damage":13.0,"enemies":"The Guardian","floor":16.0,"turns":12.0},{"damage":0.0,"enemies":"Spheric Guardian","floor":18.0,"turns":3.0},{"damage":9.0,"enemies":"3 Byrds","floor":20.0,"turns":4.0},{"damage":4.0,"enemies":"Cultist and Chosen","floor":21.0,"turns":8.0},{"damage":3.0,"enemies":"Centurion and Healer","floor":22.0,"turns":6.0},{"damage":5.0,"enemies":"Gremlin Leader","floor":23.0,"turns":6.0},{"damage":14.0,"enemies":"Snake Plant","floor":24.0,"turns":5.0},{"damage":0.0,"enemies":"Book of Stabbing","floor":25.0,"turns":7.0},{"damage":0.0,"enemies":"Cultist and Chosen","floor":27.0,"turns":4.0},{"damage":26.0,"enemies":"Automaton","floor":33.0,"turns":7.0},{"damage":0.0,"enemies":"3 Shapes","floor":35.0,"turns":4.0},{"damage":1.0,"enemies":"Orb Walker","floor":36.0,"turns":5.0},{"damage":12.0,"enemies":"2 Orb Walkers","floor":37.0,"turns":5.0},{"damage":5.0,"enemies":"Sphere and 2 Shapes","floor":38.0,"turns":5.0},{"damage":0.0,"enemies":"Transient","floor":39.0,"turns":5.0},{"damage":0.0,"enemies":"Giant Head","floor":40.0,"turns":6.0},{"damage":0.0,"enemies":"4 Shapes","floor":42.0,"turns":4.0},{"damage":6.0,"enemies":"Nemesis","floor":44.0,"turns":5.0},{"damage":0.0,"enemies":"Reptomancer","floor":47.0,"turns":3.0},{"damage":20.0,"enemies":"Spire Growth","floor":48.0,"turns":4.0},{"damage":0,"enemies":"Awakened One","floor":50,"turns":12},{"damage":0,"enemies":"Shield and Spear","floor":54,"turns":3},{"damage":21,"enemies":"The Heart","floor":55,"turns":5}],"seed_played":"1805677101807042000","potions_obtained":[{"floor":2.0,"key":"Swift Potion"},{"floor":2.0,"key":"Energy Potion"},{"floor":2.0,"key":"FearPotion"},{"floor":14.0,"key":"GhostInAJar"},{"floor":24.0,"key":"SkillPotion"},{"floor":38.0,"key":"Block Potion"},{"floor":40.0,"key":"PowerPotion"}],"is_trial":false,"path_per_floor":["M","?","M","M","?","R","M","R","T","M","?","M","M","M","R","B",null,"M","?","M","M","M","E","M","E","T","M","?","$","R","$","R","B",null,"M","M","?","M","M","E","$","M","T","E","?","R","E","M","R","B",null,"R","$","E","B",null],"character_chosen":"THE_SILENT","items_purchased":["Well Laid Plans","Blur","Anchor","Dodge and Roll","Strange Spoon","GhostInAJar","Blur"],"campfire_rested":0,"item_purchase_floors":[29,29,31,31,41,53,53],"current_hp_per_floor":[68,68,67,67,67,67,67,67,67,67,67,67,66,62,62,49,70,70,70,61,57,54,49,35,35,35,35,35,35,35,35,35,9,70,70,69,57,52,52,52,52,52,52,65,65,65,91,71,71,83,91,91,91,91,80],"gold":66,"neow_bonus":"REMOVE_TWO","is_prod":false,"is_daily":false,"chose_seed":false,"campfire_upgraded":7,"win_rate":0,"timestamp":1551991086,"path_taken":["M","?","M","?","?","R","?","R","T","M","?","M","M","M","R","BOSS","M","?","M","M","M","E","M","E","T","M","?","?","R","$","R","BOSS","M","M","?","M","M","E","$","M","T","E","?","R","E","M","R","BOSS","R","$","E","BOSS"],"build_version":"2019-01-23","purchased_purges":1,"victory":true,"max_hp_per_floor":[70,70,70,70,70,70,70,70,70,70,70,70,70,70,70,70,70,70,70,70,70,70,70,70,70,70,70,70,70,70,70,70,70,70,70,70,70,70,70,70,70,70,70,77,77,77,91,91,91,91,91,91,91,91,91],"card_choices":[{"not_picked":["Sucker Punch","Masterful Stab"],"picked":"PiercingWail","floor":1.0},{"not_picked":["Bane","Sucker Punch"],"picked":"Acrobatics","floor":3.0},{"not_picked":["Riddle With Holes","Poisoned Stab","Expertise"],"picked":"SKIP","floor":4.0},{"not_picked":["Blade Dance","Dodge and Roll"],"picked":"Crippling Poison","floor":7.0},{"not_picked":["Deflect","Underhanded Strike"],"picked":"Catalyst","floor":10.0},{"not_picked":["Prepared","Bullet Time"],"picked":"Cloak And Dagger","floor":12.0},{"not_picked":["Sucker Punch","Infinite Blades"],"picked":"Leg Sweep","floor":13.0},{"not_picked":["Deflect","Catalyst"],"picked":"Noxious Fumes","floor":14.0},{"not_picked":["A Thousand Cuts","Die Die Die"],"picked":"Malaise","floor":16.0},{"not_picked":["Terror+1","Sucker Punch","Masterful Stab+1"],"picked":"SKIP","floor":18.0},{"not_picked":["Poisoned Stab+1","Finisher"],"picked":"Escape Plan","floor":20.0},{"not_picked":["Bane","Reflex"],"picked":"Poisoned Stab","floor":21.0},{"not_picked":["Sucker Punch","Acrobatics"],"picked":"Backflip","floor":22.0},{"not_picked":["Escape Plan","Slice"],"picked":"Deadly Poison+1","floor":23.0},{"not_picked":["Dodge and Roll","Concentrate"],"picked":"Well Laid Plans","floor":24.0},{"not_picked":["Glass Knife","Dodge and Roll+1"],"picked":"Noxious Fumes+1","floor":25.0},{"not_picked":["Eviscerate","Accuracy"],"picked":"Concentrate+1","floor":27.0},{"not_picked":["Blade Dance","Dagger Spray+1","Expertise"],"picked":"SKIP","floor":35.0},{"not_picked":["Terror","Accuracy+1"],"picked":"Footwork+1","floor":36.0},{"not_picked":["Poisoned Stab+1","Dodge and Roll"],"picked":"Reflex+1","floor":37.0},{"not_picked":["PiercingWail+1","Outmaneuver+1"],"picked":"Catalyst","floor":38.0},{"not_picked":["Finisher+1","Dagger Throw"],"picked":"Acrobatics","floor":39.0},{"not_picked":["Setup+1","Wraith Form v2"],"picked":"Dodge and Roll+1","floor":40.0},{"not_picked":["Terror","Dash+1","Underhanded Strike"],"picked":"SKIP","floor":42.0},{"not_picked":["Underhanded Strike","Slice"],"picked":"Eviscerate+1","floor":44.0},{"not_picked":["Infinite Blades","Finisher"],"picked":"Corpse Explosion","floor":47.0},{"not_picked":["Dagger Spray+1","Masterful Stab+1","Deadly Poison"],"picked":"SKIP","floor":48.0},{"not_picked":["PiercingWail+1","Bane+1","Accuracy"],"picked":"SKIP","floor":54}],"player_experience":201851,"relics_obtained":[{"floor":9.0,"key":"Centennial Puzzle"},{"floor":23.0,"key":"Ancient Tea Set"},{"floor":25.0,"key":"Lantern"},{"floor":26.0,"key":"Bag of Preparation"},{"floor":37.0,"key":"Unceasing Top"},{"floor":40.0,"key":"Snake Skull"},{"floor":43.0,"key":"Bird Faced Urn"},{"floor":44.0,"key":"Strawberry"},{"floor":47.0,"key":"Mango"},{"floor":54,"key":"Incense Burner"}],"event_choices":[{"damage_healed":0.0,"max_hp_gain":0.0,"max_hp_loss":0.0,"gold_gain":0.0,"event_name":"Lab","player_choice":"Got Potions","floor":2.0,"gold_loss":0.0,"damage_taken":0.0},{"cards_removed":["Defend_G"],"damage_healed":0.0,"max_hp_gain":0.0,"max_hp_loss":0.0,"gold_gain":0.0,"event_name":"Purifier","player_choice":"Purged","floor":5.0,"gold_loss":0.0,"damage_taken":0.0},{"damage_healed":0.0,"max_hp_gain":0.0,"max_hp_loss":0.0,"gold_gain":0.0,"cards_transformed":["Strike_G"],"event_name":"Living Wall","player_choice":"Change","floor":11.0,"gold_loss":0.0,"damage_taken":0.0,"cards_obtained":["Tactician"]},{"damage_healed":0.0,"max_hp_gain":0.0,"max_hp_loss":0.0,"gold_gain":0.0,"cards_transformed":["Strike_G","Strike_G"],"event_name":"Drug Dealer","player_choice":"Became Test Subject","floor":19.0,"gold_loss":0.0,"damage_taken":0.0,"cards_obtained":["Sucker Punch","Malaise"]},{"damage_healed":0.0,"max_hp_gain":0.0,"max_hp_loss":0.0,"gold_gain":0.0,"event_name":"Vampires","player_choice":"Ignored","floor":28.0,"gold_loss":0.0,"damage_taken":0.0},{"damage_healed":0.0,"max_hp_gain":0.0,"max_hp_loss":0.0,"gold_gain":0.0,"event_name":"Mysterious Sphere","player_choice":"Fight","floor":37.0,"gold_loss":0.0,"damage_taken":0.0},{"cards_removed":["Bane"],"damage_healed":0.0,"max_hp_gain":0.0,"max_hp_loss":0.0,"gold_gain":0.0,"event_name":"Falling","player_choice":"Removed Attack","floor":45.0,"gold_loss":0.0,"damage_taken":0.0}],"is_beta":false,"boss_relics":[{"not_picked":["Velvet Choker","Lizard Tail"],"picked":"Philosopher\u0027s Stone"},{"not_picked":["Orrery","Calling Bell"],"picked":"Astrolabe"}],"items_purged_floors":[29],"is_endless":false,"potions_floor_spawned":[3,4,10,14,20,23,24,27,38,39,40,42,44],"ascension_level":0}