{"gold_per_floor":[113,123,123,143,163,163,181,181,251,263,263,279,279,314,314,390,390,400,400,450,462,462],"floor_reached":22,"playtime":693,"items_purged":[],"score":348,"play_id":"bf330ac3-0500-4722-bcab-00c52cca7d48","local_time":"20190409035720","is_ascension_mode":true,"campfire_choices":[{"data":"Barricade","floor":6.0,"key":"SMITH"},{"data":"Body Slam","floor":8.0,"key":"SMITH"},{"floor":11.0,"key":"REST"},{"data":"Immolate","floor":13.0,"key":"SMITH"},{"data":"Armaments","floor":15.0,"key":"SMITH"}],"neow_cost":"NONE","seed_source_timestamp":0,"circlet_count":0,"master_deck":["AscendersBane","Bash","Barricade+1","True Grit","Armaments+1","Shockwave","Body Slam+1","Battle Trance","Immolate+1","Evolve","Exhume","Iron Wave","Thunderclap","Limit Break","Dark Embrace","Entrench","Pommel Strike","Seeing Red","Battle Trance"],"special_seed":0,"relics":["Burning Blood","The Courier","Prayer Wheel","Pandora\u0027s Box"],"potions_floor_usage":[],"damage_taken":[{"damage":19.0,"enemies":"Jaw Worm","floor":1.0,"turns":3.0},{"damage":6.0,"enemies":"Cultist","floor":2.0,"turns":3.0},{"damage":7.0,"enemies":"2 Louse","floor":4.0,"turns":3.0},{"damage":21.0,"enemies":"Lots of Slimes","floor":5.0,"turns":10.0},{"damage":44.0,"enemies":"Exordium Wildlife","floor":7.0,"turns":7.0},{"damage":22.0,"enemies":"3 Louse","floor":10.0,"turns":7.0},{"damage":0.0,"enemies":"Red Slaver","floor":12.0,"turns":4.0},{"damage":19.0,"enemies":"Gremlin Nob","floor":14.0,"turns":4.0},{"damage":26.0,"enemies":"Slime Boss","floor":16.0,"turns":10.0},{"damage":22,"enemies":"3 Byrds","floor":18,"turns":5},{"damage":27,"enemies":"Shell Parasite","floor":21,"turns":7},{"damage":24,"enemies":"Snake Plant","floor":22,"turns":1}],"seed_played":"3237755280075894680","potions_obtained":[{"floor":2.0,"key":"Block Potion"},{"floor":3.0,"key":"FairyPotion"},{"floor":7.0,"key":"Regen Potion"},{"floor":10.0,"key":"Dexterity Potion"},{"floor":14.0,"key":"Dexterity Potion"},{"floor":18,"key":"Strength Potion"}],"is_trial":false,"path_per_floor":["M","M","?","M","M","R","M","R","T","M","R","M","R","E","R","B",null,"M","?","?","M","M"],"character_chosen":"IRONCLAD","items_purchased":[],"campfire_rested":1,"item_purchase_floors":[],"current_hp_per_floor":[55,55,55,54,39,39,13,13,13,12,34,40,40,27,27,7,58,42,42,42,21,0],"gold":462,"neow_bonus":"TRANSFORM_CARD","is_prod":false,"is_daily":false,"chose_seed":false,"campfire_upgraded":4,"win_rate":0,"timestamp":1554749840,"path_taken":["M","M","?","M","M","R","M","R","T","?","R","M","R","E","R","BOSS","M","?","?","?","M"],"build_version":"2019-01-23","purchased_purges":0,"victory":false,"max_hp_per_floor":[75,75,75,75,75,75,75,75,75,75,75,75,75,75,75,75,75,75,75,75,75,75],"card_choices":[{"not_picked":["Blood for Blood","Heavy Blade"],"picked":"True Grit","floor":1.0},{"not_picked":["Bloodletting","Clothesline"],"picked":"Armaments","floor":2.0},{"not_picked":["Intimidate","Inflame"],"picked":"Shockwave","floor":4.0},{"not_picked":["Perfected Strike","Headbutt","True Grit"],"picked":"SKIP","floor":5.0},{"not_picked":["Warcry","Thunderclap"],"picked":"Body Slam","floor":7.0},{"not_picked":["Flame Barrier","Thunderclap"],"picked":"Battle Trance","floor":10.0},{"not_picked":["Fire Breathing","Twin Strike"],"picked":"Immolate","floor":12.0},{"not_picked":["True Grit","Perfected Strike"],"picked":"Evolve","floor":14.0},{"not_picked":["Fiend Fire","Dark Embrace"],"picked":"Exhume","floor":16.0},{"not_picked":["Body Slam","Intimidate"],"picked":"Battle Trance","floor":18},{"not_picked":["Combust","Flex","Heavy Blade"],"picked":"SKIP","floor":18},{"not_picked":["Pommel Strike","Body Slam","Seeing Red+1"],"picked":"SKIP","floor":21},{"not_picked":["Anger","Sword Boomerang","Searing Blow"],"picked":"SKIP","floor":21}],"player_experience":440900,"relics_obtained":[{"floor":9.0,"key":"The Courier"},{"floor":14.0,"key":"Prayer Wheel"}],"event_choices":[{"damage_healed":0.0,"max_hp_gain":0.0,"max_hp_loss":0.0,"gold_gain":0.0,"event_name":"Lab","player_choice":"Got Potions","floor":3.0,"gold_loss":0.0,"damage_taken":0.0},{"cards_removed":["Headbutt"],"damage_healed":0,"gold_gain":0,"player_choice":"Elegance","damage_taken":0,"max_hp_gain":0,"max_hp_loss":0,"event_name":"Back to Basics","floor":19,"gold_loss":0},{"damage_healed":0,"gold_gain":100,"player_choice":"Bet on Murderer","damage_taken":0,"max_hp_gain":0,"max_hp_loss":0,"event_name":"The Joust","floor":20,"gold_loss":50}],"is_beta":false,"boss_relics":[{"not_picked":["Runic Cube","Calling Bell"],"picked":"Pandora\u0027s Box"}],"items_purged_floors":[],"is_endless":false,"potions_floor_spawned":[2,7,10,12,14,18],"killed_by":"Snake Plant","ascension_level":17}