{"gold_per_floor":[119,131,142,158,158,158,189,189,189,224,27,27,41,61,61,135,135,151,151,168,187,287,287,301,329,329,343,343],"floor_reached":28,"playtime":1181,"items_purged":[],"score":466,"play_id":"18aeb5ee-0827-4304-b3cb-85f7029d3965","local_time":"20190416221633","is_ascension_mode":true,"campfire_choices":[{"data":"Armaments","floor":6.0,"key":"SMITH"},{"floor":8.0,"key":"REST"},{"data":"Fiend Fire","floor":15.0,"key":"SMITH"},{"floor":23,"key":"REST"}],"neow_cost":"NONE","seed_source_timestamp":0,"circlet_count":0,"master_deck":["AscendersBane","Strike_R","Strike_R","Strike_R","Strike_R","Defend_R","Defend_R","Defend_R","Defend_R","Bash","Juggernaut","Armaments+1","Clothesline","Body Slam","Pummel","Limit Break+1","Headbutt","Entrench+1","Fiend Fire+1","Flame Barrier","Infernal Blade","Offering","Demon Form","Spot Weakness","Sever Soul","Second Wind","True Grit"],"special_seed":0,"relics":["Burning Blood","Dead Branch","StoneCalendar","Du-Vu Doll","Fusion Hammer","FossilizedHelix","Frozen Egg 2","The Courier","Matryoshka"],"potions_floor_usage":[27,27],"damage_taken":[{"damage":6.0,"enemies":"Cultist","floor":1.0,"turns":3.0},{"damage":11.0,"enemies":"Jaw Worm","floor":2.0,"turns":5.0},{"damage":8.0,"enemies":"Small Slimes","floor":3.0,"turns":4.0},{"damage":24.0,"enemies":"Gremlin Gang","floor":4.0,"turns":5.0},{"damage":21.0,"enemies":"Lagavulin","floor":7.0,"turns":8.0},{"damage":25.0,"enemies":"3 Sentries","floor":10.0,"turns":7.0},{"damage":7.0,"enemies":"3 Louse","floor":13.0,"turns":3.0},{"damage":0.0,"enemies":"Large Slime","floor":14.0,"turns":4.0},{"damage":16.0,"enemies":"Hexaghost","floor":16.0,"turns":8.0},{"damage":0,"enemies":"Chosen","floor":18,"turns":3},{"damage":0,"enemies":"3 Byrds","floor":20,"turns":6},{"damage":25,"enemies":"Snake Plant","floor":21,"turns":2},{"damage":6,"enemies":"Colosseum Slavers","floor":22,"turns":2},{"damage":13,"enemies":"Colosseum Nobs","floor":22,"turns":3},{"damage":19,"enemies":"Centurion and Healer","floor":24,"turns":4},{"damage":16,"enemies":"Slavers","floor":25,"turns":6},{"damage":15,"enemies":"Cultist and Chosen","floor":27,"turns":5},{"damage":44,"enemies":"Masked Bandits","floor":28,"turns":3}],"seed_played":"1634797106507840369","potions_obtained":[{"floor":1.0,"key":"PowerPotion"},{"floor":10.0,"key":"Explosive Potion"},{"floor":13.0,"key":"AttackPotion"}],"is_trial":false,"path_per_floor":["M","M","M","M","?","R","E","R","T","E","$","?","M","M","R","B",null,"M","?","M","M","?","R","M","E","T","M","?"],"character_chosen":"IRONCLAD","items_purchased":["Fiend Fire","Flame Barrier"],"campfire_rested":2,"item_purchase_floors":[11,11],"current_hp_per_floor":[68,63,61,43,43,43,28,50,50,31,31,31,30,36,36,26,63,69,69,75,56,49,71,58,48,48,39,0],"gold":343,"neow_bonus":"ONE_RANDOM_RARE_CARD","is_prod":false,"is_daily":false,"chose_seed":false,"campfire_upgraded":2,"win_rate":0,"timestamp":1555420593,"path_taken":["M","M","M","M","?","R","E","R","T","E","$","?","?","M","R","BOSS","M","?","?","M","?","R","M","E","T","M","?"],"build_version":"2019-01-23","purchased_purges":0,"victory":false,"max_hp_per_floor":[75,75,75,75,75,75,75,75,75,75,75,75,75,75,75,75,75,75,75,75,75,75,75,75,75,75,75,75],"card_choices":[{"not_picked":["Sever Soul","Headbutt"],"picked":"Armaments","floor":1.0},{"not_picked":["Havoc","Ghostly Armor"],"picked":"Clothesline","floor":2.0},{"not_picked":["Warcry","Whirlwind"],"picked":"Body Slam","floor":3.0},{"not_picked":["Clash","Body Slam"],"picked":"Pummel","floor":4.0},{"not_picked":["Heavy Blade","Wild Strike"],"picked":"Headbutt","floor":7.0},{"not_picked":["Sword Boomerang","Flex"],"picked":"Entrench","floor":10.0},{"not_picked":["Iron Wave","Heavy Blade"],"picked":"Infernal Blade","floor":13.0},{"not_picked":["Spot Weakness","Burning Pact"],"picked":"Offering","floor":14.0},{"not_picked":["Bludgeon","Dark Embrace"],"picked":"Demon Form","floor":16.0},{"not_picked":["Headbutt+1","Blood for Blood"],"picked":"Spot Weakness","floor":18},{"not_picked":["Dropkick","Clothesline","Pummel"],"picked":"SKIP","floor":20},{"not_picked":["Clothesline","Sever Soul","Perfected Strike"],"picked":"SKIP","floor":21},{"not_picked":["Pummel","Dual Wield"],"picked":"Sever Soul","floor":22},{"not_picked":["Warcry","Anger"],"picked":"Second Wind","floor":24},{"not_picked":["Iron Wave","Metallicize+1","Anger+1"],"picked":"SKIP","floor":25},{"not_picked":["Metallicize+1","Pommel Strike"],"picked":"True Grit","floor":27}],"player_experience":449117,"relics_obtained":[{"floor":7.0,"key":"Dead Branch"},{"floor":9.0,"key":"StoneCalendar"},{"floor":10.0,"key":"Du-Vu Doll"},{"floor":22,"key":"FossilizedHelix"},{"floor":22,"key":"Frozen Egg 2"},{"floor":25,"key":"The Courier"},{"floor":26,"key":"Matryoshka"}],"event_choices":[{"damage_healed":0.0,"max_hp_gain":0.0,"max_hp_loss":0.0,"gold_gain":0.0,"cards_transformed":["Strike_R"],"event_name":"Living Wall","player_choice":"Change","floor":5.0,"gold_loss":0.0,"damage_taken":0.0,"cards_obtained":["Limit Break"]},{"damage_healed":0.0,"max_hp_gain":0.0,"max_hp_loss":0.0,"gold_gain":0.0,"event_name":"Accursed Blacksmith","player_choice":"Forge","floor":12.0,"gold_loss":0.0,"damage_taken":0.0,"cards_upgraded":["Entrench"]},{"damage_healed":0,"gold_gain":0,"player_choice":"Upgraded","damage_taken":0,"max_hp_gain":0,"max_hp_loss":0,"event_name":"Upgrade Shrine","floor":19,"gold_loss":0,"cards_upgraded":["Limit Break"]},{"damage_healed":0,"gold_gain":0,"player_choice":"Fight","damage_taken":0,"max_hp_gain":0,"max_hp_loss":0,"event_name":"Colosseum","floor":22,"gold_loss":0},{"damage_healed":0,"gold_gain":0,"player_choice":"Fought Nobs","damage_taken":0,"max_hp_gain":0,"max_hp_loss":0,"event_name":"Colosseum","floor":22,"gold_loss":0},{"damage_healed":0,"gold_gain":0,"player_choice":"Fought Bandits","damage_taken":0,"max_hp_gain":0,"max_hp_loss":0,"event_name":"Masked Bandits","floor":28,"gold_loss":0}],"is_beta":false,"boss_relics":[{"not_picked":["Pandora\u0027s Box","Tiny House"],"picked":"Fusion Hammer"}],"items_purged_floors":[],"is_endless":false,"potions_floor_spawned":[1,10,13,16,22,22,24],"killed_by":"Masked Bandits","ascension_level":17}