{"gold_per_floor":[115,115,134,150,103,103,131,147,194,194,210,230,405,176,176,278,278,296,139,159,171,191,191,222,256,256,256,256,256,256,270,270,368,368,378,50,70,170,170,229,451,451,451,486,504,504,518,518,518,518],"floor_reached":51,"playtime":4174,"items_purged":["Doubt","Strike_B"],"score":725,"play_id":"80d18d67-577e-4932-851b-15bdc5a3df34","local_time":"20190517130016","is_ascension_mode":false,"campfire_choices":[{"data":"Sunder","floor":6,"key":"SMITH"},{"data":"White Noise","floor":10,"key":"SMITH"},{"floor":15,"key":"REST"},{"data":"Defragment","floor":23,"key":"SMITH"},{"floor":29,"key":"REST"},{"data":"Echo Form","floor":32,"key":"SMITH"},{"floor":46,"key":"REST"},{"data":"Creative AI","floor":49,"key":"SMITH"}],"neow_cost":"NONE","seed_source_timestamp":153299424446269,"circlet_count":0,"master_deck":["Strike_B","Defend_B","Defend_B","Defend_B","Defend_B","Zap","Dualcast","Sunder+1","Turbo","FTL","Coolheaded","White Noise+1","Tempest","Steam Power","Consume","Echo Form+1","Defragment+1","Chill","Stack","Static Discharge+1","Cold Snap+1","Chaos+1","Self Repair","Necronomicurse","Creative AI+1","Undo+1","Blizzard","Storm+1","Doubt","Self Repair"],"relics":["FrozenCore","FaceOfCleric","Mummified Hand","Boot","Regal Pillow","Dream Catcher","Red Mask","Lantern","Necronomicon","Cursed Key","PreservedInsect","Du-Vu Doll","Tiny Chest","Gambling Chip","Bronze Scales"],"potions_floor_usage":[16,44,44],"damage_taken":[{"damage":0,"enemies":"Small Slimes","floor":1,"turns":3},{"damage":1,"enemies":"Cultist","floor":3,"turns":3},{"damage":3,"enemies":"Jaw Worm","floor":4,"turns":3},{"damage":15,"enemies":"3 Sentries","floor":7,"turns":8},{"damage":0,"enemies":"Exordium Wildlife","floor":8,"turns":3},{"damage":9,"enemies":"Large Slime","floor":11,"turns":3},{"damage":0,"enemies":"3 Louse","floor":12,"turns":2},{"damage":16,"enemies":"The Guardian","floor":16,"turns":12},{"damage":1,"enemies":"Shell Parasite","floor":18,"turns":11},{"damage":16,"enemies":"Spheric Guardian","floor":20,"turns":4},{"damage":3,"enemies":"Snake Plant","floor":21,"turns":5},{"damage":1,"enemies":"Centurion and Healer","floor":22,"turns":5},{"damage":18,"enemies":"Slavers","floor":24,"turns":5},{"damage":0,"enemies":"Masked Bandits","floor":25,"turns":3},{"damage":9,"enemies":"Colosseum Slavers","floor":28,"turns":5},{"damage":1,"enemies":"Snecko","floor":31,"turns":4},{"damage":14,"enemies":"Automaton","floor":33,"turns":6},{"damage":6,"enemies":"3 Shapes","floor":35,"turns":5},{"damage":0,"enemies":"Orb Walker","floor":37,"turns":3},{"damage":10,"enemies":"Mind Bloom Boss Battle","floor":38,"turns":6},{"damage":4,"enemies":"Giant Head","floor":40,"turns":9},{"damage":23,"enemies":"Reptomancer","floor":44,"turns":3},{"damage":23,"enemies":"Maw","floor":45,"turns":6},{"damage":0,"enemies":"Sphere and 2 Shapes","floor":47,"turns":3},{"damage":73,"enemies":"Time Eater","floor":50,"turns":10}],"seed_played":"-2696480134773149449","potions_obtained":[{"floor":4,"key":"SteroidPotion"},{"floor":8,"key":"Block Potion"},{"floor":12,"key":"FearPotion"},{"floor":16,"key":"Ancient Potion"},{"floor":45,"key":"SneckoOil"},{"floor":47,"key":"Strength Potion"}],"is_trial":false,"path_per_floor":["?","M","?","?","?","?","?","?","?","?","?","M","?"],"character_chosen":"DEFECT","items_purchased":["Coolheaded","Regal Pillow","Defragment","Chill","PreservedInsect","Blizzard"],"campfire_rested":3,"item_purchase_floors":[5,14,19,19,36,36],"current_hp_per_floor":[75,75,75,73,73,73,59,60,60,60,52,53,53,53,81,66,82,82,82,67,65,65,65,48,49,49,33,32,73,73,80,80,67,91,92,92,93,91,91,95,95,95,95,80,65,97,98,98,98,40],"gold":518,"neow_bonus":"REMOVE_CARD","is_prod":false,"is_daily":false,"chose_seed":false,"campfire_upgraded":5,"win_rate":0,"timestamp":1558112416,"path_taken":["M","?","M","M","$","R","E","M","T","R","?","M","?","$","R","BOSS","M","$","M","M","M","R","E","?","T","?","?","R","?","M","R","BOSS","M","$","M","?","?","E","?","?","T","E","M","R","?","?","R","BOSS"],"build_version":"2019-01-23","purchased_purges":2,"victory":true,"max_hp_per_floor":[75,75,76,77,77,77,78,79,79,79,80,81,81,81,81,82,82,83,83,84,85,86,86,87,88,88,88,89,89,89,90,90,91,91,92,92,93,94,94,95,95,95,95,96,97,97,98,98,98,99],"card_choices":[{"not_picked":["Rebound","FTL"],"picked":"Sunder","floor":1},{"not_picked":["Storm","Recycle"],"picked":"Turbo","floor":3},{"not_picked":["Go for the Eyes","Leap"],"picked":"FTL","floor":4},{"not_picked":["FTL","Go for the Eyes"],"picked":"White Noise","floor":7},{"not_picked":["Sweeping Beam","Go for the Eyes"],"picked":"Tempest","floor":8},{"not_picked":["Gash","Tempest"],"picked":"Steam Power","floor":11},{"not_picked":["Sweeping Beam","Melter"],"picked":"Consume","floor":12},{"not_picked":["Rainbow","Amplify"],"picked":"Echo Form","floor":16},{"not_picked":["Auto Shields","Sweeping Beam"],"picked":"Coolheaded","floor":18},{"not_picked":["Reprogram","Auto Shields"],"picked":"Stack","floor":20},{"not_picked":["Go for the Eyes+1","Darkness"],"picked":"Static Discharge+1","floor":21},{"not_picked":["Sunder","Redo"],"picked":"Cold Snap+1","floor":22},{"not_picked":["Conserve Battery","Doom and Gloom"],"picked":"Chaos+1","floor":24},{"not_picked":["Redo","Stack"],"picked":"Self Repair","floor":25},{"not_picked":["Rip and Tear","Recycle","Redo"],"picked":"SKIP","floor":31},{"not_picked":["Biased Cognition","Multi-Cast"],"picked":"Creative AI","floor":33},{"not_picked":["Ball Lightning","Turbo+1"],"picked":"Undo+1","floor":35},{"not_picked":["Leap","Rip and Tear+1","Gash"],"picked":"SKIP","floor":37},{"not_picked":["Glacier+1","Hologram+1"],"picked":"Storm+1","floor":40},{"not_picked":["Redo","Tempest+1","Leap"],"picked":"SKIP","floor":44},{"not_picked":["Echo Form","Rebound+1"],"picked":"Self Repair","floor":45},{"not_picked":["Gash","Tempest+1","Doom and Gloom+1"],"picked":"SKIP","floor":47}],"player_experience":544998,"relics_obtained":[{"floor":7,"key":"Mummified Hand"},{"floor":9,"key":"Boot"},{"floor":24,"key":"Dream Catcher"},{"floor":25,"key":"Red Mask"},{"floor":26,"key":"Lantern"},{"floor":27,"key":"Necronomicon"},{"floor":38,"key":"Du-Vu Doll"},{"floor":40,"key":"Tiny Chest"},{"floor":43,"key":"Gambling Chip"},{"floor":44,"key":"Bronze Scales"}],"event_choices":[{"damage_healed":0,"gold_gain":0,"player_choice":"Trade","damage_taken":0,"relics_obtained":["FaceOfCleric"],"max_hp_gain":0,"max_hp_loss":0,"event_name":"FaceTrader","floor":2,"gold_loss":0},{"damage_healed":0,"gold_gain":175,"player_choice":"AGREE","damage_taken":0,"max_hp_gain":0,"max_hp_loss":0,"event_name":"Liars Game","floor":13,"gold_loss":0,"cards_obtained":["Doubt"]},{"damage_healed":0,"gold_gain":0,"player_choice":"Fought Bandits","damage_taken":0,"max_hp_gain":0,"max_hp_loss":0,"event_name":"Masked Bandits","floor":25,"gold_loss":0},{"damage_healed":0,"gold_gain":0,"player_choice":"Obtained Book","damage_taken":16,"max_hp_gain":0,"max_hp_loss":0,"event_name":"Cursed Tome","floor":27,"gold_loss":0},{"damage_healed":0,"gold_gain":0,"player_choice":"Fight","damage_taken":0,"max_hp_gain":0,"max_hp_loss":0,"event_name":"Colosseum","floor":28,"gold_loss":0},{"damage_healed":0,"gold_gain":0,"player_choice":"Fled From Nobs","damage_taken":0,"max_hp_gain":0,"max_hp_loss":0,"event_name":"Colosseum","floor":28,"gold_loss":0},{"cards_removed":["Strike_B"],"damage_healed":0,"gold_gain":0,"player_choice":"Purged","damage_taken":0,"max_hp_gain":0,"max_hp_loss":0,"event_name":"Purifier","floor":30,"gold_loss":0},{"damage_healed":0,"gold_gain":0,"player_choice":"Fight","damage_taken":0,"max_hp_gain":0,"max_hp_loss":0,"event_name":"MindBloom","floor":38,"gold_loss":0},{"damage_healed":0,"gold_gain":0,"player_choice":"Ignored","damage_taken":0,"max_hp_gain":0,"max_hp_loss":0,"event_name":"Mysterious Sphere","floor":39,"gold_loss":0},{"damage_healed":0,"gold_gain":222,"player_choice":"Wore Mask","damage_taken":0,"max_hp_gain":0,"max_hp_loss":0,"event_name":"Tomb of Lord Red Mask","floor":41,"gold_loss":0},{"cards_removed":["Coolheaded"],"damage_healed":0,"gold_gain":0,"player_choice":"Removed Skill","damage_taken":0,"max_hp_gain":0,"max_hp_loss":0,"event_name":"Falling","floor":42,"gold_loss":0},{"damage_healed":0,"gold_gain":0,"player_choice":"Memory 1","damage_taken":0,"max_hp_gain":0,"max_hp_loss":0,"event_name":"SensoryStone","floor":48,"gold_loss":0}],"is_beta":false,"boss_relics":[{"not_picked":["Busted Crown","Calling Bell"],"picked":"FrozenCore"},{"not_picked":["Astrolabe","Pandora\u0027s Box"],"picked":"Cursed Key"}],"items_purged_floors":[14,36],"is_endless":false,"potions_floor_spawned":[4,8,12,16,22,28,31,35,40,45,47],"ascension_level":0}