{"gold_per_floor":[112,125,141,156,166,199,91,101,151,151],"floor_reached":10,"playtime":746,"items_purged":["Strike_G"],"score":101,"play_id":"d3fc3a6c-a360-413d-ab44-87bba3010757","local_time":"20190527073827","is_ascension_mode":true,"campfire_choices":[],"neow_cost":"NONE","seed_source_timestamp":704724840271697,"circlet_count":0,"master_deck":["Defend_G","Defend_G","Defend_G","Defend_G","Defend_G","Strike_G","Strike_G","Strike_G","Strike_G","Survivor","Neutralize","Flying Knee","Poisoned Stab","Die Die Die","Deadly Poison","Well Laid Plans","Phantasmal Killer","All Out Attack","Dodge and Roll"],"special_seed":0,"relics":["Ring of the Snake","Happy Flower","Ancient Tea Set"],"potions_floor_usage":[8,10],"damage_taken":[{"damage":2.0,"enemies":"Cultist","floor":1.0,"turns":6.0},{"damage":0.0,"enemies":"Jaw Worm","floor":2.0,"turns":4.0},{"damage":0.0,"enemies":"2 Louse","floor":3.0,"turns":3.0},{"damage":3.0,"enemies":"Lots of Slimes","floor":4.0,"turns":2.0},{"damage":12,"enemies":"3 Louse","floor":5,"turns":3},{"damage":30,"enemies":"Gremlin Nob","floor":6,"turns":4},{"damage":0,"enemies":"Blue Slaver","floor":8,"turns":3},{"damage":30,"enemies":"Lagavulin","floor":10,"turns":5}],"seed_played":"1021111173191484483","potions_obtained":[{"floor":1.0,"key":"Dexterity Potion"},{"floor":2.0,"key":"Ancient Potion"},{"floor":6,"key":"SkillPotion"},{"floor":8,"key":"PowerPotion"}],"is_trial":false,"path_per_floor":["M","M","M","M","M","E","$","M","T","E"],"character_chosen":"THE_SILENT","items_purchased":["All Out Attack"],"campfire_rested":0,"item_purchase_floors":[7],"current_hp_per_floor":[68,68,68,65,53,23,23,23,23,0],"gold":151,"neow_bonus":"TEN_PERCENT_HP_BONUS","is_prod":false,"is_daily":false,"chose_seed":false,"campfire_upgraded":0,"win_rate":0,"timestamp":1558922907,"path_taken":["M","?","M","M","M","E","$","M","T","E"],"build_version":"2019-01-23","purchased_purges":1,"victory":false,"max_hp_per_floor":[77,77,77,77,77,77,77,77,77,77],"card_choices":[{"not_picked":["Finisher","Blade Dance","Flying Knee"],"picked":"SKIP","floor":1.0},{"not_picked":["Finisher","Blade Dance"],"picked":"Flying Knee","floor":1.0},{"not_picked":["Dagger Throw","Prepared"],"picked":"Poisoned Stab","floor":2.0},{"not_picked":["Acrobatics","Dodge and Roll"],"picked":"Die Die Die","floor":3.0},{"not_picked":["Cloak And Dagger","Underhanded Strike"],"picked":"Deadly Poison","floor":4.0},{"not_picked":["Caltrops","Finisher"],"picked":"Well Laid Plans","floor":5},{"not_picked":["Cloak And Dagger","Dodge and Roll"],"picked":"Phantasmal Killer","floor":6},{"not_picked":["Tactician","Expertise"],"picked":"Dodge and Roll","floor":8}],"player_experience":817593,"relics_obtained":[{"floor":6,"key":"Happy Flower"},{"floor":9,"key":"Ancient Tea Set"}],"event_choices":[],"is_beta":false,"boss_relics":[],"items_purged_floors":[7],"is_endless":false,"potions_floor_spawned":[1,2,6,8],"killed_by":"Lagavulin","ascension_level":8}