{"gold_per_floor":[118,130,140,64,90,90,102,119,173,173,193,143,163,181,181,281,281,246,261,261,280,22,22,22,33,58,58,58,58],"floor_reached":29,"playtime":2251,"items_purged":[],"score":219,"play_id":"9abf67a3-0fe6-4e4a-b250-cba5d63288e0","local_time":"20190215193003","is_ascension_mode":false,"campfire_choices":[{"data":"Infinite Blades","floor":6,"key":"SMITH"},{"data":"Caltrops","floor":10,"key":"SMITH"},{"floor":15,"key":"REST"},{"floor":23,"key":"REST"},{"floor":28,"key":"REST"}],"neow_cost":"NONE","seed_source_timestamp":252236840960543,"circlet_count":0,"master_deck":["Defend_G","Defend_G","Defend_G","Defend_G","Defend_G","Strike_G","Strike_G","Strike_G","Strike_G","Survivor","Neutralize","Dodge and Roll","Flying Knee","Expertise","Infinite Blades+1","Poisoned Stab","Caltrops+1","PiercingWail","Night Terror","Catalyst","Adrenaline","Crippling Poison","Crippling Poison","PiercingWail","Flying Knee","Accuracy","Cloak And Dagger+1","Outmaneuver+1","Writhe","Caltrops","Accuracy","Metamorphosis","Blur"],"relics":["Ring of the Snake","Smiling Mask","Vajra","Pen Nib","Orrery","Sundial","Potion Belt"],"potions_floor_usage":[],"damage_taken":[{"damage":0,"enemies":"Cultist","floor":1,"turns":5},{"damage":1,"enemies":"Jaw Worm","floor":2,"turns":7},{"damage":0,"enemies":"Small Slimes","floor":3,"turns":3},{"damage":4,"enemies":"2 Fungi Beasts","floor":7,"turns":4},{"damage":3,"enemies":"Looter","floor":8,"turns":4},{"damage":0,"enemies":"Large Slime","floor":11,"turns":6},{"damage":8,"enemies":"Lots of Slimes","floor":13,"turns":5},{"damage":2,"enemies":"Exordium Wildlife","floor":14,"turns":3},{"damage":34,"enemies":"Hexaghost","floor":16,"turns":10},{"damage":17,"enemies":"2 Thieves","floor":18,"turns":5},{"damage":14,"enemies":"Chosen","floor":19,"turns":5},{"damage":20,"enemies":"Snecko","floor":21,"turns":6},{"damage":29,"enemies":"Centurion and Healer","floor":25,"turns":7},{"damage":6,"enemies":"Cultist and Chosen","floor":29,"turns":4}],"seed_played":"6089596696870314565","potions_obtained":[{"floor":1,"key":"GamblersBrew"},{"floor":7,"key":"FearPotion"},{"floor":8,"key":"GamblersBrew"},{"floor":11,"key":"Weak Potion"},{"floor":21,"key":"Regen Potion"}],"is_trial":false,"path_per_floor":["T","?","?","?"],"character_chosen":"THE_SILENT","items_purchased":["Infinite Blades","Accuracy","Metamorphosis"],"campfire_rested":3,"item_purchase_floors":[4,22,22],"current_hp_per_floor":[70,69,69,69,69,69,65,62,62,62,62,62,54,52,70,36,70,53,39,39,19,19,40,63,34,34,34,55,49],"gold":58,"neow_bonus":"RANDOM_COMMON_RELIC","is_prod":false,"is_daily":false,"chose_seed":false,"campfire_upgraded":2,"win_rate":0.0,"timestamp":1550277003,"path_taken":["M","M","M","$","?","R","M","M","T","R","M","?","M","M","R","BOSS","M","M","?","M","$","R","?","M","T","$","R","M"],"build_version":"2019-01-23","purchased_purges":0,"victory":false,"max_hp_per_floor":[70,70,70,70,70,70,70,70,70,70,70,70,70,70,70,70,70,70,70,70,70,70,70,70,70,70,70,70,70],"card_choices":[{"not_picked":["Crippling Poison","Bane"],"picked":"Dodge and Roll","floor":1},{"not_picked":["Skewer","Sucker Punch"],"picked":"Flying Knee","floor":2},{"not_picked":["Riddle With Holes","Slice"],"picked":"Expertise","floor":3},{"not_picked":["Dagger Spray","Underhanded Strike"],"picked":"Poisoned Stab","floor":7},{"not_picked":["Acrobatics","Finisher"],"picked":"Caltrops","floor":8},{"not_picked":["Finisher","All Out Attack"],"picked":"PiercingWail","floor":11},{"not_picked":["Dodge and Roll","Prepared"],"picked":"Night Terror","floor":13},{"not_picked":["Flying Knee","Dodge and Roll"],"picked":"Catalyst","floor":14},{"not_picked":["Unload","Tools of the Trade"],"picked":"Adrenaline","floor":16},{"not_picked":["Flechettes","Infinite Blades"],"picked":"Crippling Poison","floor":17},{"not_picked":["Acrobatics","Blade Dance"],"picked":"Crippling Poison","floor":17},{"not_picked":["Distraction","Outmaneuver"],"picked":"PiercingWail","floor":17},{"not_picked":["Blade Dance","Sucker Punch"],"picked":"Flying Knee","floor":17},{"not_picked":["Prepared","Dagger Throw"],"picked":"Accuracy","floor":17},{"not_picked":["Backflip","Poisoned Stab"],"picked":"Cloak And Dagger+1","floor":18},{"not_picked":["Endless Agony","Poisoned Stab"],"picked":"Outmaneuver+1","floor":19},{"not_picked":["Venomology","Backflip"],"picked":"Caltrops","floor":21},{"not_picked":["Poisoned Stab","Masterful Stab+1"],"picked":"Blur","floor":25}],"player_experience":41113,"relics_obtained":[{"floor":5,"key":"Vajra"},{"floor":9,"key":"Pen Nib"},{"floor":26,"key":"Potion Belt"}],"event_choices":[{"cards_removed":["Strike_G"],"damage_healed":0,"gold_gain":0,"player_choice":"Card Removal","damage_taken":0,"max_hp_gain":0,"max_hp_loss":0,"event_name":"The Cleric","floor":12,"gold_loss":50},{"damage_healed":0,"gold_gain":0,"player_choice":"Opened","damage_taken":0,"relics_obtained":["Sundial"],"max_hp_gain":0,"max_hp_loss":0,"event_name":"The Mausoleum","floor":20,"gold_loss":0,"cards_obtained":["Writhe"]},{"damage_healed":23,"gold_gain":0,"player_choice":"Heal","damage_taken":0,"max_hp_gain":0,"max_hp_loss":0,"event_name":"The Library","floor":24,"gold_loss":0}],"is_beta":false,"boss_relics":[{"not_picked":["Eternal Feather","Ectoplasm"],"picked":"Orrery"}],"items_purged_floors":[],"is_endless":false,"potions_floor_spawned":[1,7,8,11,13,21,25],"killed_by":"Cultist and Chosen","ascension_level":0}