{"gold_per_floor":[109,34,34,44,219,251,268,338,365,365,4,4,21,53,53,53],"floor_reached":16,"playtime":2353,"items_purged":["Strike_R","Doubt"],"score":219,"play_id":"eb4a97b4-bfd0-4053-bce0-60f3fc535423","local_time":"20190602215646","is_ascension_mode":true,"campfire_choices":[{"data":"Whirlwind","floor":10.0,"key":"SMITH"},{"data":"Bash","floor":15,"key":"SMITH"}],"neow_cost":"NONE","seed_source_timestamp":27739677620078,"circlet_count":0,"master_deck":["AscendersBane","Strike_R","Strike_R","Strike_R","Strike_R","Defend_R","Defend_R","Defend_R+1","Defend_R+1","Bash+1","Whirlwind+1","Hemokinesis","Exhume","Clothesline","Ghostly Armor"],"special_seed":0,"relics":["Burning Blood","NeowsBlessing","Art of War","Dream Catcher","Molten Egg 2","Frozen Egg 2"],"potions_floor_usage":[14,14,16,16],"damage_taken":[{"damage":0.0,"enemies":"Jaw Worm","floor":1.0,"turns":1.0},{"damage":0.0,"enemies":"2 Louse","floor":4.0,"turns":1.0},{"damage":3.0,"enemies":"Lagavulin","floor":6.0,"turns":1.0},{"damage":7.0,"enemies":"Small Slimes","floor":7.0,"turns":4.0},{"damage":5.0,"enemies":"Blue Slaver","floor":13.0,"turns":4.0},{"damage":9,"enemies":"Gremlin Nob","floor":14,"turns":3},{"damage":65,"enemies":"Slime Boss","floor":16,"turns":8}],"seed_played":"2953698442570372397","potions_obtained":[{"floor":1.0,"key":"Block Potion"},{"floor":4.0,"key":"EntropicBrew"},{"floor":14,"key":"SpeedPotion"}],"is_trial":false,"path_per_floor":["M","$","?","M","?","E","M","?","T","R","$","?","M","E","R","B"],"character_chosen":"IRONCLAD","items_purchased":["Molten Egg 2"],"campfire_rested":0,"item_purchase_floors":[11],"current_hp_per_floor":[78,78,83,85,85,85,84,84,84,84,84,67,68,65,65,0],"gold":53,"neow_bonus":"THREE_ENEMY_KILL","is_prod":false,"is_daily":false,"chose_seed":false,"campfire_upgraded":2,"win_rate":0,"timestamp":1559492806,"path_taken":["M","$","?","M","?","E","M","?","T","R","?","?","M","E","R","BOSS"],"build_version":"2019-01-23","purchased_purges":2,"victory":false,"max_hp_per_floor":[80,80,85,85,85,85,85,85,85,85,85,85,85,85,85,85],"card_choices":[{"not_picked":["Sentinel","Intimidate"],"picked":"Whirlwind","floor":1.0},{"not_picked":["Perfected Strike","Whirlwind"],"picked":"Hemokinesis","floor":4.0},{"not_picked":["Heavy Blade","Burning Pact"],"picked":"Exhume","floor":6.0},{"not_picked":["Perfected Strike","Pommel Strike"],"picked":"Clothesline","floor":7.0},{"not_picked":["Warcry","True Grit"],"picked":"Ghostly Armor","floor":13.0},{"not_picked":["Combust","Intimidate","Clothesline+1"],"picked":"SKIP","floor":14}],"player_experience":1115115,"relics_obtained":[{"floor":6.0,"key":"Art of War"},{"floor":9.0,"key":"Dream Catcher"},{"floor":14,"key":"Frozen Egg 2"}],"event_choices":[{"damage_healed":0.0,"max_hp_gain":5.0,"max_hp_loss":0.0,"gold_gain":0.0,"event_name":"Big Fish","player_choice":"Donut","floor":3.0,"gold_loss":0.0,"damage_taken":0.0},{"damage_healed":0.0,"max_hp_gain":0.0,"max_hp_loss":0.0,"gold_gain":175.0,"event_name":"Liars Game","player_choice":"AGREE","floor":5.0,"gold_loss":0.0,"damage_taken":0.0,"cards_obtained":["Doubt"]},{"damage_healed":0.0,"max_hp_gain":0.0,"max_hp_loss":0.0,"gold_gain":70.0,"event_name":"Golden Wing","player_choice":"Gained Gold","floor":8.0,"gold_loss":0.0,"damage_taken":0.0},{"damage_healed":0.0,"max_hp_gain":0.0,"max_hp_loss":0.0,"gold_gain":0.0,"event_name":"Shining Light","player_choice":"Entered Light","floor":12.0,"gold_loss":0.0,"damage_taken":17.0,"cards_upgraded":["Defend_R","Defend_R"]}],"is_beta":false,"boss_relics":[],"items_purged_floors":[2,11],"is_endless":false,"potions_floor_spawned":[1,4,7,14],"killed_by":"Slime Boss","ascension_level":13}