{"gold_per_floor":[110,110,124,144,144,144,169,169,169,204,304,323,342,368,368,465,465,465,420,420,420,420,420,420,420,420,38,38,38,38,38,38,38],"floor_reached":33,"playtime":7887,"items_purged":["Strike_R"],"score":363,"play_id":"7735a753-9150-43b2-9c2f-bc90782fc9c8","local_time":"20190514004227","is_ascension_mode":false,"campfire_choices":[{"data":"Spot Weakness","floor":6.0,"key":"SMITH"},{"data":"Shrug It Off","floor":8.0,"key":"SMITH"},{"data":"Bludgeon","floor":15.0,"key":"SMITH"},{"data":"Barricade","floor":29,"key":"SMITH"},{"data":"Demon Form","floor":32,"key":"SMITH"}],"neow_cost":"PERCENT_DAMAGE","seed_source_timestamp":368844759854728,"circlet_count":0,"master_deck":["Strike_R","Strike_R+1","Strike_R","Defend_R+1","Defend_R","Defend_R","Defend_R","Bash","Shrug It Off","Shrug It Off+1","Sentinel","Pommel Strike","Shrug It Off","Spot Weakness+1","Warcry","Headbutt","Pommel Strike","Bludgeon+1","Barricade+1","Heavy Blade+1","Spot Weakness","Disarm","Havoc","Heavy Blade","Spot Weakness","Spot Weakness","Body Slam+1","Flame Barrier","Warcry","Demon Form+1","Metallicize"],"special_seed":0,"relics":["Burning Blood","Prayer Wheel","Singing Bowl","Smiling Mask","Pocketwatch","Ectoplasm","Question Card","Ancient Tea Set","OrangePellets","Mercury Hourglass"],"potions_floor_usage":[23,23,24,28],"damage_taken":[{"damage":0.0,"enemies":"2 Louse","floor":1.0,"turns":4.0},{"damage":2.0,"enemies":"Small Slimes","floor":3.0,"turns":4.0},{"damage":1.0,"enemies":"Cultist","floor":4.0,"turns":4.0},{"damage":12.0,"enemies":"Lagavulin","floor":7.0,"turns":10.0},{"damage":5.0,"enemies":"3 Sentries","floor":10.0,"turns":9.0},{"damage":2.0,"enemies":"Lots of Slimes","floor":12.0,"turns":6.0},{"damage":1.0,"enemies":"2 Fungi Beasts","floor":13.0,"turns":3.0},{"damage":37.0,"enemies":"Gremlin Nob","floor":14.0,"turns":5.0},{"damage":27.0,"enemies":"Hexaghost","floor":16.0,"turns":7.0},{"damage":2.0,"enemies":"Chosen","floor":18.0,"turns":3.0},{"damage":30.0,"enemies":"2 Thieves","floor":19.0,"turns":3.0},{"damage":0,"enemies":"Snake Plant","floor":20,"turns":3},{"damage":10,"enemies":"Shelled Parasite and Fungi","floor":21,"turns":4},{"damage":4,"enemies":"Cultist and Chosen","floor":22,"turns":4},{"damage":40,"enemies":"Slavers","floor":23,"turns":6},{"damage":16,"enemies":"Centurion and Healer","floor":24,"turns":6},{"damage":15,"enemies":"Snake Plant","floor":25,"turns":5},{"damage":1,"enemies":"Cultist and Chosen","floor":28,"turns":6},{"damage":14,"enemies":"Book of Stabbing","floor":30,"turns":6},{"damage":0,"enemies":"Snecko","floor":31,"turns":4},{"damage":40,"enemies":"Automaton","floor":33,"turns":6}],"seed_played":"8984435927456027842","potions_obtained":[{"floor":1.0,"key":"GamblersBrew"},{"floor":4.0,"key":"Block Potion"},{"floor":14.0,"key":"SteroidPotion"},{"floor":16.0,"key":"Swift Potion"},{"floor":19.0,"key":"EssenceOfSteel"},{"floor":22,"key":"Weak Potion"},{"floor":24,"key":"EssenceOfSteel"}],"is_trial":false,"path_per_floor":["M","?","M","M","?","R","E","R","T","E","?","M","M","E","R","B",null,"M","M","M","M","M","E","M","M","T","$","M","R","E","M","R","B"],"character_chosen":"IRONCLAD","items_purchased":["Demon Form","OrangePellets"],"campfire_rested":0,"item_purchase_floors":[27,27],"current_hp_per_floor":[62,62,66,71,55,55,49,49,49,52,52,56,65,36,36,15,88,92,68,74,72,74,42,32,25,25,25,34,34,28,36,36,0],"gold":38,"neow_bonus":"ONE_RARE_RELIC","is_prod":false,"is_daily":false,"chose_seed":false,"campfire_upgraded":5,"win_rate":0,"timestamp":1557774747,"path_taken":["M","?","M","M","?","R","E","R","T","E","?","M","?","E","R","BOSS","M","M","M","M","M","E","M","M","T","?","M","R","E","M","R","BOSS"],"build_version":"2019-01-23","purchased_purges":1,"victory":false,"max_hp_per_floor":[80,80,80,80,80,80,80,80,80,82,82,82,86,88,88,88,88,92,92,92,94,94,96,96,98,98,98,102,102,104,106,106,106],"card_choices":[{"not_picked":["Rage","Pommel Strike"],"picked":"Shrug It Off","floor":1.0},{"not_picked":["Clash","Battle Trance"],"picked":"Shrug It Off","floor":1.0},{"not_picked":["Seeing Red","Entrench"],"picked":"Pommel Strike","floor":3.0},{"not_picked":["Blood for Blood","Heavy Blade"],"picked":"Shrug It Off","floor":3.0},{"not_picked":["Searing Blow","Thunderclap"],"picked":"Spot Weakness","floor":4.0},{"not_picked":["Pummel","Wild Strike"],"picked":"Warcry","floor":4.0},{"not_picked":["Wild Strike","Brutality"],"picked":"Headbutt","floor":7.0},{"not_picked":["Flex","Seeing Red","Armaments"],"picked":"Singing Bowl","floor":10.0},{"not_picked":["Iron Wave","Inflame"],"picked":"Pommel Strike","floor":12.0},{"not_picked":["Rampage","Headbutt"],"picked":"Bludgeon","floor":12.0},{"not_picked":["Headbutt","Wild Strike","Searing Blow"],"picked":"Singing Bowl","floor":13.0},{"not_picked":["Iron Wave","Flex","Pommel Strike"],"picked":"Singing Bowl","floor":13.0},{"not_picked":["Cleave","Flex","Wild Strike"],"picked":"Singing Bowl","floor":14.0},{"not_picked":["Exhume","Brutality"],"picked":"Barricade","floor":16.0},{"not_picked":["Flex","Anger","Infernal Blade+1"],"picked":"Singing Bowl","floor":18.0},{"not_picked":["Sever Soul+1","Second Wind","Dropkick"],"picked":"Singing Bowl","floor":18.0},{"not_picked":["Hemokinesis","Combust+1"],"picked":"Heavy Blade+1","floor":19.0},{"not_picked":["Body Slam","Rage"],"picked":"Spot Weakness","floor":19.0},{"not_picked":["Clothesline","Rampage+1"],"picked":"Disarm","floor":20},{"not_picked":["Battle Trance","Clash"],"picked":"Havoc","floor":20},{"not_picked":["Perfected Strike","Burning Pact","Armaments"],"picked":"Singing Bowl","floor":21},{"not_picked":["Thunderclap","Burning Pact"],"picked":"Heavy Blade","floor":21},{"not_picked":["Headbutt","Juggernaut"],"picked":"Spot Weakness","floor":22},{"not_picked":["Evolve","Twin Strike"],"picked":"Spot Weakness","floor":22},{"not_picked":["Second Wind","Rupture+1","Cleave+1"],"picked":"Singing Bowl","floor":23},{"not_picked":["Flex+1","Clash+1","Cleave+1"],"picked":"Body Slam+1","floor":24},{"not_picked":["Corruption","Perfected Strike","Thunderclap"],"picked":"Flame Barrier","floor":24},{"not_picked":["Body Slam","Feel No Pain","Thunderclap+1"],"picked":"Warcry","floor":25},{"not_picked":["Whirlwind+1","Combust+1","Thunderclap+1","Rage"],"picked":"Singing Bowl","floor":25},{"not_picked":["Headbutt","Reaper","Corruption","Clothesline+1"],"picked":"Singing Bowl","floor":28},{"not_picked":["Sentinel","Iron Wave","Warcry","Flame Barrier"],"picked":"Singing Bowl","floor":28},{"not_picked":["Barricade","Twin Strike","Brutality","Seeing Red"],"picked":"Singing Bowl","floor":30},{"not_picked":["Inflame","True Grit","Rupture"],"picked":"Metallicize","floor":31},{"not_picked":["Evolve","Shrug It Off","Anger","Twin Strike"],"picked":"Singing Bowl","floor":31}],"player_experience":239937,"relics_obtained":[{"floor":7.0,"key":"Singing Bowl"},{"floor":10.0,"key":"Smiling Mask"},{"floor":14.0,"key":"Pocketwatch"},{"floor":23,"key":"Question Card"},{"floor":26,"key":"Ancient Tea Set"},{"floor":30,"key":"Mercury Hourglass"}],"event_choices":[{"damage_healed":0.0,"max_hp_gain":0.0,"max_hp_loss":0.0,"gold_gain":0.0,"cards_transformed":["Strike_R"],"event_name":"Living Wall","player_choice":"Change","floor":2.0,"gold_loss":0.0,"damage_taken":0.0,"cards_obtained":["Sentinel"]},{"damage_healed":0.0,"max_hp_gain":0.0,"max_hp_loss":0.0,"gold_gain":0.0,"event_name":"Shining Light","player_choice":"Entered Light","floor":5.0,"gold_loss":0.0,"damage_taken":16.0,"cards_upgraded":["Defend_R","Strike_R"]},{"damage_healed":0.0,"max_hp_gain":0.0,"max_hp_loss":0.0,"gold_gain":100.0,"event_name":"Wheel of Change","player_choice":"Gold","floor":11.0,"gold_loss":0.0,"damage_taken":0.0}],"is_beta":false,"boss_relics":[{"not_picked":["Runic Pyramid","White Beast Statue"],"picked":"Ectoplasm"}],"items_purged_floors":[27],"is_endless":false,"potions_floor_spawned":[1,4,14,16,19,20,22,24],"killed_by":"Automaton","ascension_level":0}