{"gold_per_floor":[117,40,40,40,57,86,86,104,177,194,206,217,142,171,171,271,271,288,288,302,318,332,360,360,13,39,39,39,74,86,86,86,182,182,202,302,315,328,342,376,376,376,449,466,479,20,20,31,31,31,31,31,31,31],"floor_reached":54,"playtime":14956,"items_purged":["Regret","Parasite"],"score":821,"play_id":"70edcb56-1070-4d34-876f-84d4a75c3c3b","local_time":"20190513011720","is_ascension_mode":false,"campfire_choices":[{"data":"Shockwave","floor":7.0,"key":"SMITH"},{"data":"Inflame","floor":15.0,"key":"SMITH"},{"data":"Immolate","floor":32.0,"key":"SMITH"},{"data":"Ghostly","floor":41.0,"key":"SMITH"},{"floor":47.0,"key":"RECALL"},{"data":"Ghostly","floor":49.0,"key":"SMITH"},{"data":"Ghostly","floor":52,"key":"SMITH"}],"neow_cost":"NONE","seed_source_timestamp":286873092219587,"circlet_count":0,"master_deck":["Defend_R","Defend_R","Defend_R","Defend_R","Bash","Pommel Strike","Inflame+1","Headbutt","Shockwave+1","Heavy Blade","Sword Boomerang","Shrug It Off","Pommel Strike","Demon Form","Body Slam+1","Impervious","J.A.X.","Battle Trance","Ghostly+1","Ghostly+1","Ghostly+1","Ghostly","Ghostly","Immolate+1","Bite","Bite","Bite","Bite","Offering","Dual Wield+1","Rupture+1","Dropkick","Entrench+1","Disarm+1"],"special_seed":0,"relics":["Burning Blood","NeowsBlessing","Mercury Hourglass","Boot","Bird Faced Urn","Bottled Lightning","Coffee Dripper","Nloth\u0027s Gift","Nunchaku","Mango","Happy Flower","Runic Pyramid","Turnip","Juzu Bracelet","Shuriken","Self Forming Clay"],"potions_floor_usage":[],"damage_taken":[{"damage":0.0,"enemies":"Jaw Worm","floor":1.0,"turns":1.0},{"damage":0.0,"enemies":"Cultist","floor":5.0,"turns":1.0},{"damage":0.0,"enemies":"Lagavulin","floor":6.0,"turns":1.0},{"damage":4.0,"enemies":"2 Louse","floor":8.0,"turns":2.0},{"damage":4.0,"enemies":"Looter","floor":10.0,"turns":4.0},{"damage":8.0,"enemies":"2 Fungi Beasts","floor":11.0,"turns":4.0},{"damage":4.0,"enemies":"3 Louse","floor":12.0,"turns":3.0},{"damage":4.0,"enemies":"Gremlin Nob","floor":14.0,"turns":3.0},{"damage":46.0,"enemies":"Hexaghost","floor":16.0,"turns":6.0},{"damage":5.0,"enemies":"Shell Parasite","floor":18.0,"turns":4.0},{"damage":9.0,"enemies":"3 Byrds","floor":20.0,"turns":5.0},{"damage":8.0,"enemies":"Centurion and Healer","floor":21.0,"turns":5.0},{"damage":11.0,"enemies":"Snecko","floor":22.0,"turns":4.0},{"damage":10.0,"enemies":"Book of Stabbing","floor":23.0,"turns":4.0},{"damage":5.0,"enemies":"Gremlin Leader","floor":29.0,"turns":6.0},{"damage":1.0,"enemies":"3 Cultists","floor":30.0,"turns":3.0},{"damage":32.0,"enemies":"Collector","floor":33.0,"turns":7.0},{"damage":4.0,"enemies":"Orb Walker","floor":35.0,"turns":3.0},{"damage":17.0,"enemies":"Mind Bloom Boss Battle","floor":36.0,"turns":7.0},{"damage":8.0,"enemies":"3 Shapes","floor":37.0,"turns":5.0},{"damage":4.0,"enemies":"Writhing Mass","floor":38.0,"turns":5.0},{"damage":1.0,"enemies":"Transient","floor":39.0,"turns":5.0},{"damage":9.0,"enemies":"Nemesis","floor":40.0,"turns":5.0},{"damage":12.0,"enemies":"Sphere and 2 Shapes","floor":44.0,"turns":6.0},{"damage":12.0,"enemies":"Maw","floor":45.0,"turns":6.0},{"damage":5.0,"enemies":"Spire Growth","floor":48.0,"turns":5.0},{"damage":26,"enemies":"Awakened One","floor":50,"turns":11},{"damage":63,"enemies":"Shield and Spear","floor":54,"turns":6}],"seed_played":"-6625799840614230664","potions_obtained":[{"floor":5.0,"key":"Explosive Potion"},{"floor":10.0,"key":"LiquidBronze"},{"floor":14.0,"key":"Weak Potion"},{"floor":16.0,"key":"EntropicBrew"},{"floor":22.0,"key":"Block Potion"},{"floor":30.0,"key":"SpeedPotion"},{"floor":44.0,"key":"Dexterity Potion"}],"is_trial":false,"path_per_floor":["M","$","?","T","M","E","R","M","T","M","M","M","$","E","R","B",null,"M","?","M","M","M","E","?","$","T","?","?","E","M","?","R","B",null,"M","?","M","M","M","E","R","?","T","M","M","$","R","M","R","B",null,"R","$","E"],"character_chosen":"IRONCLAD","items_purchased":["Inflame","Battle Trance","Mango","Self Forming Clay","AttackPotion","AttackPotion"],"campfire_rested":0,"item_purchase_floors":[2,25,25,46,46,46],"current_hp_per_floor":[80,80,80,80,80,80,80,80,80,80,78,80,80,80,80,40,80,80,80,80,80,75,75,75,89,89,89,47,47,47,47,47,26,47,47,43,47,47,47,47,47,47,47,47,47,44,44,44,44,44,44,44,44,0],"gold":31,"neow_bonus":"THREE_ENEMY_KILL","is_prod":false,"is_daily":false,"chose_seed":false,"campfire_upgraded":6,"win_rate":0,"timestamp":1557690440,"path_taken":["M","$","?","?","M","E","R","M","T","M","M","M","$","E","R","BOSS","M","?","M","M","?","E","?","$","T","?","?","E","M","?","R","BOSS","M","?","M","M","M","E","R","?","T","M","M","$","R","M","R","BOSS","R","$","E"],"build_version":"2019-01-23","purchased_purges":2,"victory":false,"max_hp_per_floor":[80,80,80,80,80,80,80,80,80,80,80,80,80,80,80,80,80,80,80,80,80,80,80,80,94,94,94,47,47,47,47,47,47,47,47,47,47,47,47,47,47,47,47,47,47,44,44,44,44,44,44,44,44,44],"card_choices":[{"not_picked":["Flex","Body Slam"],"picked":"Pommel Strike","floor":1.0},{"not_picked":["Wild Strike","Body Slam"],"picked":"Headbutt","floor":5.0},{"not_picked":["Perfected Strike","Rampage"],"picked":"Shockwave","floor":6.0},{"not_picked":["Body Slam","Wild Strike"],"picked":"Heavy Blade","floor":8.0},{"not_picked":["Body Slam","Burning Pact","Perfected Strike"],"picked":"SKIP","floor":10.0},{"not_picked":["Anger","Sword Boomerang","Burning Pact"],"picked":"SKIP","floor":11.0},{"not_picked":["Anger","Burning Pact"],"picked":"Sword Boomerang","floor":11.0},{"not_picked":["Exhume","Bloodletting"],"picked":"Shrug It Off","floor":12.0},{"not_picked":["Whirlwind","Thunderclap"],"picked":"Pommel Strike","floor":14.0},{"not_picked":["Fiend Fire","Immolate"],"picked":"Demon Form","floor":16.0},{"not_picked":["Sever Soul","Feel No Pain+1"],"picked":"Body Slam+1","floor":18.0},{"not_picked":["Power Through+1","Clothesline","Perfected Strike"],"picked":"SKIP","floor":20.0},{"not_picked":["Second Wind","Havoc+1","Reckless Charge"],"picked":"SKIP","floor":21.0},{"not_picked":["Bloodletting","Uppercut","Corruption"],"picked":"SKIP","floor":22.0},{"not_picked":["Berserk","Thunderclap+1"],"picked":"Impervious","floor":23.0},{"not_picked":["Exhume","Thunderclap"],"picked":"Immolate","floor":29.0},{"not_picked":["Feel No Pain","Twin Strike","Perfected Strike"],"picked":"SKIP","floor":30.0},{"not_picked":["Berserk","Impervious"],"picked":"Offering","floor":33.0},{"not_picked":["Feel No Pain+1","Pommel Strike+1"],"picked":"Dual Wield+1","floor":35.0},{"not_picked":["Metallicize","Anger+1"],"picked":"Rupture+1","floor":36.0},{"not_picked":["Flex","Anger+1","Headbutt"],"picked":"SKIP","floor":37.0},{"not_picked":["Flex","Anger+1","Headbutt"],"picked":"SKIP","floor":37.0},{"not_picked":["Searing Blow+1","True Grit"],"picked":"Dropkick","floor":38.0},{"not_picked":["Clothesline","Hemokinesis+1"],"picked":"Entrench+1","floor":39.0},{"not_picked":["Wild Strike+1","Anger","Juggernaut"],"picked":"SKIP","floor":40.0},{"not_picked":["Perfected Strike","Cleave+1","Wild Strike"],"picked":"SKIP","floor":44.0},{"not_picked":["Pummel+1","Wild Strike"],"picked":"Disarm+1","floor":45.0},{"not_picked":["Battle Trance","Perfected Strike","Anger"],"picked":"SKIP","floor":48.0}],"player_experience":192600,"relics_obtained":[{"floor":4.0,"key":"Boot"},{"floor":6.0,"key":"Bird Faced Urn"},{"floor":9.0,"key":"Bottled Lightning"},{"floor":14.0,"key":"Centennial Puzzle"},{"floor":23.0,"key":"Nunchaku"},{"floor":29.0,"key":"Blood Vial"},{"floor":36.0,"key":"Turnip"},{"floor":40.0,"key":"Juzu Bracelet"},{"floor":43.0,"key":"Shuriken"}],"event_choices":[{"damage_healed":0.0,"max_hp_gain":0.0,"max_hp_loss":0.0,"gold_gain":0.0,"event_name":"Big Fish","player_choice":"Box","floor":3.0,"gold_loss":0.0,"damage_taken":0.0,"relics_obtained":["Mercury Hourglass"],"cards_obtained":["Regret"]},{"damage_healed":0.0,"max_hp_gain":0.0,"max_hp_loss":0.0,"gold_gain":0.0,"event_name":"N\u0027loth","player_choice":"Traded Relic","floor":19.0,"relics_lost":["Centennial Puzzle"],"gold_loss":0.0,"damage_taken":0.0,"relics_obtained":["Nloth\u0027s Gift"]},{"damage_healed":0.0,"max_hp_gain":0.0,"max_hp_loss":0.0,"gold_gain":0.0,"event_name":"Drug Dealer","player_choice":"Obtain J.A.X.","floor":24.0,"gold_loss":0.0,"damage_taken":0.0,"cards_obtained":["J.A.X."]},{"damage_healed":0.0,"max_hp_gain":0.0,"max_hp_loss":0.0,"gold_gain":0.0,"event_name":"The Mausoleum","player_choice":"Opened","floor":27.0,"gold_loss":0.0,"damage_taken":0.0,"relics_obtained":["Happy Flower"]},{"damage_healed":0.0,"max_hp_gain":0.0,"max_hp_loss":47.0,"gold_gain":0.0,"event_name":"Ghosts","player_choice":"Became a Ghost","floor":28.0,"gold_loss":0.0,"damage_taken":0.0,"cards_obtained":["Ghostly","Ghostly","Ghostly","Ghostly","Ghostly"]},{"damage_healed":0.0,"max_hp_gain":0.0,"max_hp_loss":0.0,"gold_gain":0.0,"event_name":"Vampires","player_choice":"Became a vampire (Vial)","floor":31.0,"relics_lost":["Blood Vial"],"gold_loss":0.0,"damage_taken":0.0,"cards_obtained":["Bite","Bite","Bite","Bite","Bite"]},{"damage_healed":0.0,"max_hp_gain":0.0,"max_hp_loss":0.0,"gold_gain":0.0,"event_name":"MindBloom","player_choice":"Fight","floor":36.0,"gold_loss":0.0,"damage_taken":0.0},{"cards_removed":["Bite"],"damage_healed":0.0,"max_hp_gain":0.0,"max_hp_loss":0.0,"gold_gain":0.0,"event_name":"Falling","player_choice":"Removed Attack","floor":42.0,"gold_loss":0.0,"damage_taken":0.0}],"is_beta":false,"boss_relics":[{"not_picked":["Astrolabe","Velvet Choker"],"picked":"Coffee Dripper"},{"not_picked":["Lizard Tail","Runic Dome"],"picked":"Runic Pyramid"}],"items_purged_floors":[13,46],"is_endless":false,"potions_floor_spawned":[5,10,14,16,22,23,30,37,39,44,45,48],"killed_by":"Shield and Spear","ascension_level":0}