{"gold_per_floor":[362,362,372,387,397,397,447,447,447,475,489,163,194,211,211,287,287,298,159,159,172,200,200,215,215,262,296,316,89,136,148,148,227,227,247,247,299,312,325,325,338,364,364,95,95,95,109,121,121,121],"floor_reached":51,"playtime":1704,"items_purged":["Strike_R","Strike_R","Strike_R"],"score":1306,"play_id":"7f5331ec-c491-4570-8eba-6497d187f377","local_time":"20190408002358","is_ascension_mode":true,"campfire_choices":[{"data":"True Grit","floor":6.0,"key":"SMITH"},{"data":"Uppercut","floor":8.0,"key":"SMITH"},{"data":"Heavy Blade","floor":15.0,"key":"SMITH"},{"data":"Immolate","floor":23.0,"key":"SMITH"},{"data":"Demon Form","floor":32.0,"key":"SMITH"},{"floor":40.0,"key":"REST"},{"floor":45.0,"key":"REST"},{"floor":49.0,"key":"REST"}],"neow_cost":"PERCENT_DAMAGE","seed_source_timestamp":91956347114322,"circlet_count":0,"master_deck":["AscendersBane","Strike_R","Defend_R","Defend_R+1","Defend_R","Defend_R+1","Anger","Twin Strike","Uppercut+1","True Grit+1","Immolate+1","Spot Weakness+1","Shockwave+1","Twin Strike","Heavy Blade+1","Double Tap+1","Shrug It Off+1","Ghostly Armor+1","True Grit+1","Flame Barrier+1","Warcry+1","Demon Form+1","Sword Boomerang","Sword Boomerang+1","Reaper","Warcry+1","Flash of Steel","Purity+1","Inflame","Evolve+1","Havoc+1"],"special_seed":0,"relics":["Burning Blood","Meat on the Bone","Toxic Egg 2","Vajra","Red Skull","Sozu","Red Mask","War Paint","Orichalcum","Black Star","Calipers","Frozen Egg 2","Regal Pillow","Torii"],"potions_floor_usage":[50],"damage_taken":[{"damage":14.0,"enemies":"Jaw Worm","floor":1.0,"turns":3.0},{"damage":1.0,"enemies":"Cultist","floor":3.0,"turns":3.0},{"damage":5.0,"enemies":"2 Louse","floor":4.0,"turns":2.0},{"damage":25.0,"enemies":"Gremlin Gang","floor":5.0,"turns":6.0},{"damage":28.0,"enemies":"3 Sentries","floor":10.0,"turns":8.0},{"damage":25.0,"enemies":"Large Slime","floor":11.0,"turns":5.0},{"damage":16.0,"enemies":"Lagavulin","floor":13.0,"turns":5.0},{"damage":0.0,"enemies":"2 Fungi Beasts","floor":14.0,"turns":2.0},{"damage":36.0,"enemies":"Slime Boss","floor":16.0,"turns":7.0},{"damage":3.0,"enemies":"3 Byrds","floor":18.0,"turns":2.0},{"damage":6.0,"enemies":"2 Thieves","floor":21.0,"turns":3.0},{"damage":30.0,"enemies":"Masked Bandits","floor":22.0,"turns":5.0},{"damage":3.0,"enemies":"3 Cultists","floor":24.0,"turns":3.0},{"damage":2.0,"enemies":"Book of Stabbing","floor":27.0,"turns":3.0},{"damage":0.0,"enemies":"Snecko","floor":28.0,"turns":5.0},{"damage":4.0,"enemies":"Centurion and Healer","floor":31.0,"turns":6.0},{"damage":43.0,"enemies":"Collector","floor":33.0,"turns":7.0},{"damage":0.0,"enemies":"3 Shapes","floor":35.0,"turns":3.0},{"damage":27.0,"enemies":"2 Orb Walkers","floor":37.0,"turns":5.0},{"damage":16.0,"enemies":"Orb Walker","floor":38.0,"turns":4.0},{"damage":53.0,"enemies":"Writhing Mass","floor":39.0,"turns":7.0},{"damage":25.0,"enemies":"Maw","floor":41.0,"turns":6.0},{"damage":69.0,"enemies":"Reptomancer","floor":42.0,"turns":6.0},{"damage":13.0,"enemies":"4 Shapes","floor":47.0,"turns":7.0},{"damage":35.0,"enemies":"Sphere and 2 Shapes","floor":48.0,"turns":8.0},{"damage":67,"enemies":"Time Eater","floor":50,"turns":9}],"seed_played":"-8243960730604911194","potions_obtained":[{"floor":5.0,"key":"Regen Potion"},{"floor":10.0,"key":"Fruit Juice"},{"floor":11.0,"key":"Fire Potion"},{"floor":14.0,"key":"LiquidBronze"},{"floor":16.0,"key":"LiquidBronze"}],"is_trial":false,"path_per_floor":["M","?","M","M","M","R","?","R","T","E","M","$","E","M","R","B",null,"M","$","?","M","?","R","M","?","T","E","M","$","T","M","R","B",null,"M","?","?","M","M","R","M","E","T","$","R","?","M","M","R","B",null],"character_chosen":"IRONCLAD","items_purchased":["Vajra","Shockwave+1","Ghostly Armor+1","Demon Form","Sword Boomerang","Evolve+1","Havoc+1"],"campfire_rested":3,"item_purchase_floors":[12,12,19,29,29,44,44],"current_hp_per_floor":[42,42,47,48,29,29,22,22,22,32,25,25,27,45,45,27,67,70,70,70,70,58,58,61,38,38,54,60,60,60,62,62,37,73,85,75,54,56,27,52,50,29,29,29,69,69,73,56,85,48],"gold":121,"neow_bonus":"TWO_FIFTY_GOLD","is_prod":false,"is_daily":false,"chose_seed":false,"campfire_upgraded":5,"win_rate":0,"timestamp":1554650638,"path_taken":["M","?","?","M","M","R","?","R","T","E","?","$","E","M","R","BOSS","M","$","?","M","?","R","M","?","T","E","M","$","?","M","R","BOSS","M","?","?","M","M","R","M","E","T","$","R","?","M","?","R","BOSS"],"build_version":"2019-01-23","purchased_purges":3,"victory":true,"max_hp_per_floor":[75,75,75,75,75,75,75,75,75,80,80,80,80,80,80,80,80,80,80,80,80,80,80,80,85,85,85,85,85,85,85,85,85,85,85,85,85,85,85,85,85,85,85,85,85,85,85,85,85,85],"card_choices":[{"not_picked":["Clothesline","Pommel Strike"],"picked":"Anger","floor":1.0},{"not_picked":["Blood for Blood","Sentinel"],"picked":"Twin Strike","floor":3.0},{"not_picked":["Feel No Pain","Body Slam"],"picked":"Uppercut","floor":4.0},{"not_picked":["Clothesline","Uppercut"],"picked":"True Grit","floor":5.0},{"not_picked":["Sword Boomerang","Shrug It Off"],"picked":"Immolate","floor":10.0},{"not_picked":["Heavy Blade","Searing Blow"],"picked":"Spot Weakness+1","floor":11.0},{"not_picked":["Iron Wave","Wild Strike"],"picked":"Twin Strike","floor":13.0},{"not_picked":["Cleave","Ghostly Armor+1"],"picked":"Heavy Blade","floor":14.0},{"not_picked":["Dark Embrace","Barricade"],"picked":"Double Tap+1","floor":16.0},{"not_picked":["Dual Wield+1","Perfected Strike"],"picked":"Shrug It Off+1","floor":18.0},{"not_picked":["Headbutt","Body Slam"],"picked":"True Grit+1","floor":21.0},{"not_picked":["Ghostly Armor+1","Seeing Red+1"],"picked":"Flame Barrier+1","floor":24.0},{"not_picked":["Shockwave+1","Bloodletting+1"],"picked":"Warcry+1","floor":27.0},{"not_picked":["Burning Pact+1","Clash","Perfected Strike"],"picked":"SKIP","floor":28.0},{"not_picked":["Feed","Infernal Blade+1"],"picked":"Sword Boomerang+1","floor":31.0},{"not_picked":["Exhume+1","Impervious+1"],"picked":"Reaper","floor":33.0},{"not_picked":["Shrug It Off+1","Iron Wave"],"picked":"Warcry+1","floor":35.0},{"not_picked":["Bandage Up+1","Mind Blast"],"picked":"Flash of Steel","floor":36.0},{"not_picked":["Finesse+1","Magnetism"],"picked":"Purity+1","floor":36.0},{"not_picked":["Spot Weakness+1","Warcry+1","Havoc+1"],"picked":"SKIP","floor":38.0},{"not_picked":["True Grit+1","Flex+1","Warcry+1"],"picked":"SKIP","floor":39.0},{"not_picked":["Intimidate+1","Wild Strike"],"picked":"Inflame","floor":41.0},{"not_picked":["Clash","Rage+1","Reckless Charge"],"picked":"SKIP","floor":42.0},{"not_picked":["Double Tap+1","Headbutt","Armaments+1"],"picked":"SKIP","floor":47.0},{"not_picked":["Rage+1","Cleave","Armaments+1"],"picked":"SKIP","floor":48.0}],"player_experience":436916,"relics_obtained":[{"floor":9.0,"key":"Meat on the Bone"},{"floor":10.0,"key":"Toxic Egg 2"},{"floor":13.0,"key":"Red Skull"},{"floor":22.0,"key":"Red Mask"},{"floor":26.0,"key":"War Paint"},{"floor":27.0,"key":"Orichalcum"},{"floor":37.0,"key":"Calipers"},{"floor":42.0,"key":"Frozen Egg 2"},{"floor":42.0,"key":"Regal Pillow"},{"floor":43.0,"key":"Torii"}],"event_choices":[{"cards_removed":["Strike_R"],"damage_healed":0.0,"max_hp_gain":0.0,"max_hp_loss":0.0,"gold_gain":0.0,"event_name":"Bonfire Elementals","player_choice":"Offered Basic","floor":2.0,"gold_loss":0.0,"damage_taken":0.0},{"damage_healed":0.0,"max_hp_gain":0.0,"max_hp_loss":0.0,"gold_gain":50.0,"event_name":"FaceTrader","player_choice":"Touch","floor":7.0,"gold_loss":0.0,"damage_taken":7.0},{"damage_healed":0.0,"max_hp_gain":0.0,"max_hp_loss":0.0,"gold_gain":0.0,"event_name":"The Mausoleum","player_choice":"Ignored","floor":20.0,"gold_loss":0.0,"damage_taken":0.0},{"damage_healed":0.0,"max_hp_gain":0.0,"max_hp_loss":0.0,"gold_gain":0.0,"event_name":"Masked Bandits","player_choice":"Fought Bandits","floor":22.0,"gold_loss":0.0,"damage_taken":0.0},{"damage_healed":0.0,"max_hp_gain":5.0,"max_hp_loss":0.0,"gold_gain":0.0,"event_name":"Forgotten Altar","player_choice":"Shed Blood","floor":25.0,"gold_loss":0.0,"damage_taken":28.0},{"damage_healed":0.0,"max_hp_gain":0.0,"max_hp_loss":0.0,"gold_gain":0.0,"event_name":"SensoryStone","player_choice":"Memory 3","floor":36.0,"gold_loss":0.0,"damage_taken":10.0},{"damage_healed":0.0,"max_hp_gain":0.0,"max_hp_loss":0.0,"gold_gain":0.0,"event_name":"Mysterious Sphere","player_choice":"Fight","floor":37.0,"gold_loss":0.0,"damage_taken":0.0},{"cards_removed":["Bash"],"damage_healed":0.0,"max_hp_gain":0.0,"max_hp_loss":0.0,"gold_gain":0.0,"event_name":"Purifier","player_choice":"Purged","floor":46.0,"gold_loss":0.0,"damage_taken":0.0}],"is_beta":false,"boss_relics":[{"not_picked":["Mark of Pain","Snecko Eye"],"picked":"Sozu"},{"not_picked":["Coffee Dripper","Philosopher\u0027s Stone"],"picked":"Black Star"}],"items_purged_floors":[12,19,44],"is_endless":false,"potions_floor_spawned":[5,10,11,14,16,24,27,28,39,42,48],"ascension_level":16}