{"gold_per_floor":[115,115,128,146,71,71,86,86,86,86,6,24,47,66],"floor_reached":14,"playtime":522,"items_purged":["Strike_B","Strike_B"],"score":82,"play_id":"b516bd50-c85f-43f5-a75e-454f5f8d61e9","local_time":"20190127173348","is_ascension_mode":false,"campfire_choices":[{"data":"Zap","floor":6,"key":"SMITH"},{"data":"Dualcast","floor":8,"key":"SMITH"}],"neow_cost":"NONE","seed_source_timestamp":1541213584849156,"circlet_count":0,"master_deck":["Strike_B","Strike_B","Defend_B","Defend_B","Defend_B","Defend_B","Zap+1","Dualcast+1","Hologram","Melter","Ball Lightning","Turbo","BootSequence","Streamline"],"relics":["Cracked Core","NeowsBlessing","The Courier","Odd Mushroom"],"potions_floor_usage":[2],"damage_taken":[{"damage":0,"enemies":"Cultist","floor":1,"turns":1},{"damage":0,"enemies":"Small Slimes","floor":3,"turns":1},{"damage":0,"enemies":"2 Louse","floor":4,"turns":1},{"damage":5,"enemies":"Looter","floor":7,"turns":3},{"damage":0,"enemies":"3 Louse","floor":12,"turns":2},{"damage":16,"enemies":"The Mushroom Lair","floor":13,"turns":3},{"damage":3,"enemies":"Large Slime","floor":14,"turns":4}],"seed_played":"-310230501682437801","potions_obtained":[{"floor":2,"key":"Fruit Juice"},{"floor":2,"key":"Weak Potion"},{"floor":2,"key":"Poison Potion"},{"floor":4,"key":"Fire Potion"},{"floor":13,"key":"Fruit Juice"},{"floor":14,"key":"GamblersBrew"}],"is_trial":false,"path_per_floor":["M","?","M","M","$","R","M","R","T","?","$","M","?","M"],"character_chosen":"DEFECT","items_purchased":[],"campfire_rested":0,"item_purchase_floors":[],"current_hp_per_floor":[75,80,80,80,80,80,75,75,75,75,75,75,59,56],"gold":66,"neow_bonus":"THREE_ENEMY_KILL","is_prod":false,"is_daily":false,"chose_seed":false,"campfire_upgraded":2,"win_rate":0,"timestamp":1548632028,"path_taken":["M","?","?","M","$","R","M","R","T","?","?","M","?","M"],"build_version":"2019-01-23","purchased_purges":2,"victory":false,"max_hp_per_floor":[75,80,80,80,80,80,80,80,80,80,80,80,80,80],"card_choices":[{"not_picked":["Cold Snap","Go for the Eyes"],"picked":"Hologram","floor":1},{"not_picked":["Hologram","Streamline"],"picked":"Melter","floor":3},{"not_picked":["Streamline","Beam Cell"],"picked":"Ball Lightning","floor":4},{"not_picked":["Redo","Leap"],"picked":"Turbo","floor":7},{"not_picked":["Fusion","Turbo","Barrage"],"picked":"SKIP","floor":12},{"not_picked":["Undo","Turbo"],"picked":"BootSequence","floor":13},{"not_picked":["Barrage","Meteor Strike"],"picked":"Streamline","floor":14}],"player_experience":136133,"relics_obtained":[{"floor":9,"key":"The Courier"},{"floor":13,"key":"Odd Mushroom"}],"event_choices":[{"damage_healed":0,"gold_gain":0,"player_choice":"Got Potions","damage_taken":0,"max_hp_gain":0,"max_hp_loss":0,"event_name":"Lab","floor":2,"gold_loss":0},{"damage_healed":0,"gold_gain":0,"player_choice":"Bought 0 Potions","damage_taken":0,"max_hp_gain":0,"max_hp_loss":0,"event_name":"The Woman in Blue","floor":10,"gold_loss":0},{"damage_healed":0,"gold_gain":0,"player_choice":"Fought Mushrooms","damage_taken":0,"max_hp_gain":0,"max_hp_loss":0,"event_name":"Mushrooms","floor":13,"gold_loss":0}],"is_beta":false,"boss_relics":[],"items_purged_floors":[5,11],"is_endless":false,"potions_floor_spawned":[4,12,13,14],"killed_by":"Large Slime","ascension_level":0}