{"gold_per_floor":[112,112,112,129,11,11,36,36,36,53,81,81,97,126,126,197,197,212,137,156,206,229,229,1,1],"floor_reached":25,"playtime":558,"items_purged":["Strike_R"],"score":460,"play_id":"ad34d1d5-fa74-4eae-be08-5fe428cb27ce","local_time":"20190424011618","is_ascension_mode":true,"campfire_choices":[{"data":"Shockwave","floor":6.0,"key":"SMITH"},{"data":"Whirlwind","floor":8.0,"key":"SMITH"},{"data":"Carnage","floor":12.0,"key":"SMITH"},{"floor":15.0,"key":"REST"},{"data":"Limit Break","floor":23,"key":"SMITH"}],"neow_cost":"NONE","seed_source_timestamp":898594156436082,"circlet_count":0,"master_deck":["AscendersBane","Strike_R+1","Strike_R+1","Strike_R+1","Defend_R","Defend_R","Defend_R+1","Defend_R","Bash","Anger","Carnage+1","Shockwave+1","Whirlwind+1","Exhume","Flex","Limit Break+1","Armaments","Power Through","Evolve","Shrug It Off","Pummel"],"special_seed":0,"relics":["Black Blood","NeowsBlessing","Whetstone","Regal Pillow","Happy Flower","Boot"],"potions_floor_usage":[18],"damage_taken":[{"damage":0.0,"enemies":"Small Slimes","floor":1.0,"turns":1.0},{"damage":0.0,"enemies":"Jaw Worm","floor":4.0,"turns":1.0},{"damage":0.0,"enemies":"3 Sentries","floor":7.0,"turns":2.0},{"damage":7.0,"enemies":"2 Louse","floor":10.0,"turns":2.0},{"damage":36.0,"enemies":"Lagavulin","floor":11.0,"turns":6.0},{"damage":4.0,"enemies":"Lots of Slimes","floor":13.0,"turns":2.0},{"damage":32.0,"enemies":"Gremlin Nob","floor":14.0,"turns":4.0},{"damage":22.0,"enemies":"Slime Boss","floor":16.0,"turns":6.0},{"damage":23,"enemies":"3 Byrds","floor":18,"turns":4},{"damage":30,"enemies":"Chosen","floor":20,"turns":5},{"damage":45,"enemies":"Gremlin Leader","floor":25,"turns":5}],"seed_played":"-4283396246334894248","potions_obtained":[{"floor":4.0,"key":"SpeedPotion"},{"floor":13.0,"key":"Energy Potion"}],"is_trial":false,"path_per_floor":["M","?","?","M","$","R","E","R","T","M","E","R","M","E","R","B",null,"M","?","M","?","T","R","$","E"],"character_chosen":"IRONCLAD","items_purchased":["Shockwave","Evolve","Shrug It Off","Pummel"],"campfire_rested":1,"item_purchase_floors":[5,24,24,24],"current_hp_per_floor":[74,51,56,62,62,62,68,68,68,67,37,37,39,13,52,36,69,56,56,36,36,36,36,36,0],"gold":1,"neow_bonus":"THREE_ENEMY_KILL","is_prod":false,"is_daily":false,"chose_seed":false,"campfire_upgraded":4,"win_rate":0,"timestamp":1556036178,"path_taken":["M","?","?","M","$","R","E","R","T","M","E","R","M","E","R","BOSS","M","?","M","?","?","R","$","E"],"build_version":"2019-01-23","purchased_purges":1,"victory":false,"max_hp_per_floor":[75,75,80,80,80,80,80,80,80,80,80,80,80,80,80,80,80,80,80,80,80,80,80,80,80],"card_choices":[{"not_picked":["Perfected Strike","Clash"],"picked":"Anger","floor":1.0},{"not_picked":["Warcry","Wild Strike"],"picked":"Carnage","floor":4.0},{"not_picked":["Flex","Corruption"],"picked":"Whirlwind","floor":7.0},{"not_picked":["Twin Strike","Pommel Strike"],"picked":"Exhume","floor":10.0},{"not_picked":["Exhume","Warcry","Fire Breathing"],"picked":"SKIP","floor":11.0},{"not_picked":["Dual Wield","Searing Blow"],"picked":"Flex","floor":13.0},{"not_picked":["Iron Wave","Anger"],"picked":"Limit Break","floor":14.0},{"not_picked":["Searing Blow","Twin Strike"],"picked":"Armaments","floor":18},{"not_picked":["Hemokinesis","Cleave"],"picked":"Power Through","floor":20}],"player_experience":458071,"relics_obtained":[{"floor":7.0,"key":"Whetstone"},{"floor":11.0,"key":"Regal Pillow"},{"floor":14.0,"key":"Happy Flower"},{"floor":22,"key":"Boot"}],"event_choices":[{"damage_healed":0.0,"max_hp_gain":0.0,"max_hp_loss":0.0,"gold_gain":0.0,"event_name":"Shining Light","player_choice":"Entered Light","floor":2.0,"gold_loss":0.0,"damage_taken":23.0,"cards_upgraded":["Defend_R","Strike_R"]},{"damage_healed":0.0,"max_hp_gain":5.0,"max_hp_loss":0.0,"gold_gain":0.0,"event_name":"Big Fish","player_choice":"Donut","floor":3.0,"gold_loss":0.0,"damage_taken":0.0},{"cards_removed":["Strike_R"],"damage_healed":0,"gold_gain":0,"player_choice":"Gave Gold","damage_taken":0,"max_hp_gain":0,"max_hp_loss":0,"event_name":"Beggar","floor":19,"gold_loss":75},{"damage_healed":0,"gold_gain":50,"player_choice":"Stole From Cult","damage_taken":0,"max_hp_gain":0,"max_hp_loss":0,"event_name":"Nest","floor":21,"gold_loss":0}],"is_beta":false,"boss_relics":[{"not_picked":["Eternal Feather","Pandora\u0027s Box"],"picked":"Black Blood"}],"items_purged_floors":[5],"is_endless":false,"potions_floor_spawned":[4,13,16],"killed_by":"Gremlin Leader","ascension_level":18}