{"gold_per_floor":[117,117,117,36,55,82,82,92,92,92,112,142,67,81,81,153,153,173,173,188,188,207,242,242,274,274,274],"floor_reached":27,"playtime":732,"items_purged":[],"score":529,"play_id":"75277d61-27a9-4b25-98f3-34e7458dc691","local_time":"20190413172031","is_ascension_mode":true,"campfire_choices":[{"data":"True Grit","floor":7,"key":"SMITH"},{"data":"Inflame","floor":15,"key":"SMITH"},{"data":"Armaments","floor":24,"key":"SMITH"}],"neow_cost":"NONE","seed_source_timestamp":5903074864984,"circlet_count":0,"master_deck":["AscendersBane","Strike_R","Strike_R+1","Strike_R","Strike_R","Defend_R","Defend_R","Defend_R","Defend_R","Bash","Pommel Strike+1","Pummel","True Grit+1","Inflame+1","Feed","Shrug It Off","Immolate","Writhe","Doubt","Shame","Ghostly Armor","Armaments+1","Anger","Burning Pact"],"relics":["Burning Blood","NeowsBlessing","Du-Vu Doll","Orichalcum","Ginger","Vajra","Singing Bowl","Calling Bell","Omamori","Self Forming Clay","Turnip","Thread and Needle","Whetstone","Bronze Scales","Nunchaku"],"potions_floor_usage":[23,25,25],"damage_taken":[{"damage":0,"enemies":"Jaw Worm","floor":1,"turns":1},{"damage":0,"enemies":"Small Slimes","floor":5,"turns":1},{"damage":0,"enemies":"Lagavulin","floor":6,"turns":1},{"damage":0,"enemies":"2 Louse","floor":8,"turns":4},{"damage":0,"enemies":"Exordium Wildlife","floor":11,"turns":2},{"damage":10,"enemies":"Gremlin Nob","floor":12,"turns":3},{"damage":6,"enemies":"Large Slime","floor":14,"turns":2},{"damage":43,"enemies":"The Guardian","floor":16,"turns":15},{"damage":5,"enemies":"2 Thieves","floor":18,"turns":4},{"damage":16,"enemies":"Spheric Guardian","floor":20,"turns":4},{"damage":17,"enemies":"Shelled Parasite and Fungi","floor":22,"turns":5},{"damage":26,"enemies":"Slavers","floor":23,"turns":4},{"damage":38,"enemies":"Gremlin Leader","floor":25,"turns":7},{"damage":11,"enemies":"Snake Plant","floor":27,"turns":1}],"seed_played":"-5601344454570701372","potions_obtained":[{"floor":1,"key":"EssenceOfSteel"},{"floor":5,"key":"SpeedPotion"},{"floor":20,"key":"PowerPotion"},{"floor":23,"key":"SkillPotion"}],"is_trial":false,"path_per_floor":["M","?","?","$","M","E","R","M","T","T","M","E","?","M","R","B",null,"M","?","M","?","M","E","R","E","T","M"],"character_chosen":"IRONCLAD","items_purchased":["Pummel"],"campfire_rested":0,"item_purchase_floors":[4],"current_hp_per_floor":[74,79,74,74,80,80,80,80,80,80,80,76,76,79,79,42,73,76,76,66,66,58,41,41,9,9,0],"gold":274,"neow_bonus":"THREE_ENEMY_KILL","is_prod":false,"is_daily":false,"chose_seed":false,"campfire_upgraded":3,"win_rate":0,"timestamp":1555143631,"path_taken":["M","?","?","?","M","E","R","M","T","?","M","E","?","M","R","BOSS","M","?","M","?","M","E","R","E","T","M"],"build_version":"2019-01-23","purchased_purges":0,"victory":false,"max_hp_per_floor":[75,80,80,80,80,80,80,80,80,80,80,80,80,83,83,83,83,85,85,85,85,88,91,91,91,91,91],"card_choices":[{"not_picked":["Rupture","Havoc"],"picked":"Pommel Strike","floor":1},{"not_picked":["Rupture","Flex"],"picked":"True Grit","floor":5},{"not_picked":["Feel No Pain","Second Wind","Heavy Blade"],"picked":"SKIP","floor":6},{"not_picked":["True Grit","Twin Strike","Thunderclap"],"picked":"SKIP","floor":8},{"not_picked":["Iron Wave","Entrench"],"picked":"Inflame","floor":11},{"not_picked":["Flex","Ghostly Armor"],"picked":"Feed","floor":12},{"not_picked":["Clash","Body Slam"],"picked":"Shrug It Off","floor":14},{"not_picked":["Double Tap","Barricade"],"picked":"Immolate","floor":16},{"not_picked":["Havoc","Anger+1","Clothesline"],"picked":"Singing Bowl","floor":18},{"not_picked":["Warcry","Carnage"],"picked":"Ghostly Armor","floor":20},{"not_picked":["Searing Blow","Headbutt"],"picked":"Armaments","floor":22},{"not_picked":["Seeing Red","Hemokinesis"],"picked":"Anger","floor":23},{"not_picked":["Pommel Strike","Wild Strike"],"picked":"Burning Pact","floor":25}],"player_experience":445701,"relics_obtained":[{"floor":6,"key":"Orichalcum"},{"floor":9,"key":"Ginger"},{"floor":10,"key":"Vajra"},{"floor":12,"key":"Singing Bowl"},{"floor":17,"key":"Omamori"},{"floor":17,"key":"Self Forming Clay"},{"floor":17,"key":"Turnip"},{"floor":23,"key":"Whetstone"},{"floor":25,"key":"Bronze Scales"},{"floor":26,"key":"Nunchaku"}],"event_choices":[{"damage_healed":0,"gold_gain":0,"player_choice":"Donut","damage_taken":0,"max_hp_gain":5,"max_hp_loss":0,"event_name":"Big Fish","floor":2,"gold_loss":0},{"damage_healed":0,"gold_gain":0,"player_choice":"Success","damage_taken":5,"relics_obtained":["Du-Vu Doll"],"max_hp_gain":0,"max_hp_loss":0,"event_name":"Scrap Ooze","floor":3,"gold_loss":0},{"cards_removed":["Strike_R"],"damage_healed":0,"gold_gain":0,"player_choice":"Card Removal","damage_taken":0,"max_hp_gain":0,"max_hp_loss":0,"event_name":"The Cleric","floor":13,"gold_loss":75},{"damage_healed":0,"gold_gain":0,"player_choice":"Ignored","damage_taken":0,"max_hp_gain":0,"max_hp_loss":0,"event_name":"Vampires","floor":19,"gold_loss":0},{"damage_healed":0,"gold_gain":0,"player_choice":"Opened","damage_taken":0,"relics_obtained":["Thread and Needle"],"max_hp_gain":0,"max_hp_loss":0,"event_name":"The Mausoleum","floor":21,"gold_loss":0,"cards_obtained":["Writhe"]}],"is_beta":false,"boss_relics":[{"not_picked":["Astrolabe","Pandora\u0027s Box"],"picked":"Calling Bell"}],"items_purged_floors":[],"is_endless":false,"potions_floor_spawned":[1,5,12,14,18,20,23],"killed_by":"Snake Plant","ascension_level":17}