{"gold_per_floor":[110,124,124,144,144,177,189,189,189,209,219,219,238,269,269,269],"floor_reached":16,"playtime":681,"items_purged":[],"score":139,"play_id":"aa9be76e-e5fa-4e60-b2ef-ece2eb7d7ea7","local_time":"20190307174613","is_ascension_mode":false,"campfire_choices":[{"data":"Fiend Fire","floor":8,"key":"SMITH"},{"data":"Fire Breathing","floor":12,"key":"SMITH"},{"data":"True Grit","floor":15,"key":"SMITH"}],"neow_cost":"NONE","seed_source_timestamp":320599650650739,"circlet_count":0,"master_deck":["Strike_R","Strike_R","Strike_R","Strike_R","Strike_R","Defend_R","Defend_R","Defend_R","Defend_R","Bash","Twin Strike","Whirlwind","Dropkick","Fiend Fire+1","Iron Wave+1","Iron Wave+1","Thunderclap+1","Fire Breathing+1","Dual Wield","True Grit+1"],"relics":["Burning Blood","NeowsBlessing","Molten Egg 2","Thread and Needle","Shovel"],"potions_floor_usage":[13,14],"damage_taken":[{"damage":0,"enemies":"Cultist","floor":1,"turns":1},{"damage":0,"enemies":"Jaw Worm","floor":2,"turns":1},{"damage":0,"enemies":"2 Louse","floor":4,"turns":1},{"damage":77,"enemies":"Gremlin Nob","floor":6,"turns":7},{"damage":10,"enemies":"Looter","floor":7,"turns":3},{"damage":0,"enemies":"Blue Slaver","floor":10,"turns":3},{"damage":0,"enemies":"3 Louse","floor":11,"turns":4},{"damage":0,"enemies":"Exordium Thugs","floor":13,"turns":3},{"damage":0,"enemies":"Lagavulin","floor":14,"turns":6},{"damage":29,"enemies":"Hexaghost","floor":16,"turns":10}],"seed_played":"3363560525392935639","potions_obtained":[{"floor":1,"key":"Energy Potion"},{"floor":10,"key":"Block Potion"}],"is_trial":false,"path_per_floor":["M","M","?","M","?","E","M","R","T","M","M","R","M","E","R","B"],"character_chosen":"IRONCLAD","items_purchased":[],"campfire_rested":0,"item_purchase_floors":[],"current_hp_per_floor":[80,80,85,85,85,14,10,10,10,16,22,22,28,34,34,5],"gold":269,"neow_bonus":"THREE_ENEMY_KILL","is_prod":false,"is_daily":false,"chose_seed":false,"campfire_upgraded":3,"win_rate":0,"timestamp":1552002373,"path_taken":["M","?","?","M","?","E","M","R","T","M","?","R","M","E","R","BOSS"],"build_version":"2019-01-23","purchased_purges":0,"victory":false,"max_hp_per_floor":[80,80,85,85,85,85,85,85,85,85,85,85,85,85,85,85],"card_choices":[{"not_picked":["Perfected Strike","Warcry"],"picked":"Twin Strike","floor":1},{"not_picked":["Thunderclap","Anger"],"picked":"Whirlwind","floor":2},{"not_picked":["Warcry","True Grit"],"picked":"Dropkick","floor":4},{"not_picked":["Battle Trance","Disarm"],"picked":"Iron Wave","floor":6},{"not_picked":["Headbutt+1","Rupture"],"picked":"Iron Wave+1","floor":7},{"not_picked":["Havoc","Warcry"],"picked":"Thunderclap+1","floor":10},{"not_picked":["Pommel Strike+1","Power Through"],"picked":"Fire Breathing","floor":11},{"not_picked":["Cleave+1","Sword Boomerang+1"],"picked":"Dual Wield","floor":13},{"not_picked":["Ghostly Armor","Impervious"],"picked":"True Grit","floor":14}],"player_experience":213553,"relics_obtained":[{"floor":6,"key":"Molten Egg 2"},{"floor":9,"key":"Thread and Needle"},{"floor":14,"key":"Shovel"}],"event_choices":[{"damage_healed":0,"gold_gain":0,"player_choice":"Donut","damage_taken":0,"max_hp_gain":5,"max_hp_loss":0,"event_name":"Big Fish","floor":3,"gold_loss":0},{"damage_healed":0,"gold_gain":0,"player_choice":"1 cards matched","damage_taken":0,"max_hp_gain":0,"max_hp_loss":0,"event_name":"Match and Keep!","floor":5,"gold_loss":0,"cards_obtained":["Fiend Fire"]}],"is_beta":false,"boss_relics":[],"items_purged_floors":[],"is_endless":false,"potions_floor_spawned":[1,10],"killed_by":"Hexaghost","ascension_level":0}