{"gold_per_floor":[116,41,52,72,37,67,27,53,53,53,53,87,97,108,108,211,211,227,238,238,138,138,172,172,172,172,191,207,239,164,198,198,295,295,312,120,130,230,243,278,278,307,307,322,355,355,355,384,384,384],"floor_reached":51,"playtime":9380,"items_purged":["Strike_B","Strike_B"],"score":1571,"play_id":"5e6ba6bd-4d96-4374-9e44-c25ba7edc27f","local_time":"20190601145955","is_ascension_mode":true,"campfire_choices":[{"data":"Defragment","floor":11.0,"key":"SMITH"},{"data":"Zap","floor":15.0,"key":"SMITH"},{"floor":24.0,"key":"REST"},{"floor":32.0,"key":"REST"},{"floor":41.0,"key":"REST"},{"floor":46.0,"key":"REST"},{"floor":49,"key":"RECALL"}],"neow_cost":"NONE","seed_source_timestamp":1151660178143967,"circlet_count":0,"master_deck":["AscendersBane","Strike_B+1","Defend_B+1","Defend_B+1","Defend_B+1","Defend_B+1","Zap+1","Dualcast","Electrodynamics","Cold Snap","Coolheaded","Hologram","Defragment+1","Loop","Rip and Tear","BootSequence","BootSequence","Doom and Gloom","Seek","Glacier","BootSequence","Core Surge+1","White Noise+1","Barrage+1","Tempest","Consume"],"special_seed":0,"relics":["Cracked Core","Emotion Chip","Meat on the Bone","Mummified Hand","Pear","Dead Branch","Fusion Hammer","Sundial","Molten Egg 2","Gambling Chip","Darkstone Periapt","Inserter","ClockworkSouvenir","Nunchaku","StoneCalendar","Gremlin Horn","Bronze Scales","Cables","Frozen Egg 2"],"potions_floor_usage":[50,50],"damage_taken":[{"damage":1.0,"enemies":"Cultist","floor":1.0,"turns":3.0},{"damage":0.0,"enemies":"Small Slimes","floor":3.0,"turns":3.0},{"damage":0.0,"enemies":"2 Louse","floor":4.0,"turns":1.0},{"damage":38.0,"enemies":"Gremlin Nob","floor":6.0,"turns":6.0},{"damage":11.0,"enemies":"Lagavulin","floor":8.0,"turns":8.0},{"damage":10.0,"enemies":"3 Sentries","floor":12.0,"turns":3.0},{"damage":0.0,"enemies":"2 Fungi Beasts","floor":13.0,"turns":2.0},{"damage":1.0,"enemies":"Lots of Slimes","floor":14.0,"turns":3.0},{"damage":0.0,"enemies":"Slime Boss","floor":16.0,"turns":5.0},{"damage":3.0,"enemies":"2 Thieves","floor":18.0,"turns":3.0},{"damage":0.0,"enemies":"3 Byrds","floor":19.0,"turns":2.0},{"damage":0.0,"enemies":"Slavers","floor":23.0,"turns":3.0},{"damage":5.0,"enemies":"Shelled Parasite and Fungi","floor":27.0,"turns":7.0},{"damage":0.0,"enemies":"Chosen and Byrds","floor":28.0,"turns":4.0},{"damage":51.0,"enemies":"Gremlin Leader","floor":29.0,"turns":6.0},{"damage":0.0,"enemies":"Slavers","floor":31.0,"turns":3.0},{"damage":46.0,"enemies":"Champ","floor":33.0,"turns":12.0},{"damage":0.0,"enemies":"3 Darklings","floor":35.0,"turns":3.0},{"damage":2.0,"enemies":"Orb Walker","floor":37.0,"turns":4.0},{"damage":0.0,"enemies":"Mind Bloom Boss Battle","floor":38.0,"turns":6.0},{"damage":3.0,"enemies":"Transient","floor":39.0,"turns":5.0},{"damage":0.0,"enemies":"Giant Head","floor":40.0,"turns":9.0},{"damage":0.0,"enemies":"Nemesis","floor":42.0,"turns":7.0},{"damage":0.0,"enemies":"Jaw Worm Horde","floor":44.0,"turns":3.0},{"damage":3.0,"enemies":"Giant Head","floor":45.0,"turns":8.0},{"damage":1.0,"enemies":"Reptomancer","floor":48.0,"turns":4.0},{"damage":44,"enemies":"Awakened One","floor":50,"turns":11}],"seed_played":"-5832821924547573","potions_obtained":[{"floor":8.0,"key":"SkillPotion"},{"floor":12.0,"key":"SmokeBomb"},{"floor":16.0,"key":"FearPotion"},{"floor":19.0,"key":"PowerPotion"},{"floor":23.0,"key":"Explosive Potion"},{"floor":29.0,"key":"SpeedPotion"},{"floor":31.0,"key":"Block Potion"},{"floor":38.0,"key":"Energy Potion"},{"floor":39.0,"key":"Block Potion"},{"floor":44.0,"key":"Poison Potion"},{"floor":48.0,"key":"Poison Potion"}],"is_trial":false,"path_per_floor":["M","$","M","M","$","E","$","E","T","?","R","E","M","M","R","B",null,"M","M","?","$","?","E","R","?","T","M","M","E","?","E","R","B",null,"M","$","M","?","M","E","R","E","T","M","E","R","?","E","R","B",null],"character_chosen":"DEFECT","items_purchased":["Defragment","Rip and Tear","ClockworkSouvenir"],"campfire_rested":4,"item_purchase_floors":[5,7,36],"current_hp_per_floor":[67,67,67,67,67,29,29,18,18,28,28,30,42,53,53,53,77,74,74,58,58,58,58,85,85,85,80,80,41,41,53,80,46,79,79,79,77,77,74,74,90,90,90,90,87,90,90,89,89,57],"gold":384,"neow_bonus":"ONE_RANDOM_RARE_CARD","is_prod":false,"is_daily":false,"chose_seed":false,"campfire_upgraded":2,"win_rate":0,"timestamp":1559381395,"path_taken":["M","$","M","M","$","E","?","E","T","?","R","E","M","?","R","BOSS","M","M","?","$","?","E","R","?","T","?","M","E","?","E","R","BOSS","M","$","M","?","M","E","R","E","T","M","E","R","?","E","R","BOSS"],"build_version":"2019-01-23","purchased_purges":2,"victory":true,"max_hp_per_floor":[75,75,75,75,75,75,75,75,75,85,85,85,85,85,85,85,85,85,85,90,90,90,90,90,90,90,90,90,90,90,90,90,90,90,90,90,90,90,90,90,90,90,90,90,90,90,90,90,90,90],"card_choices":[{"not_picked":["Steam","Barrage"],"picked":"Cold Snap","floor":1.0},{"not_picked":["Undo","Streamline"],"picked":"Coolheaded","floor":3.0},{"not_picked":["Chill","Redo"],"picked":"Hologram","floor":4.0},{"not_picked":["Chill","Go for the Eyes"],"picked":"Loop","floor":6.0},{"not_picked":["Melter","Electrodynamics"],"picked":"BootSequence","floor":8.0},{"not_picked":["Turbo","Gash"],"picked":"BootSequence","floor":12.0},{"not_picked":["Rebound","Melter"],"picked":"Compile Driver","floor":13.0},{"not_picked":["Leap","Conserve Battery"],"picked":"Doom and Gloom","floor":14.0},{"not_picked":["Meteor Strike","Thunder Strike"],"picked":"Seek","floor":16.0},{"not_picked":["Barrage","Undo","Force Field"],"picked":"SKIP","floor":18.0},{"not_picked":["Chaos","Compile Driver"],"picked":"Glacier","floor":19.0},{"not_picked":["Sweeping Beam","Reprogram","Rebound"],"picked":"SKIP","floor":23.0},{"not_picked":["Sweeping Beam+1","Barrage+1"],"picked":"BootSequence","floor":27.0},{"not_picked":["Undo","Sunder+1","Auto Shields"],"picked":"SKIP","floor":28.0},{"not_picked":["Reprogram","Beam Cell+1","Barrage+1"],"picked":"SKIP","floor":29.0},{"not_picked":["Stack","Skim","Tempest"],"picked":"SKIP","floor":31.0},{"not_picked":["Rainbow","Fission"],"picked":"Core Surge+1","floor":33.0},{"not_picked":["White Noise","Rebound+1","Force Field"],"picked":"SKIP","floor":35.0},{"not_picked":["Steam+1","Chill"],"picked":"White Noise+1","floor":37.0},{"not_picked":["Redo","Hyperbeam+1"],"picked":"Barrage+1","floor":38.0},{"not_picked":["Sunder+1","Recycle","Chaos"],"picked":"SKIP","floor":39.0},{"not_picked":["Sunder+1","Recycle","Chaos"],"picked":"SKIP","floor":39.0},{"not_picked":["Melter+1","Darkness","Turbo"],"picked":"SKIP","floor":40.0},{"not_picked":["All For One+1","Leap+1","Recycle"],"picked":"SKIP","floor":42.0},{"not_picked":["Stack","Rebound+1","Hello World"],"picked":"SKIP","floor":44.0},{"not_picked":["Leap+1","Redo+1"],"picked":"Tempest","floor":45.0},{"not_picked":["Cold Snap+1","Beam Cell+1"],"picked":"Consume","floor":48.0}],"player_experience":1043688,"relics_obtained":[{"floor":6.0,"key":"Emotion Chip"},{"floor":8.0,"key":"Meat on the Bone"},{"floor":9.0,"key":"Mummified Hand"},{"floor":12.0,"key":"Dead Branch"},{"floor":23.0,"key":"Sundial"},{"floor":26.0,"key":"Molten Egg 2"},{"floor":29.0,"key":"Gambling Chip"},{"floor":31.0,"key":"Darkstone Periapt"},{"floor":38.0,"key":"Nunchaku"},{"floor":40.0,"key":"StoneCalendar"},{"floor":42.0,"key":"Gremlin Horn"},{"floor":43.0,"key":"Bronze Scales"},{"floor":45.0,"key":"Cables"},{"floor":48.0,"key":"Frozen Egg 2"}],"event_choices":[{"damage_healed":0.0,"max_hp_gain":0.0,"max_hp_loss":0.0,"gold_gain":0.0,"event_name":"WeMeetAgain","player_choice":"Gave Potion","floor":10.0,"gold_loss":0.0,"damage_taken":0.0,"relics_obtained":["Pear"]},{"damage_healed":0.0,"max_hp_gain":5.0,"max_hp_loss":0.0,"gold_gain":0.0,"event_name":"Forgotten Altar","player_choice":"Shed Blood","floor":20.0,"gold_loss":0.0,"damage_taken":21.0},{"damage_healed":0.0,"max_hp_gain":0.0,"max_hp_loss":0.0,"gold_gain":0.0,"event_name":"Back to Basics","player_choice":"Simplicity","floor":22.0,"gold_loss":0.0,"damage_taken":0.0,"cards_upgraded":["Strike_B","Strike_B","Defend_B","Defend_B","Defend_B","Defend_B"]},{"damage_healed":0.0,"max_hp_gain":0.0,"max_hp_loss":0.0,"gold_gain":0.0,"event_name":"Lab","player_choice":"Got Potions","floor":25.0,"gold_loss":0.0,"damage_taken":0.0},{"cards_removed":["Strike_B"],"damage_healed":0.0,"max_hp_gain":0.0,"max_hp_loss":0.0,"gold_gain":0.0,"event_name":"Beggar","player_choice":"Gave Gold","floor":30.0,"gold_loss":75.0,"damage_taken":0.0},{"damage_healed":0.0,"max_hp_gain":0.0,"max_hp_loss":0.0,"gold_gain":0.0,"event_name":"MindBloom","player_choice":"Fight","floor":38.0,"gold_loss":0.0,"damage_taken":0.0},{"cards_removed":["Compile Driver"],"damage_healed":0.0,"max_hp_gain":0.0,"max_hp_loss":0.0,"gold_gain":0.0,"event_name":"Falling","player_choice":"Removed Attack","floor":47.0,"gold_loss":0.0,"damage_taken":0.0}],"is_beta":false,"boss_relics":[{"not_picked":["Astrolabe","Pandora\u0027s Box"],"picked":"Fusion Hammer"},{"not_picked":["Lizard Tail","Orrery"],"picked":"Inserter"}],"items_purged_floors":[2,21],"is_endless":false,"potions_floor_spawned":[8,12,16,19,23,29,31,38,39,40,44,48],"ascension_level":12}