{"gold_per_floor":[219,236,186,201,4,4,32,219,313,325,353,377,389,416,428,537,549,575,29,42,59,24,38,67,67,67,7,17,17,31,41,41,146,146,162,181,198,218,218,252,252,38,86,105,118,18,72,82,82,82],"floor_reached":51,"playtime":6561,"items_purged":["Strike_B"],"score":785,"play_id":"593197c3-bf46-4322-adf3-7cf3b59e88d2","local_time":"20190223081446","is_ascension_mode":false,"campfire_choices":[{"data":"Chrysalis","floor":6.0,"key":"SMITH"},{"data":"Turbo","floor":10.0,"key":"SMITH"},{"floor":15.0,"key":"REST"},{"floor":25.0,"key":"REST"},{"floor":32.0,"key":"REST"},{"floor":49,"key":"REST"}],"neow_cost":"NONE","seed_source_timestamp":0,"circlet_count":0,"master_deck":["Strike_B","Strike_B","Defend_B","Defend_B","Defend_B","Defend_B","Zap","Dualcast","Coolheaded","Ball Lightning","Stack","Chrysalis+1","Turbo+1","Doubt","Stack","Sweeping Beam","White Noise","Seek+1","Streamline+1","Doom and Gloom","Self Repair","Transmutation","Cold Snap","Coolheaded+1","Auto Shields+1","Reprogram","Ball Lightning","Creative AI","Undo","Self Repair","Beam Cell","Buffer","Turbo","Heatsinks","Leap+1","Defragment+1","Defragment","Rainbow","Double Energy+1","Reinforced Body+1","Melter","Stack+1","Defragment","Transmutation","Redo+1","Rebound+1","Storm","Streamline","Thunder Strike","Loop+1"],"special_seed":0,"relics":["Cracked Core","MawBank","Mummified Hand","Ancient Tea Set","Fusion Hammer","Happy Flower","StoneCalendar","The Courier","Orrery","Bottled Tornado","Bag of Preparation","Bottled Flame"],"potions_floor_usage":[50,50,50],"damage_taken":[{"damage":5.0,"enemies":"Jaw Worm","floor":1.0,"turns":4.0},{"damage":0.0,"enemies":"2 Louse","floor":2.0,"turns":2.0},{"damage":5.0,"enemies":"Small Slimes","floor":4.0,"turns":3.0},{"damage":10.0,"enemies":"Gremlin Nob","floor":7.0,"turns":3.0},{"damage":6.0,"enemies":"Red Slaver","floor":11.0,"turns":4.0},{"damage":4.0,"enemies":"Exordium Wildlife","floor":12.0,"turns":4.0},{"damage":4.0,"enemies":"2 Fungi Beasts","floor":14.0,"turns":4.0},{"damage":24.0,"enemies":"Hexaghost","floor":16.0,"turns":13.0},{"damage":20.0,"enemies":"Chosen","floor":18.0,"turns":7.0},{"damage":0.0,"enemies":"Spheric Guardian","floor":20.0,"turns":4.0},{"damage":22.0,"enemies":"Snecko","floor":21.0,"turns":5.0},{"damage":21.0,"enemies":"Centurion and Healer","floor":23.0,"turns":10.0},{"damage":15.0,"enemies":"Gremlin Leader","floor":24.0,"turns":7.0},{"damage":5.0,"enemies":"Cultist and Chosen","floor":28.0,"turns":5.0},{"damage":6.0,"enemies":"Snecko","floor":30.0,"turns":5.0},{"damage":23.0,"enemies":"Snake Plant","floor":31.0,"turns":5.0},{"damage":18.0,"enemies":"Champ","floor":33.0,"turns":10.0},{"damage":14.0,"enemies":"Orb Walker","floor":35.0,"turns":3.0},{"damage":21.0,"enemies":"3 Darklings","floor":36.0,"turns":7.0},{"damage":32.0,"enemies":"Jaw Worm Horde","floor":37.0,"turns":7.0},{"damage":34.0,"enemies":"4 Shapes","floor":38.0,"turns":7.0},{"damage":13.0,"enemies":"Nemesis","floor":40.0,"turns":7.0},{"damage":0.0,"enemies":"Spire Growth","floor":44.0,"turns":7.0},{"damage":13,"enemies":"3 Darklings","floor":45,"turns":7},{"damage":5,"enemies":"Giant Head","floor":47,"turns":7},{"damage":23,"enemies":"Maw","floor":48,"turns":7},{"damage":39,"enemies":"Donu and Deca","floor":50,"turns":8}],"seed_played":"-3808343347254283242","potions_obtained":[{"floor":4.0,"key":"SmokeBomb"},{"floor":7.0,"key":"EssenceOfSteel"},{"floor":14.0,"key":"PowerPotion"},{"floor":16.0,"key":"Poison Potion"},{"floor":18.0,"key":"SkillPotion"},{"floor":35.0,"key":"SkillPotion"},{"floor":40.0,"key":"SpeedPotion"},{"floor":44.0,"key":"SteroidPotion"},{"floor":45,"key":"EssenceOfSteel"}],"is_trial":false,"path_per_floor":["?","?","?","?","M","?","?"],"character_chosen":"DEFECT","items_purchased":["Chrysalis","Doom and Gloom","Self Repair","Transmutation","Cold Snap","Happy Flower","Reprogram","Undo","Defragment","Transmutation","Storm","Streamline"],"campfire_rested":4,"item_purchase_floors":[5,19,19,19,19,19,22,27,42,42,46,46],"current_hp_per_floor":[70,70,70,65,65,65,55,55,55,55,49,45,42,38,60,36,75,55,55,62,47,47,33,25,47,47,47,49,49,50,41,63,52,75,68,61,43,23,66,66,66,66,66,66,53,53,55,46,65,40],"gold":82,"neow_bonus":"HUNDRED_GOLD","is_prod":false,"is_daily":false,"chose_seed":false,"campfire_upgraded":2,"win_rate":0,"timestamp":1550927686,"path_taken":["M","M","?","M","$","R","E","?","T","R","M","M","?","M","R","BOSS","M","$","M","M","$","M","E","R","T","$","M","?","?","M","R","BOSS","M","M","M","M","?","E","?","$","T","M","M","$","E","M","R","BOSS"],"build_version":"2019-01-23","purchased_purges":1,"victory":true,"max_hp_per_floor":[75,75,75,75,75,75,75,75,75,75,75,75,75,75,75,75,75,75,75,75,75,75,75,75,75,75,75,75,75,75,75,75,75,75,75,75,75,75,66,66,66,66,66,66,66,66,66,66,66,66],"card_choices":[{"not_picked":["Compile Driver","Reprogram"],"picked":"Coolheaded","floor":1.0},{"not_picked":["Leap","Compile Driver"],"picked":"Ball Lightning","floor":2.0},{"not_picked":["Blizzard","Redo"],"picked":"Stack","floor":4.0},{"not_picked":["Skim","Sweeping Beam"],"picked":"Turbo","floor":7.0},{"not_picked":["Steam","Sunder"],"picked":"Stack","floor":11.0},{"not_picked":["Force Field","Barrage"],"picked":"Sweeping Beam","floor":12.0},{"not_picked":["Hologram","Leap"],"picked":"White Noise","floor":14.0},{"not_picked":["Biased Cognition","Multi-Cast"],"picked":"Seek","floor":16.0},{"not_picked":["Auto Shields","Hologram"],"picked":"Streamline+1","floor":18.0},{"not_picked":["Conserve Battery+1","Gash+1"],"picked":"Coolheaded+1","floor":20.0},{"not_picked":["Loop","Cold Snap+1"],"picked":"Auto Shields+1","floor":21.0},{"not_picked":["Gash","Steam Power"],"picked":"Ball Lightning","floor":23.0},{"not_picked":["Sweeping Beam+1","Storm+1"],"picked":"Creative AI","floor":24.0},{"not_picked":["Ball Lightning","FTL"],"picked":"Streamline","floor":28.0},{"not_picked":["Sweeping Beam+1","Reinforced Body"],"picked":"Self Repair","floor":30.0},{"not_picked":["Compile Driver","Hologram"],"picked":"Beam Cell","floor":31.0},{"not_picked":["Core Surge","Fission"],"picked":"Buffer","floor":33.0},{"not_picked":["Leap","Rebound"],"picked":"Turbo","floor":34.0},{"not_picked":["Ball Lightning","Lockon"],"picked":"Heatsinks","floor":34.0},{"not_picked":["Sweeping Beam","Barrage+1"],"picked":"Leap+1","floor":34.0},{"not_picked":["Ball Lightning","Compile Driver"],"picked":"Defragment+1","floor":34.0},{"not_picked":["Turbo","Rebound"],"picked":"Defragment","floor":34.0},{"not_picked":["Ball Lightning","Compile Driver"],"picked":"Rainbow","floor":35.0},{"not_picked":["Aggregate+1","Streamline"],"picked":"Double Energy+1","floor":36.0},{"not_picked":["Sweeping Beam","Auto Shields"],"picked":"Reinforced Body+1","floor":37.0},{"not_picked":["Coolheaded+1","Sweeping Beam"],"picked":"Melter","floor":38.0},{"not_picked":["Glacier","Hologram"],"picked":"Stack+1","floor":40.0},{"not_picked":["Rip and Tear","Barrage"],"picked":"Redo+1","floor":44.0},{"not_picked":["Consume+1","Aggregate"],"picked":"Rebound+1","floor":45},{"not_picked":["Aggregate","Loop"],"picked":"Thunder Strike","floor":47},{"not_picked":["Darkness","Ball Lightning"],"picked":"Loop+1","floor":48}],"player_experience":164750,"relics_obtained":[{"floor":7.0,"key":"MawBank"},{"floor":9.0,"key":"Mummified Hand"},{"floor":24.0,"key":"StoneCalendar"},{"floor":26.0,"key":"The Courier"},{"floor":40.0,"key":"Bottled Tornado"},{"floor":43.0,"key":"Bag of Preparation"},{"floor":47,"key":"Bottled Flame"}],"event_choices":[{"cards_removed":["Strike_B"],"damage_healed":0.0,"max_hp_gain":0.0,"max_hp_loss":0.0,"gold_gain":0.0,"event_name":"The Cleric","player_choice":"Card Removal","floor":3.0,"gold_loss":50.0,"damage_taken":0.0},{"damage_healed":0.0,"max_hp_gain":0.0,"max_hp_loss":0.0,"gold_gain":175.0,"event_name":"Liars Game","player_choice":"AGREE","floor":8.0,"gold_loss":0.0,"damage_taken":0.0,"cards_obtained":["Doubt"]},{"damage_healed":0.0,"max_hp_gain":0.0,"max_hp_loss":0.0,"gold_gain":0.0,"event_name":"Scrap Ooze","player_choice":"Success","floor":13.0,"gold_loss":0.0,"damage_taken":3.0,"relics_obtained":["Ancient Tea Set"]},{"damage_healed":0.0,"max_hp_gain":0.0,"max_hp_loss":0.0,"gold_gain":0.0,"event_name":"Upgrade Shrine","player_choice":"Upgraded","floor":29.0,"gold_loss":0.0,"damage_taken":0.0,"cards_upgraded":["Seek"]},{"damage_healed":66.0,"max_hp_gain":0.0,"max_hp_loss":9.0,"gold_gain":0.0,"event_name":"The Moai Head","player_choice":"Heal","floor":39.0,"gold_loss":0.0,"damage_taken":0.0},{"cards_removed":["Streamline"],"damage_healed":0.0,"max_hp_gain":0.0,"max_hp_loss":0.0,"gold_gain":0.0,"event_name":"Falling","player_choice":"Removed Attack","floor":41.0,"gold_loss":0.0,"damage_taken":0.0}],"is_beta":false,"boss_relics":[{"not_picked":["Runic Pyramid","Ectoplasm"],"picked":"Fusion Hammer"},{"not_picked":["Velvet Choker","Eternal Feather"],"picked":"Orrery"}],"items_purged_floors":[19],"is_endless":false,"potions_floor_spawned":[4,7,14,16,18,23,35,40,44,45,48],"ascension_level":0}