{"gold_per_floor":[116,130,143,67,86,86,121,131,131,131,131,152,172,186,186,315,315,336,361,374,132,152,152,192,212,212,212],"floor_reached":27,"playtime":2587,"items_purged":["Strike_B"],"score":289,"play_id":"fef13074-5b0f-43d1-a14f-20e5f75bbe49","local_time":"20181213022548","is_ascension_mode":true,"campfire_choices":[{"data":"Zap","floor":6,"key":"SMITH"},{"floor":10,"key":"REST"},{"floor":15,"key":"REST"},{"floor":23,"key":"RECALL"}],"neow_cost":"PERCENT_DAMAGE","seed_source_timestamp":2995872699979969,"circlet_count":0,"master_deck":["Strike_B","Strike_B","Strike_B","Defend_B","Defend_B","Defend_B","Defend_B","Zap+1","Dualcast","Rainbow","Sunder","Cold Snap","Ball Lightning","FTL","Doom and Gloom","Compile Driver","Redo","Injury","Self Repair","Glacier","Conserve Battery+1","Ball Lightning+1","Sweeping Beam+1","Coolheaded","Melter","Machine Learning","Cold Snap"],"relics":["Cracked Core","Happy Flower","Golden Idol","Sozu","Pen Nib","Art of War","Pantograph"],"potions_floor_usage":[24,25],"damage_taken":[{"damage":7,"enemies":"2 Louse","floor":1,"turns":2},{"damage":3,"enemies":"Jaw Worm","floor":2,"turns":4},{"damage":0,"enemies":"Cultist","floor":3,"turns":3},{"damage":7,"enemies":"Looter","floor":5,"turns":3},{"damage":13,"enemies":"3 Sentries","floor":7,"turns":6},{"damage":8,"enemies":"Large Slime","floor":8,"turns":5},{"damage":0,"enemies":"Gremlin Gang","floor":12,"turns":4},{"damage":6,"enemies":"Blue Slaver","floor":13,"turns":3},{"damage":9,"enemies":"Looter","floor":14,"turns":2},{"damage":9,"enemies":"Slime Boss","floor":16,"turns":9},{"damage":0,"enemies":"Chosen","floor":18,"turns":4},{"damage":5,"enemies":"3 Byrds","floor":19,"turns":4},{"damage":15,"enemies":"Centurion and Healer","floor":20,"turns":5},{"damage":19,"enemies":"3 Cultists","floor":22,"turns":5},{"damage":40,"enemies":"Book of Stabbing","floor":24,"turns":6},{"damage":6,"enemies":"Snake Plant","floor":25,"turns":3},{"damage":19,"enemies":"Cultist and Chosen","floor":27,"turns":4}],"seed_played":"-2121841594825579198","potions_obtained":[{"floor":1,"key":"Ancient Potion"},{"floor":7,"key":"LiquidBronze"},{"floor":12,"key":"FocusPotion"}],"is_trial":false,"path_per_floor":["M","M","M","$","M","R","E","M","T","R","?","M","M","M","R","B",null,"M","M","M","$","M","R","E","M","T","M"],"character_chosen":"DEFECT","items_purchased":["FTL","Pen Nib","Coolheaded"],"campfire_rested":2,"item_purchase_floors":[4,21,21],"current_hp_per_floor":[47,44,44,44,37,37,24,16,16,38,38,38,32,23,45,43,75,75,75,67,67,55,55,22,16,16,0],"gold":212,"neow_bonus":"THREE_RARE_CARDS","is_prod":false,"is_daily":false,"chose_seed":false,"campfire_upgraded":1,"win_rate":0,"timestamp":1544685948,"path_taken":["M","M","M","$","M","R","E","M","T","R","?","M","M","M","R","BOSS","M","M","M","$","M","R","E","M","T","M"],"build_version":"2018-12-06","purchased_purges":1,"victory":false,"max_hp_per_floor":[75,75,75,75,75,75,75,75,75,75,75,75,75,75,75,75,75,75,75,75,75,75,75,75,75,75,75],"card_choices":[{"not_picked":["Fission","Biased Cognition"],"picked":"Rainbow","floor":0},{"not_picked":["Aggregate","Genetic Algorithm"],"picked":"Sunder","floor":1},{"not_picked":["Beam Cell","Leap"],"picked":"Cold Snap","floor":2},{"not_picked":["Beam Cell","Scrape"],"picked":"Ball Lightning","floor":3},{"not_picked":["Coolheaded","Streamline"],"picked":"Doom and Gloom","floor":5},{"not_picked":["Heatsinks","Multi-Cast"],"picked":"Compile Driver","floor":7},{"not_picked":["Sweeping Beam","Heatsinks"],"picked":"Redo","floor":8},{"not_picked":["Rebound","Turbo","Scrape"],"picked":"SKIP","floor":12},{"not_picked":["Ball Lightning","Leap"],"picked":"Self Repair","floor":13},{"not_picked":["Heatsinks","Hologram"],"picked":"Glacier","floor":14},{"not_picked":["Stack","Steam Power"],"picked":"Conserve Battery+1","floor":18},{"not_picked":["Coolheaded","Tempest"],"picked":"Ball Lightning+1","floor":19},{"not_picked":["Darkness","Genetic Algorithm+1"],"picked":"Sweeping Beam+1","floor":20},{"not_picked":["Darkness","Sunder"],"picked":"Melter","floor":22},{"not_picked":["Leap","Stack+1"],"picked":"Machine Learning","floor":24},{"not_picked":["Blizzard","Lockon"],"picked":"Cold Snap","floor":25}],"player_experience":228791,"relics_obtained":[{"floor":7,"key":"Happy Flower"},{"floor":24,"key":"Art of War"},{"floor":26,"key":"Pantograph"}],"event_choices":[{"damage_healed":0,"gold_gain":0,"player_choice":"Take Wound","damage_taken":0,"relics_obtained":["Golden Idol"],"max_hp_gain":0,"max_hp_loss":0,"event_name":"Golden Idol","floor":11,"gold_loss":0,"cards_obtained":["Injury"]}],"is_beta":false,"boss_relics":[{"not_picked":["Busted Crown","Pandora\u0027s Box"],"picked":"Sozu"}],"items_purged_floors":[21],"is_endless":false,"potions_floor_spawned":[1,7,12,16,20,22],"killed_by":"Cultist and Chosen","ascension_level":4}