{"gold_per_floor":[168,185,460,385,396,396,408,408,482,482,493,493,516,526,526,627,627,640,659,679,679,679,712,732,809,809,823,841,639,639],"floor_reached":30,"playtime":2388,"items_purged":["Regret"],"score":306,"play_id":"4a885468-45bf-46e3-8427-f4f4214fd3d9","local_time":"20190515180816","is_ascension_mode":true,"campfire_choices":[{"data":"Whirlwind","floor":6.0,"key":"SMITH"},{"data":"Shockwave","floor":8.0,"key":"SMITH"},{"data":"Headbutt","floor":10.0,"key":"SMITH"},{"data":"Headbutt","floor":15.0,"key":"SMITH"}],"neow_cost":"NONE","seed_source_timestamp":0,"circlet_count":0,"master_deck":["Strike_R","Strike_R+1","Strike_R","Defend_R","Defend_R+1","Defend_R","Defend_R","Bash+1","Shockwave+1","Flame Barrier","Shrug It Off","Whirlwind+1","Headbutt+1","Headbutt","Headbutt+1","Demon Form","Disarm+1","Demon Form","Evolve","Hemokinesis","Ghostly","Ghostly","Ghostly","Ghostly","Ghostly","Second Wind","Headbutt","Heavy Blade"],"special_seed":0,"relics":["Tiny House","Shuriken","Odd Mushroom","Fusion Hammer","Ancient Tea Set","Question Card","Prayer Wheel","ClockworkSouvenir"],"potions_floor_usage":[23],"damage_taken":[{"damage":1.0,"enemies":"Cultist","floor":1.0,"turns":5.0},{"damage":2.0,"enemies":"2 Louse","floor":2.0,"turns":6.0},{"damage":2.0,"enemies":"Small Slimes","floor":5.0,"turns":5.0},{"damage":10.0,"enemies":"Exordium Wildlife","floor":7.0,"turns":5.0},{"damage":9.0,"enemies":"Blue Slaver","floor":11.0,"turns":5.0},{"damage":0.0,"enemies":"The Mushroom Lair","floor":13.0,"turns":2.0},{"damage":23.0,"enemies":"Exordium Thugs","floor":14.0,"turns":6.0},{"damage":15.0,"enemies":"The Guardian","floor":16.0,"turns":7.0},{"damage":12.0,"enemies":"Shell Parasite","floor":18.0,"turns":6.0},{"damage":4.0,"enemies":"3 Byrds","floor":19.0,"turns":4.0},{"damage":7.0,"enemies":"Snecko","floor":20.0,"turns":4.0},{"damage":19,"enemies":"Gremlin Leader","floor":23,"turns":6},{"damage":7,"enemies":"3 Cultists","floor":24,"turns":5},{"damage":1,"enemies":"Centurion and Healer","floor":27,"turns":6},{"damage":2,"enemies":"Snecko","floor":28,"turns":4},{"damage":16,"enemies":"Shelled Parasite and Fungi","floor":30,"turns":6}],"seed_played":"-2404223457298459033","potions_obtained":[{"floor":0.0,"key":"Block Potion"},{"floor":1.0,"key":"Block Potion"},{"floor":5.0,"key":"Weak Potion"},{"floor":16.0,"key":"Dexterity Potion"},{"floor":19.0,"key":"AttackPotion"},{"floor":24,"key":"LiquidBronze"},{"floor":28,"key":"BloodPotion"}],"is_trial":false,"path_per_floor":["M","M","?","$","M","R","M","R","T","R","M","?","?","M","R","B",null,"M","M","M","?","?","E","M","T","T","M","M","$","M"],"character_chosen":"IRONCLAD","items_purchased":["ClockworkSouvenir"],"campfire_rested":0,"item_purchase_floors":[29],"current_hp_per_floor":[84,82,82,82,80,80,70,70,70,70,61,44,44,21,21,6,85,73,69,62,62,42,23,16,16,16,15,13,13,0],"gold":639,"neow_bonus":"BOSS_RELIC","is_prod":false,"is_daily":false,"chose_seed":false,"campfire_upgraded":4,"win_rate":0,"timestamp":1557923896,"path_taken":["M","M","?","?","M","R","M","R","T","R","?","?","?","M","R","BOSS","M","M","M","?","?","E","M","?","T","M","M","$","?"],"build_version":"2019-01-23","purchased_purges":1,"victory":false,"max_hp_per_floor":[85,85,85,85,85,85,85,85,85,85,85,85,85,85,85,85,85,85,85,85,85,42,42,42,42,42,42,42,42,42],"card_choices":[{"not_picked":["Searing Blow","True Grit"],"picked":"Shockwave","floor":0.0},{"not_picked":["Flex","Armaments"],"picked":"Flame Barrier","floor":1.0},{"not_picked":["Body Slam","Power Through"],"picked":"Shrug It Off","floor":2.0},{"not_picked":["Perfected Strike","True Grit"],"picked":"Whirlwind","floor":5.0},{"not_picked":["Twin Strike","Combust"],"picked":"Headbutt","floor":7.0},{"not_picked":["Sentinel","Sword Boomerang"],"picked":"Headbutt","floor":11.0},{"not_picked":["Perfected Strike","Clash"],"picked":"Headbutt","floor":14.0},{"not_picked":["Double Tap","Dark Embrace"],"picked":"Demon Form","floor":16.0},{"not_picked":["Ghostly Armor","Clash","Blood for Blood"],"picked":"SKIP","floor":18.0},{"not_picked":["Flex","Combust"],"picked":"Disarm+1","floor":19.0},{"not_picked":["Body Slam","Thunderclap"],"picked":"Demon Form","floor":20.0},{"not_picked":["Rupture","Rampage"],"picked":"Second Wind","floor":23},{"not_picked":["Power Through+1","Evolve+1","Battle Trance"],"picked":"SKIP","floor":24},{"not_picked":["Bloodletting+1","Hemokinesis","Body Slam"],"picked":"Headbutt","floor":27},{"not_picked":["Blood for Blood+1","Havoc","Clash","Wild Strike+1"],"picked":"SKIP","floor":27},{"not_picked":["Power Through","Twin Strike","Bloodletting"],"picked":"Heavy Blade","floor":28},{"not_picked":["Sentinel","Metallicize+1","Fiend Fire","Iron Wave"],"picked":"SKIP","floor":28}],"player_experience":331281,"relics_obtained":[{"floor":9.0,"key":"Shuriken"},{"floor":13.0,"key":"Odd Mushroom"},{"floor":23,"key":"Ancient Tea Set"},{"floor":25,"key":"Question Card"},{"floor":26,"key":"Prayer Wheel"}],"event_choices":[{"damage_healed":0.0,"max_hp_gain":0.0,"max_hp_loss":0.0,"gold_gain":275.0,"event_name":"Golden Shrine","player_choice":"Desecrate","floor":3.0,"gold_loss":0.0,"damage_taken":0.0,"cards_obtained":["Regret"]},{"damage_healed":0.0,"max_hp_gain":0.0,"max_hp_loss":0.0,"gold_gain":0.0,"event_name":"Shining Light","player_choice":"Entered Light","floor":12.0,"gold_loss":0.0,"damage_taken":17.0,"cards_upgraded":["Strike_R","Bash"]},{"damage_healed":0.0,"max_hp_gain":0.0,"max_hp_loss":0.0,"gold_gain":0.0,"event_name":"Mushrooms","player_choice":"Fought Mushrooms","floor":13.0,"gold_loss":0.0,"damage_taken":0.0},{"damage_healed":0,"gold_gain":0,"cards_transformed":["Strike_R","Strike_R"],"player_choice":"Became Test Subject","damage_taken":0,"max_hp_gain":0,"max_hp_loss":0,"event_name":"Drug Dealer","floor":21,"gold_loss":0,"cards_obtained":["Evolve","Hemokinesis"]},{"damage_healed":0,"gold_gain":0,"player_choice":"Became a Ghost","damage_taken":0,"max_hp_gain":0,"max_hp_loss":43,"event_name":"Ghosts","floor":22,"gold_loss":0,"cards_obtained":["Ghostly","Ghostly","Ghostly","Ghostly","Ghostly"]}],"is_beta":false,"boss_relics":[{"not_picked":["Eternal Feather","Runic Dome"],"picked":"Fusion Hammer"}],"items_purged_floors":[4],"is_endless":false,"potions_floor_spawned":[1,5,13,16,19,24,28],"killed_by":"Shelled Parasite and Fungi","ascension_level":1}