{"gold_per_floor":[117,117,130,143,143,143,170,170,170,56,56,70,70,89,89,186,186,204,23,23,41,41,41,54,54],"floor_reached":25,"playtime":2249,"items_purged":["Strike_B"],"score":231,"play_id":"1f0efd37-a5bd-4177-b38d-6d41492679ce","local_time":"20181211175843","is_ascension_mode":true,"campfire_choices":[{"data":"Zap","floor":6,"key":"SMITH"},{"floor":8,"key":"REST"},{"data":"Zap","floor":11,"key":"SMITH"},{"floor":15,"key":"REST"},{"data":"Echo Form","floor":23,"key":"SMITH"}],"neow_cost":"NONE","seed_source_timestamp":2879385437594112,"circlet_count":0,"master_deck":["Strike_B","Strike_B","Defend_B","Defend_B","Defend_B","Defend_B","Zap+1","Dualcast","White Noise","Zap+1","Ball Lightning","Loop","Cold Snap","Capacitor","Force Field","Compile Driver","Echo Form+1","Sunder+1","Echo Form","Coolheaded","Echo Form","Consume","Leap"],"relics":["Cracked Core","NeowsBlessing","The Courier","Strawberry","Bottled Flame","Nuclear Battery","DollysMirror"],"potions_floor_usage":[],"damage_taken":[{"damage":0,"enemies":"Small Slimes","floor":1,"turns":1},{"damage":0,"enemies":"Cultist","floor":3,"turns":1},{"damage":0,"enemies":"2 Louse","floor":4,"turns":1},{"damage":25,"enemies":"Lagavulin","floor":7,"turns":5},{"damage":15,"enemies":"Exordium Thugs","floor":12,"turns":3},{"damage":23,"enemies":"Gremlin Gang","floor":14,"turns":5},{"damage":32,"enemies":"Hexaghost","floor":16,"turns":11},{"damage":17,"enemies":"Spheric Guardian","floor":18,"turns":4},{"damage":20,"enemies":"2 Thieves","floor":21,"turns":3},{"damage":30,"enemies":"Centurion and Healer","floor":24,"turns":7},{"damage":22,"enemies":"Snake Plant","floor":25,"turns":1}],"seed_played":"4519069774948375568","potions_obtained":[{"floor":3,"key":"Energy Potion"},{"floor":7,"key":"Strength Potion"},{"floor":16,"key":"SteroidPotion"},{"floor":21,"key":"Energy Potion"}],"is_trial":false,"path_per_floor":["M","?","M","M","?","R","E","R","T","$","R","M","?","M","R","B",null,"M","$","?","M","$","R","M","M"],"character_chosen":"DEFECT","items_purchased":["Capacitor","DollysMirror","Coolheaded"],"campfire_rested":2,"item_purchase_floors":[10,19,19],"current_hp_per_floor":[75,75,75,75,42,42,24,48,48,48,48,33,33,10,34,2,82,65,65,65,45,45,45,15,0],"gold":54,"neow_bonus":"THREE_ENEMY_KILL","is_prod":false,"is_daily":false,"chose_seed":false,"campfire_upgraded":3,"win_rate":0,"timestamp":1544569123,"path_taken":["M","?","?","M","?","R","E","R","T","?","R","?","?","M","R","BOSS","M","$","?","M","?","R","?","M"],"build_version":"2018-12-06","purchased_purges":1,"victory":false,"max_hp_per_floor":[75,75,75,75,75,75,82,82,82,82,82,82,82,82,82,82,82,82,82,82,82,82,82,82,82],"card_choices":[{"not_picked":["Rebound","Gash"],"picked":"White Noise","floor":1},{"not_picked":["Redo","Stack"],"picked":"Ball Lightning","floor":3},{"not_picked":["Auto Shields","Conserve Battery"],"picked":"Loop","floor":4},{"not_picked":["Static Discharge","Coolheaded"],"picked":"Cold Snap","floor":7},{"not_picked":["Steam","Steam Power"],"picked":"Force Field","floor":12},{"not_picked":["Skim","Meteor Strike"],"picked":"Compile Driver","floor":14},{"not_picked":["Hyperbeam","All For One"],"picked":"Echo Form","floor":16},{"not_picked":["Ball Lightning+1","Go for the Eyes"],"picked":"Sunder+1","floor":18},{"not_picked":["Sweeping Beam","Ball Lightning"],"picked":"Consume","floor":21},{"not_picked":["Steam","Beam Cell+1"],"picked":"Leap","floor":24}],"player_experience":204438,"relics_obtained":[{"floor":7,"key":"Strawberry"},{"floor":9,"key":"Bottled Flame"}],"event_choices":[{"damage_healed":0,"gold_gain":0,"player_choice":"1 cards matched","damage_taken":0,"max_hp_gain":0,"max_hp_loss":0,"event_name":"Match and Keep!","floor":2,"gold_loss":0,"cards_obtained":["Zap"]},{"damage_healed":0,"gold_gain":0,"player_choice":"Success","damage_taken":33,"relics_obtained":["The Courier"],"max_hp_gain":0,"max_hp_loss":0,"event_name":"Scrap Ooze","floor":5,"gold_loss":0},{"cards_removed":["Strike_B"],"damage_healed":0,"gold_gain":0,"player_choice":"Forget","damage_taken":0,"max_hp_gain":0,"max_hp_loss":0,"event_name":"Living Wall","floor":13,"gold_loss":0},{"damage_healed":0,"gold_gain":0,"player_choice":"Copied","damage_taken":0,"max_hp_gain":0,"max_hp_loss":0,"event_name":"Duplicator","floor":20,"gold_loss":0,"cards_obtained":["Echo Form"]}],"is_beta":false,"boss_relics":[{"not_picked":["FrozenCore","Philosopher\u0027s Stone"],"picked":"Nuclear Battery"}],"items_purged_floors":[10],"is_endless":false,"potions_floor_spawned":[3,7,16,18,21],"killed_by":"Snake Plant","ascension_level":3}