{"gold_per_floor":[119,134,154,154,173,173,199,212,212,212,228,228,245,245,245,342,342,360,32,32,42,42],"floor_reached":22,"playtime":1855,"items_purged":["Defend_G"],"score":188,"play_id":"8467a396-d1c4-4725-a520-cd783a92300f","local_time":"20190105000441","is_ascension_mode":false,"campfire_choices":[{"data":"Flechettes","floor":6,"key":"SMITH"},{"floor":10,"key":"REST"},{"floor":12,"key":"REST"},{"data":"Dagger Spray","floor":15,"key":"SMITH"}],"neow_cost":"NONE","seed_source_timestamp":539442768293590,"circlet_count":0,"master_deck":["Defend_G","Defend_G","Defend_G","Defend_G","Strike_G","Strike_G","Strike_G","Strike_G","Strike_G","Survivor","Neutralize","Dagger Throw","Flechettes+1","Dash","Caltrops","Acrobatics","Dagger Spray+1","Underhanded Strike","Outmaneuver","Burst","Outmaneuver+1","Dagger Throw","Expertise","Noxious Fumes","RitualDagger","Poisoned Stab+1"],"relics":["Ring of the Snake","NeowsBlessing","Potion Belt","Bird Faced Urn","NlothsMask","Fusion Hammer","Membership Card"],"potions_floor_usage":[3,7,16,16],"damage_taken":[{"damage":0,"enemies":"Cultist","floor":1,"turns":1},{"damage":0,"enemies":"2 Louse","floor":2,"turns":1},{"damage":0,"enemies":"Jaw Worm","floor":3,"turns":1},{"damage":12,"enemies":"Large Slime","floor":5,"turns":6},{"damage":32,"enemies":"3 Sentries","floor":7,"turns":9},{"damage":7,"enemies":"Blue Slaver","floor":8,"turns":4},{"damage":3,"enemies":"Red Slaver","floor":11,"turns":3},{"damage":6,"enemies":"Lots of Slimes","floor":13,"turns":3},{"damage":40,"enemies":"Hexaghost","floor":16,"turns":9},{"damage":11,"enemies":"Spheric Guardian","floor":18,"turns":4},{"damage":43,"enemies":"Chosen","floor":21,"turns":5},{"damage":12,"enemies":"Snake Plant","floor":22,"turns":2}],"seed_played":"885046950501455416","potions_obtained":[{"floor":1,"key":"Weak Potion"},{"floor":2,"key":"Dexterity Potion"},{"floor":4,"key":"Ancient Potion"},{"floor":4,"key":"Poison Potion"},{"floor":7,"key":"AttackPotion"},{"floor":8,"key":"Explosive Potion"},{"floor":13,"key":"Explosive Potion"}],"is_trial":false,"path_per_floor":["M","M","M","?","M","R","E","M","T","R","M","R","M","?","R","B",null,"M","$","?","M","M"],"character_chosen":"THE_SILENT","items_purchased":["Membership Card","Dagger Throw","Expertise","Noxious Fumes"],"campfire_rested":2,"item_purchase_floors":[19,19,19,19],"current_hp_per_floor":[70,70,70,70,58,58,26,19,19,40,39,60,56,56,56,18,70,59,59,53,12,0],"gold":42,"neow_bonus":"THREE_ENEMY_KILL","is_prod":false,"is_daily":false,"chose_seed":false,"campfire_upgraded":2,"win_rate":0.0,"timestamp":1546668281,"path_taken":["M","M","M","?","M","R","E","M","T","R","M","R","?","?","R","BOSS","M","$","?","M","M"],"build_version":"2019-01-03v4","purchased_purges":1,"victory":false,"max_hp_per_floor":[70,70,70,70,70,70,70,70,70,70,70,70,70,70,70,70,70,70,70,70,70,70],"card_choices":[{"not_picked":["Crippling Poison","Backstab"],"picked":"Dagger Throw","floor":1},{"not_picked":["Backflip","Footwork"],"picked":"Flechettes","floor":2},{"not_picked":["Masterful Stab","Calculated Gamble"],"picked":"Dash","floor":3},{"not_picked":["Blade Dance","Choke"],"picked":"Caltrops","floor":5},{"not_picked":["Dodge and Roll","Dash"],"picked":"Acrobatics","floor":7},{"not_picked":["Terror","Bouncing Flask"],"picked":"Dagger Spray","floor":8},{"not_picked":["Deflect","Dodge and Roll"],"picked":"Underhanded Strike","floor":11},{"not_picked":["Dash","Poisoned Stab"],"picked":"Outmaneuver","floor":13},{"not_picked":["Malaise","Night Terror"],"picked":"Burst","floor":16},{"not_picked":["Blade Dance","Sucker Punch"],"picked":"Outmaneuver+1","floor":18},{"not_picked":["Dodge and Roll","Deflect"],"picked":"Poisoned Stab+1","floor":21}],"player_experience":3467,"relics_obtained":[{"floor":7,"key":"Potion Belt"},{"floor":9,"key":"Bird Faced Urn"}],"event_choices":[{"damage_healed":0,"gold_gain":0,"player_choice":"Got Potions","damage_taken":0,"max_hp_gain":0,"max_hp_loss":0,"event_name":"Lab","floor":4,"gold_loss":0},{"damage_healed":0,"gold_gain":0,"player_choice":"Trade","damage_taken":0,"relics_obtained":["NlothsMask"],"max_hp_gain":0,"max_hp_loss":0,"event_name":"FaceTrader","floor":14,"gold_loss":0},{"damage_healed":0,"gold_gain":0,"player_choice":"Joined the Cult","damage_taken":6,"max_hp_gain":0,"max_hp_loss":0,"event_name":"Nest","floor":20,"gold_loss":0,"cards_obtained":["RitualDagger"]}],"is_beta":false,"boss_relics":[{"not_picked":["Calling Bell","Eternal Feather"],"picked":"Fusion Hammer"}],"items_purged_floors":[19],"is_endless":false,"potions_floor_spawned":[1,2,7,8,13],"killed_by":"Snake Plant","ascension_level":0}