{"gold_per_floor":[12,87,162,172,189,221,15,15,15,33,61,77,92,118,118,218,218,237,249,264,264,364,398,398,412,493,493,215,234,234,249,249,350,350,368,31,42,88,107,142,142,142,166,181,206,206,219,1,1,1,1,1,1,28,28],"floor_reached":56,"playtime":4254,"items_purged":["Strike_R","Strike_R","Strike_R","Writhe"],"score":1349,"play_id":"c233bb31-66f2-4b4c-8902-fe9781cae497","local_time":"20190531235857","is_ascension_mode":false,"campfire_choices":[{"data":"Apotheosis","floor":15.0,"key":"SMITH"},{"floor":24,"key":"RECALL"},{"floor":32,"key":"REST"},{"floor":41,"key":"REST"},{"floor":49,"key":"REST"},{"floor":52,"key":"REST"}],"neow_cost":"NO_GOLD","seed_source_timestamp":0,"circlet_count":0,"master_deck":["Defend_R","Defend_R","Defend_R","Defend_R","Bash","Flash of Steel","Apotheosis+1","Cleave","Good Instincts","Warcry","Body Slam","Impervious","Thunderclap","Barricade","Body Slam","Cleave+1","Metallicize","Flame Barrier+1","Evolve","Swift Strike","Warcry","Dropkick+1","Offering","Feel No Pain","Berserk","Flame Barrier","Corruption+1","Shrug It Off+1","Rage+1","Exhume","Panache+1","Dramatic Entrance","Dark Shackles","Warcry+1","Feel No Pain+1","Corruption+1"],"special_seed":0,"relics":["Burning Blood","Unceasing Top","StoneCalendar","Mummified Hand","Empty Cage","Turnip","Shuriken","Bottled Lightning","Bottled Tornado","Letter Opener","Mercury Hourglass","Fusion Hammer","Bird Faced Urn","Frozen Egg 2","Happy Flower","Pen Nib","Pantograph"],"potions_floor_usage":[50,55],"damage_taken":[{"damage":3.0,"enemies":"2 Louse","floor":1.0,"turns":4.0},{"damage":5.0,"enemies":"Small Slimes","floor":4.0,"turns":3.0},{"damage":6.0,"enemies":"Cultist","floor":5.0,"turns":3.0},{"damage":6.0,"enemies":"Gremlin Nob","floor":6.0,"turns":3.0},{"damage":11.0,"enemies":"3 Louse","floor":10.0,"turns":3.0},{"damage":21.0,"enemies":"3 Sentries","floor":11.0,"turns":7.0},{"damage":3.0,"enemies":"Gremlin Gang","floor":12.0,"turns":4.0},{"damage":12.0,"enemies":"Exordium Wildlife","floor":13.0,"turns":5.0},{"damage":0.0,"enemies":"Lagavulin","floor":14.0,"turns":6.0},{"damage":19.0,"enemies":"Slime Boss","floor":16.0,"turns":7.0},{"damage":22.0,"enemies":"Shell Parasite","floor":18.0,"turns":7.0},{"damage":10.0,"enemies":"Chosen","floor":19.0,"turns":4.0},{"damage":6.0,"enemies":"Centurion and Healer","floor":20.0,"turns":5.0},{"damage":7.0,"enemies":"Colosseum Slavers","floor":22.0,"turns":3.0},{"damage":20.0,"enemies":"Colosseum Nobs","floor":22.0,"turns":5.0},{"damage":34,"enemies":"Book of Stabbing","floor":23,"turns":6},{"damage":18,"enemies":"Chosen and Byrds","floor":25,"turns":6},{"damage":2,"enemies":"Snake Plant","floor":29,"turns":4},{"damage":12,"enemies":"3 Cultists","floor":31,"turns":4},{"damage":0,"enemies":"Automaton","floor":33,"turns":7},{"damage":6,"enemies":"3 Shapes","floor":35,"turns":1},{"damage":7,"enemies":"Orb Walker","floor":37,"turns":3},{"damage":14,"enemies":"2 Orb Walkers","floor":38,"turns":3},{"damage":6,"enemies":"Transient","floor":39,"turns":5},{"damage":15,"enemies":"Reptomancer","floor":40,"turns":2},{"damage":6,"enemies":"3 Darklings","floor":44,"turns":3},{"damage":8,"enemies":"Nemesis","floor":45,"turns":3},{"damage":8,"enemies":"Spire Growth","floor":47,"turns":4},{"damage":16,"enemies":"Awakened One","floor":50,"turns":3},{"damage":14,"enemies":"Shield and Spear","floor":54,"turns":3},{"damage":68,"enemies":"The Heart","floor":55,"turns":6}],"seed_played":"-1022491658605089700","potions_obtained":[{"floor":4.0,"key":"AttackPotion"},{"floor":5.0,"key":"EssenceOfSteel"},{"floor":6.0,"key":"SpeedPotion"},{"floor":8.0,"key":"Regen Potion"},{"floor":10.0,"key":"Swift Potion"},{"floor":16.0,"key":"BloodPotion"},{"floor":22.0,"key":"Swift Potion"},{"floor":31,"key":"Regen Potion"},{"floor":39,"key":"Energy Potion"},{"floor":54,"key":"SteroidPotion"}],"is_trial":false,"path_per_floor":["M","?","?","M","M","E","$","?","T","M","E","M","M","E","R","B",null,"M","M","M","?","?","E","R","M","T","?","$","M","?","M","R","B",null,"M","$","M","?","M","E","R","?","T","M","E","?","M","$","R","B",null,"R","$","E","B",null],"character_chosen":"IRONCLAD","items_purchased":["Good Instincts","Warcry","Evolve","Swift Strike","Warcry","Berserk","Flame Barrier","Feel No Pain+1"],"campfire_rested":4,"item_purchase_floors":[7,7,28,28,28,36,36,48],"current_hp_per_floor":[80,69,61,62,62,62,62,62,62,57,57,60,54,60,60,47,80,64,60,60,45,38,57,57,45,45,45,45,49,49,43,68,74,85,85,85,84,76,85,85,85,81,81,81,81,71,75,75,81,81,81,81,81,81,36],"gold":28,"neow_bonus":"RANDOM_COLORLESS_2","is_prod":false,"is_daily":false,"chose_seed":false,"campfire_upgraded":1,"win_rate":0,"timestamp":1559365137,"path_taken":["M","?","?","M","?","E","$","?","T","M","E","?","M","E","R","BOSS","M","M","M","?","?","E","R","M","T","?","$","M","?","M","R","BOSS","M","$","M","?","M","E","R","?","T","M","E","?","M","$","R","BOSS","R","$","E","BOSS"],"build_version":"2019-01-23","purchased_purges":4,"victory":true,"max_hp_per_floor":[80,80,80,80,80,80,80,80,80,80,80,80,80,80,80,80,80,80,80,80,85,85,85,85,85,85,85,85,85,85,85,85,85,85,85,85,85,85,85,85,85,81,81,81,81,81,81,81,81,81,81,81,81,81,81],"card_choices":[{"not_picked":["Seeing Red","Clash"],"picked":"Cleave","floor":1.0},{"not_picked":["Rage","Heavy Blade","Clothesline"],"picked":"SKIP","floor":4.0},{"not_picked":["Rage","Metallicize","Second Wind"],"picked":"SKIP","floor":5.0},{"not_picked":["Clash","Power Through","Twin Strike"],"picked":"SKIP","floor":6.0},{"not_picked":["Dual Wield","Infernal Blade"],"picked":"Body Slam","floor":10.0},{"not_picked":["Combust","Cleave","Pummel"],"picked":"SKIP","floor":11.0},{"not_picked":["Flex","Dual Wield"],"picked":"Impervious","floor":12.0},{"not_picked":["Wild Strike","Uppercut"],"picked":"Thunderclap","floor":13.0},{"not_picked":["Headbutt","Dual Wield","Cleave"],"picked":"SKIP","floor":14.0},{"not_picked":["Feed","Reaper"],"picked":"Barricade","floor":16.0},{"not_picked":["Wild Strike","Disarm"],"picked":"Body Slam","floor":18.0},{"not_picked":["Clothesline","Thunderclap+1","Headbutt+1"],"picked":"SKIP","floor":19.0},{"not_picked":["Flex","Iron Wave+1"],"picked":"Cleave+1","floor":20.0},{"not_picked":["Reckless Charge","Barricade"],"picked":"Metallicize","floor":23},{"not_picked":["Twin Strike","Corruption"],"picked":"Flame Barrier+1","floor":25},{"not_picked":["Headbutt","Cleave"],"picked":"Dropkick+1","floor":29},{"not_picked":["Body Slam","Wild Strike+1","Iron Wave"],"picked":"SKIP","floor":31},{"not_picked":["Bludgeon","Dark Embrace"],"picked":"Offering","floor":33},{"not_picked":["Flex+1","Anger"],"picked":"Feel No Pain","floor":35},{"not_picked":["Perfected Strike","True Grit","Body Slam"],"picked":"SKIP","floor":37},{"not_picked":["Perfected Strike+1","Wild Strike+1"],"picked":"Corruption+1","floor":38},{"not_picked":["Rampage+1","Brutality"],"picked":"Shrug It Off+1","floor":39},{"not_picked":["Sword Boomerang","Heavy Blade+1"],"picked":"Rage+1","floor":40},{"not_picked":["Clothesline+1","Anger","Twin Strike"],"picked":"SKIP","floor":44},{"not_picked":["Thunderclap","Shrug It Off"],"picked":"Exhume","floor":45},{"not_picked":["Dramatic Entrance","Chrysalis"],"picked":"Panache+1","floor":46},{"not_picked":["Jack Of All Trades","Transmutation"],"picked":"Dramatic Entrance","floor":46},{"not_picked":["Violence","HandOfGreed"],"picked":"Dark Shackles","floor":46},{"not_picked":["Pummel+1","Thunderclap+1"],"picked":"Warcry+1","floor":47},{"not_picked":["Searing Blow+1","Carnage"],"picked":"Corruption+1","floor":54}],"player_experience":302440,"relics_obtained":[{"floor":6.0,"key":"Unceasing Top"},{"floor":11.0,"key":"StoneCalendar"},{"floor":14.0,"key":"Mummified Hand"},{"floor":22.0,"key":"Turnip"},{"floor":22.0,"key":"Shuriken"},{"floor":23,"key":"Bottled Tornado"},{"floor":26,"key":"Letter Opener"},{"floor":38,"key":"Bird Faced Urn"},{"floor":40,"key":"Frozen Egg 2"},{"floor":43,"key":"Happy Flower"},{"floor":45,"key":"Pen Nib"},{"floor":54,"key":"Pantograph"}],"event_choices":[{"damage_healed":0.0,"max_hp_gain":0.0,"max_hp_loss":0.0,"gold_gain":75.0,"event_name":"World of Goop","player_choice":"Gather Gold","floor":2.0,"gold_loss":0.0,"damage_taken":11.0},{"damage_healed":0.0,"max_hp_gain":0.0,"max_hp_loss":0.0,"gold_gain":75.0,"event_name":"FaceTrader","player_choice":"Touch","floor":3.0,"gold_loss":0.0,"damage_taken":8.0},{"damage_healed":0.0,"max_hp_gain":0.0,"max_hp_loss":0.0,"gold_gain":0.0,"event_name":"Lab","player_choice":"Got Potions","floor":8.0,"gold_loss":0.0,"damage_taken":0.0},{"damage_healed":0.0,"max_hp_gain":5.0,"max_hp_loss":0.0,"gold_gain":0.0,"event_name":"Forgotten Altar","player_choice":"Shed Blood","floor":21.0,"gold_loss":0.0,"damage_taken":20.0},{"damage_healed":0.0,"max_hp_gain":0.0,"max_hp_loss":0.0,"gold_gain":0.0,"event_name":"Colosseum","player_choice":"Fight","floor":22.0,"gold_loss":0.0,"damage_taken":0.0},{"damage_healed":0.0,"max_hp_gain":0.0,"max_hp_loss":0.0,"gold_gain":0.0,"event_name":"Colosseum","player_choice":"Fought Nobs","floor":22.0,"gold_loss":0.0,"damage_taken":0.0},{"damage_healed":0,"gold_gain":0,"player_choice":"Ignored","damage_taken":0,"max_hp_gain":0,"max_hp_loss":0,"event_name":"Vampires","floor":27,"gold_loss":0},{"damage_healed":0,"gold_gain":0,"player_choice":"Opened","damage_taken":0,"relics_obtained":["Mercury Hourglass"],"max_hp_gain":0,"max_hp_loss":0,"event_name":"The Mausoleum","floor":30,"gold_loss":0,"cards_obtained":["Writhe"]},{"damage_healed":0,"gold_gain":0,"player_choice":"Fight","damage_taken":0,"max_hp_gain":0,"max_hp_loss":0,"event_name":"Mysterious Sphere","floor":38,"gold_loss":0},{"damage_healed":0,"gold_gain":0,"player_choice":"Max HP","damage_taken":0,"max_hp_gain":0,"max_hp_loss":4,"event_name":"Winding Halls","floor":42,"gold_loss":0},{"damage_healed":0,"gold_gain":0,"player_choice":"Memory 3","damage_taken":10,"max_hp_gain":0,"max_hp_loss":0,"event_name":"SensoryStone","floor":46,"gold_loss":0}],"is_beta":false,"boss_relics":[{"not_picked":["Calling Bell","Snecko Eye"],"picked":"Empty Cage"},{"not_picked":["Philosopher\u0027s Stone","Runic Pyramid"],"picked":"Fusion Hammer"}],"items_purged_floors":[7,28,36,48],"is_endless":false,"potions_floor_spawned":[4,5,6,10,16,22,22,31,39,44,54],"ascension_level":0}