{"gold_per_floor":[116,66,78,39,114,140,140,151,205,224,26,42,59,86,86,191,191,211,227,243,53,70,70,70,84,109,125,139,168,268,183,183,280,280,292,292,303,203,213,213,88,88,88,118,118,146,161,175,175,175],"floor_reached":50,"playtime":5735,"items_purged":["Strike_B","Doubt","Doubt"],"score":786,"play_id":"74f656c3-0ec9-4467-9645-b86e11cb8521","local_time":"20190521200209","is_ascension_mode":false,"campfire_choices":[{"floor":7.0,"key":"REST"},{"data":"Hologram","floor":15.0,"key":"SMITH"},{"data":"Streamline","floor":24.0,"key":"SMITH"},{"data":"Hologram","floor":32.0,"key":"SMITH"},{"data":"Buffer","floor":40.0,"key":"SMITH"},{"floor":42.0,"key":"RECALL"},{"data":"Seek","floor":49,"key":"SMITH"}],"neow_cost":"NONE","seed_source_timestamp":0,"circlet_count":0,"master_deck":["Defend_B","Defend_B","Defend_B","Defend_B","Zap+1","Dualcast","Conserve Battery+1","Turbo","Self Repair","Self Repair","Cold Snap","Glacier","Streamline+1","Self Repair","Hologram+1","Sunder","Hologram+1","Buffer+1","Hologram+1","Turbo+1","Apotheosis","Skim+1","Force Field+1","Electrodynamics","Tempest+1","Skim+1","Seek+1"],"special_seed":0,"relics":["Cracked Core","Bag of Preparation","Regal Pillow","Omamori","Nuclear Battery","Dodecahedron","Anchor","Boot","StoneCalendar","Pantograph","War Paint","Calling Bell","Bronze Scales","Singing Bowl","WingedGreaves","Gremlin Horn","Prayer Wheel"],"potions_floor_usage":[44,44,50],"damage_taken":[{"damage":0.0,"enemies":"2 Louse","floor":1.0,"turns":1.0},{"damage":0.0,"enemies":"Small Slimes","floor":3.0,"turns":4.0},{"damage":26.0,"enemies":"Lagavulin","floor":6.0,"turns":9.0},{"damage":6.0,"enemies":"Jaw Worm","floor":8.0,"turns":4.0},{"damage":7.0,"enemies":"Large Slime","floor":10.0,"turns":8.0},{"damage":9.0,"enemies":"2 Fungi Beasts","floor":12.0,"turns":5.0},{"damage":9.0,"enemies":"Looter","floor":13.0,"turns":4.0},{"damage":15.0,"enemies":"Gremlin Nob","floor":14.0,"turns":5.0},{"damage":8.0,"enemies":"The Guardian","floor":16.0,"turns":12.0},{"damage":1.0,"enemies":"Chosen","floor":18.0,"turns":5.0},{"damage":7.0,"enemies":"3 Byrds","floor":19.0,"turns":7.0},{"damage":3.0,"enemies":"Snecko","floor":20.0,"turns":7.0},{"damage":13.0,"enemies":"Snake Plant","floor":22.0,"turns":5.0},{"damage":0.0,"enemies":"Shelled Parasite and Fungi","floor":25.0,"turns":5.0},{"damage":0.0,"enemies":"Centurion and Healer","floor":27.0,"turns":6.0},{"damage":0.0,"enemies":"3 Cultists","floor":28.0,"turns":5.0},{"damage":0.0,"enemies":"Book of Stabbing","floor":29.0,"turns":8.0},{"damage":0.0,"enemies":"Colosseum Slavers","floor":30.0,"turns":4.0},{"damage":0.0,"enemies":"Colosseum Nobs","floor":30.0,"turns":4.0},{"damage":0.0,"enemies":"Collector","floor":33.0,"turns":11.0},{"damage":0.0,"enemies":"3 Shapes","floor":35.0,"turns":3.0},{"damage":10.0,"enemies":"3 Darklings","floor":37.0,"turns":5.0},{"damage":7.0,"enemies":"4 Shapes","floor":39.0,"turns":5.0},{"damage":5,"enemies":"Giant Head","floor":44,"turns":7},{"damage":0,"enemies":"Reptomancer","floor":46,"turns":6},{"damage":0,"enemies":"Sphere and 2 Shapes","floor":47,"turns":5},{"damage":5,"enemies":"Writhing Mass","floor":48,"turns":7},{"damage":104,"enemies":"Donu and Deca","floor":50,"turns":9}],"seed_played":"4811367907140000623","potions_obtained":[{"floor":10.0,"key":"Energy Potion"},{"floor":13.0,"key":"LiquidBronze"},{"floor":14.0,"key":"Block Potion"},{"floor":16.0,"key":"Fire Potion"},{"floor":27.0,"key":"Dexterity Potion"},{"floor":28.0,"key":"GamblersBrew"},{"floor":29.0,"key":"Fire Potion"},{"floor":30.0,"key":"FearPotion"},{"floor":33.0,"key":"SteroidPotion"},{"floor":39.0,"key":"SneckoOil"},{"floor":48,"key":"Regen Potion"}],"is_trial":false,"path_per_floor":["?","?","?","?","?","?","?"],"character_chosen":"DEFECT","items_purchased":["Self Repair","Streamline","Self Repair","Apotheosis"],"campfire_rested":1,"item_purchase_floors":[4,11,11,21],"current_hp_per_floor":[75,75,75,75,64,45,67,75,75,75,75,75,75,74,74,75,75,75,75,75,75,75,75,75,75,75,75,75,75,75,75,75,75,75,75,75,77,77,77,77,77,77,77,79,75,75,79,83,83,0],"gold":175,"neow_bonus":"REMOVE_CARD","is_prod":false,"is_daily":false,"chose_seed":false,"campfire_upgraded":5,"win_rate":0,"timestamp":1558483329,"path_taken":["M","?","M","$","?","E","R","M","T","M","$","M","M","E","R","BOSS","M","M","M","$","M","?","R","M","T","M","M","E","?","?","R","BOSS","M","?","M","$","M","R","$","R","T","E","?","E","M","M","R","BOSS"],"build_version":"2019-01-23","purchased_purges":3,"victory":false,"max_hp_per_floor":[75,75,75,75,75,75,75,75,75,75,75,75,75,75,75,75,75,75,75,75,75,75,75,75,75,75,75,75,75,75,75,75,75,75,75,75,77,77,77,77,77,77,77,79,75,75,79,83,83,83],"card_choices":[{"not_picked":["Barrage","Redo"],"picked":"Conserve Battery","floor":1.0},{"not_picked":["Double Energy","Aggregate"],"picked":"Turbo","floor":3.0},{"not_picked":["Undo","Double Energy"],"picked":"Self Repair","floor":6.0},{"not_picked":["Reinforced Body","FTL"],"picked":"Cold Snap","floor":8.0},{"not_picked":["Stack","Turbo"],"picked":"Glacier","floor":10.0},{"not_picked":["Leap","Melter"],"picked":"Hologram","floor":12.0},{"not_picked":["Reboot","White Noise"],"picked":"Sunder","floor":13.0},{"not_picked":["Rip and Tear","Go for the Eyes"],"picked":"Hologram","floor":14.0},{"not_picked":["Reboot","Multi-Cast"],"picked":"Buffer","floor":16.0},{"not_picked":["Beam Cell","Sweeping Beam"],"picked":"Hologram+1","floor":18.0},{"not_picked":["Double Energy","Stack"],"picked":"Turbo+1","floor":19.0},{"not_picked":["Leap+1","BootSequence+1","Compile Driver"],"picked":"SKIP","floor":20.0},{"not_picked":["Steam+1","Compile Driver+1"],"picked":"Skim+1","floor":22.0},{"not_picked":["Beam Cell","Rip and Tear"],"picked":"Force Field+1","floor":25.0},{"not_picked":["Steam","Reprogram+1","Go for the Eyes"],"picked":"SKIP","floor":27.0},{"not_picked":["Doom and Gloom","Sweeping Beam+1","Compile Driver"],"picked":"SKIP","floor":28.0},{"not_picked":["Force Field","Loop"],"picked":"Electrodynamics","floor":29.0},{"not_picked":["Go for the Eyes+1","Beam Cell+1"],"picked":"Tempest+1","floor":35.0},{"not_picked":["Reinforced Body+1","Coolheaded+1","Stack+1"],"picked":"Singing Bowl","floor":37.0},{"not_picked":["Recycle+1","Rebound"],"picked":"Skim+1","floor":39.0},{"not_picked":["BootSequence+1","Melter","Conserve Battery"],"picked":"Singing Bowl","floor":44},{"not_picked":["Beam Cell+1","Chaos+1"],"picked":"Seek","floor":46},{"not_picked":["Stack+1","Self Repair","Coolheaded"],"picked":"Singing Bowl","floor":47},{"not_picked":["Lockon+1","Rebound+1","Reprogram+1"],"picked":"Singing Bowl","floor":47},{"not_picked":["Leap+1","Scrape+1","Sweeping Beam"],"picked":"Singing Bowl","floor":48},{"not_picked":["Lockon+1","Steam+1","Heatsinks"],"picked":"Singing Bowl","floor":48}],"player_experience":558397,"relics_obtained":[{"floor":6.0,"key":"Bag of Preparation"},{"floor":9.0,"key":"Regal Pillow"},{"floor":14.0,"key":"Omamori"},{"floor":26.0,"key":"Anchor"},{"floor":29.0,"key":"Boot"},{"floor":30.0,"key":"StoneCalendar"},{"floor":30.0,"key":"Pantograph"},{"floor":34.0,"key":"Bronze Scales"},{"floor":34.0,"key":"Singing Bowl"},{"floor":34.0,"key":"WingedGreaves"},{"floor":44,"key":"Gremlin Horn"},{"floor":46,"key":"Prayer Wheel"}],"event_choices":[{"cards_removed":["Strike_B"],"damage_healed":0.0,"max_hp_gain":0.0,"max_hp_loss":0.0,"gold_gain":0.0,"event_name":"The Cleric","player_choice":"Card Removal","floor":2.0,"gold_loss":50.0,"damage_taken":0.0},{"damage_healed":0.0,"max_hp_gain":0.0,"max_hp_loss":0.0,"gold_gain":75.0,"event_name":"World of Goop","player_choice":"Gather Gold","floor":5.0,"gold_loss":0.0,"damage_taken":11.0},{"damage_healed":0.0,"max_hp_gain":0.0,"max_hp_loss":0.0,"gold_gain":0.0,"event_name":"The Mausoleum","player_choice":"Opened","floor":23.0,"gold_loss":0.0,"damage_taken":0.0,"relics_obtained":["Dodecahedron"],"cards_obtained":["Writhe"]},{"damage_healed":0.0,"max_hp_gain":0.0,"max_hp_loss":0.0,"gold_gain":0.0,"event_name":"Colosseum","player_choice":"Fight","floor":30.0,"gold_loss":0.0,"damage_taken":0.0},{"damage_healed":0.0,"max_hp_gain":0.0,"max_hp_loss":0.0,"gold_gain":0.0,"event_name":"Colosseum","player_choice":"Fought Nobs","floor":30.0,"gold_loss":0.0,"damage_taken":0.0},{"damage_healed":0.0,"max_hp_gain":0.0,"max_hp_loss":0.0,"gold_gain":0.0,"event_name":"Addict","player_choice":"Obtained Relic","floor":31.0,"gold_loss":85.0,"damage_taken":0.0,"relics_obtained":["War Paint"]},{"cards_removed":["Strike_B"],"damage_healed":0.0,"max_hp_gain":0.0,"max_hp_loss":0.0,"gold_gain":0.0,"event_name":"Falling","player_choice":"Removed Attack","floor":36.0,"gold_loss":0.0,"damage_taken":0.0},{"damage_healed":0,"gold_gain":0,"player_choice":"Max HP","damage_taken":0,"max_hp_gain":0,"max_hp_loss":4,"event_name":"Winding Halls","floor":45,"gold_loss":0}],"is_beta":false,"boss_relics":[{"not_picked":["Empty Cage","Inserter"],"picked":"Nuclear Battery"},{"not_picked":["Runic Dome","Fusion Hammer"],"picked":"Calling Bell"}],"items_purged_floors":[11,38,41],"is_endless":false,"potions_floor_spawned":[10,13,14,16,27,28,29,30,30,33,39,48],"killed_by":"Donu and Deca","ascension_level":0}