{"gold_per_floor":[111,61,81,81,98,123,123,141,212,225,255,276,162,208,208,304,304,278,292,292,311,322,322,357,357,357,447,464,464,481,32,32,129,129,139,163,45,57,74,74,99,99,124,124,140,44,57,57,57,57,57,57,6,38,38],"floor_reached":56,"playtime":6918,"items_purged":["Strike_G","Defend_G"],"score":1281,"play_id":"c3f93c00-dee0-4238-afa7-1352a03ac9b6","local_time":"20181213050928","is_ascension_mode":true,"campfire_choices":[{"data":"Noxious Fumes","floor":7.0,"key":"SMITH"},{"floor":15.0,"key":"REST"},{"data":"Noxious Fumes","floor":23.0,"key":"SMITH"},{"floor":29.0,"key":"RECALL"},{"floor":32.0,"key":"REST"},{"data":"Envenom","floor":40.0,"key":"SMITH"},{"data":"Malaise","floor":42.0,"key":"SMITH"},{"data":"A Thousand Cuts","floor":44.0,"key":"SMITH"},{"data":"Well Laid Plans","floor":49.0,"key":"SMITH"},{"data":"Footwork","floor":52.0,"key":"SMITH"}],"neow_cost":"NONE","seed_source_timestamp":3000790771437690,"circlet_count":0,"master_deck":["Defend_G","Defend_G","Strike_G","Strike_G","Survivor+1","Neutralize+1","Bouncing Flask","Cloak And Dagger","Dash","Noxious Fumes+1","Deflect","Backflip","Dodge and Roll","Deadly Poison","Footwork+1","Envenom+1","Endless Agony+1","Doppelganger+1","Leg Sweep+1","Dodge and Roll","Acrobatics","Noxious Fumes+1","A Thousand Cuts+1","Malaise+1","Backflip+1","Footwork","PiercingWail+1","PiercingWail+1","Well Laid Plans+1","Deadly Poison","Well Laid Plans+1"],"special_seed":0,"relics":["Ring of the Snake","Nunchaku","Ancient Tea Set","Odd Mushroom","Strawberry","Astrolabe","Centennial Puzzle","Meat on the Bone","Gremlin Horn","Bag of Preparation","ClockworkSouvenir","Eternal Feather","Happy Flower","Potion Belt","Bag of Marbles","Bottled Lightning"],"potions_floor_usage":[55,55,55,55],"damage_taken":[{"damage":0.0,"enemies":"2 Louse","floor":1.0,"turns":2.0},{"damage":2.0,"enemies":"Small Slimes","floor":3.0,"turns":5.0},{"damage":0.0,"enemies":"Jaw Worm","floor":5.0,"turns":5.0},{"damage":18.0,"enemies":"3 Sentries","floor":6.0,"turns":12.0},{"damage":2.0,"enemies":"Large Slime","floor":8.0,"turns":6.0},{"damage":4.0,"enemies":"Exordium Thugs","floor":10.0,"turns":5.0},{"damage":14.0,"enemies":"Gremlin Nob","floor":11.0,"turns":4.0},{"damage":11.0,"enemies":"The Mushroom Lair","floor":12.0,"turns":6.0},{"damage":5.0,"enemies":"Hexaghost","floor":16.0,"turns":8.0},{"damage":8.0,"enemies":"2 Thieves","floor":18.0,"turns":5.0},{"damage":7.0,"enemies":"3 Byrds","floor":19.0,"turns":5.0},{"damage":1.0,"enemies":"Sentry and Sphere","floor":21.0,"turns":5.0},{"damage":12.0,"enemies":"Snake Plant","floor":22.0,"turns":6.0},{"damage":9.0,"enemies":"Slavers","floor":24.0,"turns":6.0},{"damage":6.0,"enemies":"3 Cultists","floor":28.0,"turns":7.0},{"damage":6.0,"enemies":"Shelled Parasite and Fungi","floor":30.0,"turns":5.0},{"damage":39.0,"enemies":"Automaton","floor":33.0,"turns":12.0},{"damage":2.0,"enemies":"Orb Walker","floor":35.0,"turns":6.0},{"damage":0.0,"enemies":"3 Shapes","floor":38.0,"turns":7.0},{"damage":45.0,"enemies":"3 Darklings","floor":39.0,"turns":6.0},{"damage":17.0,"enemies":"Giant Head","floor":41.0,"turns":11.0},{"damage":0.0,"enemies":"Spire Growth","floor":45.0,"turns":7.0},{"damage":11.0,"enemies":"4 Shapes","floor":47.0,"turns":5.0},{"damage":36.0,"enemies":"Donu and Deca","floor":50.0,"turns":11.0},{"damage":18.0,"enemies":"Shield and Spear","floor":54.0,"turns":9.0},{"damage":18,"enemies":"The Heart","floor":55,"turns":14}],"seed_played":"-4489122348094018679","potions_obtained":[{"floor":1.0,"key":"Weak Potion"},{"floor":3.0,"key":"Regen Potion"},{"floor":8.0,"key":"AttackPotion"},{"floor":12.0,"key":"Energy Potion"},{"floor":18.0,"key":"PowerPotion"},{"floor":21.0,"key":"Fire Potion"},{"floor":30.0,"key":"Strength Potion"},{"floor":35.0,"key":"Explosive Potion"},{"floor":41.0,"key":"FearPotion"},{"floor":45.0,"key":"GamblersBrew"},{"floor":47.0,"key":"Block Potion"},{"floor":48.0,"key":"Fruit Juice"},{"floor":48.0,"key":"Fire Potion"}],"is_trial":false,"path_per_floor":["M","?","M","?","M","E","R","M","T","M","E","?","$","T","R","B",null,"M","M","?","M","M","R","E","T","T","?","M","R","M","$","R","B",null,"M","T","$","M","M","R","E","R","T","R","M","$","M","?","R","B",null,"R","$","E","B",null],"character_chosen":"THE_SILENT","items_purchased":["Footwork","Bag of Preparation","ClockworkSouvenir","Footwork","PowerPotion","GhostInAJar","Deadly Poison","SpeedPotion"],"campfire_rested":2,"item_purchase_floors":[13,31,31,37,37,46,46,53],"current_hp_per_floor":[70,70,68,54,54,51,51,49,49,45,31,20,20,27,50,45,77,69,62,62,61,49,49,40,40,40,26,32,32,38,38,61,34,77,75,75,75,75,42,57,40,55,55,70,70,70,59,64,82,46,82,82,82,64,46],"gold":38,"neow_bonus":"UPGRADE_CARD","is_prod":false,"is_daily":false,"chose_seed":false,"campfire_upgraded":7,"win_rate":0,"timestamp":1544695768,"path_taken":["M","?","M","?","M","E","R","M","T","M","E","?","$","?","R","BOSS","M","M","?","M","M","R","E","?","T","?","M","R","?","$","R","BOSS","M","?","$","M","M","R","E","R","T","R","?","?","M","?","R","BOSS","R","$","E","BOSS"],"build_version":"2018-12-06","purchased_purges":2,"victory":true,"max_hp_per_floor":[70,70,70,70,70,70,70,70,70,70,70,70,70,77,77,77,77,77,77,77,77,77,77,77,77,77,77,77,77,77,77,77,77,77,77,77,77,77,77,77,77,77,77,77,77,77,77,82,82,82,82,82,82,82,82],"card_choices":[{"not_picked":["Dagger Throw","Backflip"],"picked":"Bouncing Flask","floor":1.0},{"not_picked":["Bouncing Flask","Backflip"],"picked":"Cloak And Dagger","floor":3.0},{"not_picked":["Quick Slash","Dodge and Roll"],"picked":"Dash","floor":5.0},{"not_picked":["Infinite Blades","Dodge and Roll"],"picked":"Noxious Fumes","floor":6.0},{"not_picked":["Flechettes","Riddle With Holes"],"picked":"Deflect","floor":8.0},{"not_picked":["Storm of Steel","Infinite Blades"],"picked":"Backflip","floor":10.0},{"not_picked":["Flying Knee","Calculated Gamble"],"picked":"Dodge and Roll","floor":11.0},{"not_picked":["Flying Knee","Poisoned Stab"],"picked":"Deadly Poison","floor":12.0},{"not_picked":["Storm of Steel","Tools of the Trade"],"picked":"Envenom","floor":16.0},{"not_picked":["Cloak And Dagger","Deadly Poison"],"picked":"Dodge and Roll","floor":18.0},{"not_picked":["Reflex","Flying Knee"],"picked":"Acrobatics","floor":19.0},{"not_picked":["Poisoned Stab","Prepared","Calculated Gamble"],"picked":"SKIP","floor":21.0},{"not_picked":["Skewer","Crippling Poison","Dagger Throw+1"],"picked":"SKIP","floor":22.0},{"not_picked":["Backflip","Dagger Throw","Eviscerate"],"picked":"SKIP","floor":24.0},{"not_picked":["Deflect","Prepared"],"picked":"A Thousand Cuts","floor":28.0},{"not_picked":["Accuracy+1","Prepared","Riddle With Holes+1"],"picked":"SKIP","floor":30.0},{"not_picked":["Storm of Steel","Corpse Explosion"],"picked":"Malaise","floor":33.0},{"not_picked":["Dagger Spray+1","Quick Slash+1"],"picked":"Backflip+1","floor":35.0},{"not_picked":["Poisoned Stab","Deadly Poison"],"picked":"PiercingWail+1","floor":38.0},{"not_picked":["Blade Dance+1","Flying Knee"],"picked":"PiercingWail+1","floor":39.0},{"not_picked":["Bullet Time","Outmaneuver+1","Dagger Spray+1"],"picked":"SKIP","floor":41.0},{"not_picked":["Finisher+1","Eviscerate"],"picked":"Well Laid Plans","floor":45.0},{"not_picked":["Deflect","Bouncing Flask","Acrobatics+1"],"picked":"SKIP","floor":47.0},{"not_picked":["Infinite Blades+1","Heel Hook+1"],"picked":"Well Laid Plans+1","floor":54.0}],"player_experience":233683,"relics_obtained":[{"floor":6.0,"key":"Nunchaku"},{"floor":11.0,"key":"Ancient Tea Set"},{"floor":12.0,"key":"Odd Mushroom"},{"floor":14.0,"key":"Strawberry"},{"floor":24.0,"key":"Centennial Puzzle"},{"floor":25.0,"key":"Meat on the Bone"},{"floor":26.0,"key":"Gremlin Horn"},{"floor":36.0,"key":"Happy Flower"},{"floor":41.0,"key":"Potion Belt"},{"floor":43.0,"key":"Bag of Marbles"},{"floor":54.0,"key":"Bottled Lightning"}],"event_choices":[{"cards_removed":["Strike_G"],"damage_healed":0.0,"max_hp_gain":0.0,"max_hp_loss":0.0,"gold_gain":0.0,"event_name":"The Cleric","player_choice":"Card Removal","floor":2.0,"gold_loss":50.0,"damage_taken":0.0},{"damage_healed":0.0,"max_hp_gain":0.0,"max_hp_loss":0.0,"gold_gain":0.0,"event_name":"Shining Light","player_choice":"Entered Light","floor":4.0,"gold_loss":0.0,"damage_taken":14.0,"cards_upgraded":["Survivor","Defend_G"]},{"damage_healed":0.0,"max_hp_gain":0.0,"max_hp_loss":0.0,"gold_gain":0.0,"event_name":"Mushrooms","player_choice":"Fought Mushrooms","floor":12.0,"gold_loss":0.0,"damage_taken":0.0},{"damage_healed":0.0,"max_hp_gain":0.0,"max_hp_loss":0.0,"gold_gain":0.0,"event_name":"The Library","player_choice":"Read","floor":20.0,"gold_loss":0.0,"damage_taken":0.0,"cards_obtained":["Noxious Fumes"]},{"damage_healed":0.0,"max_hp_gain":0.0,"max_hp_loss":0.0,"gold_gain":90.0,"event_name":"Knowing Skull","player_choice":"GOLD ","floor":27.0,"potions_obtained":[],"gold_loss":0.0,"damage_taken":14.0,"cards_obtained":[]},{"damage_healed":0.0,"max_hp_gain":0.0,"max_hp_loss":0.0,"gold_gain":0.0,"event_name":"Lab","player_choice":"Got Potions","floor":48.0,"gold_loss":0.0,"damage_taken":0.0}],"is_beta":false,"boss_relics":[{"not_picked":["Empty Cage","Busted Crown"],"picked":"Astrolabe"},{"not_picked":["White Beast Statue","Orrery"],"picked":"Eternal Feather"}],"items_purged_floors":[13,31],"is_endless":false,"potions_floor_spawned":[1,3,8,12,18,21,30,35,41,45,47],"ascension_level":2}