{"gold_per_floor":[118,118,128,146,165,196,196,196],"floor_reached":8,"playtime":2086,"items_purged":[],"score":58,"play_id":"4404209e-d3f5-4fbf-9b71-b1a35882dda4","local_time":"20190514123753","is_ascension_mode":false,"campfire_choices":[{"data":"Crippling Poison","floor":7,"key":"SMITH"}],"neow_cost":"NONE","seed_source_timestamp":0,"circlet_count":0,"master_deck":["Defend_G","Defend_G","Defend_G","Defend_G","Defend_G","Strike_G","Strike_G","Strike_G","Strike_G","Strike_G","Survivor","Neutralize","Backflip","Crippling Poison+1","Backflip","Infinite Blades"],"special_seed":0,"relics":["Ring of the Snake","Ginger","Mercury Hourglass"],"potions_floor_usage":[],"damage_taken":[{"damage":0.0,"enemies":"Small Slimes","floor":1.0,"turns":4.0},{"damage":4.0,"enemies":"Jaw Worm","floor":3.0,"turns":6.0},{"damage":0,"enemies":"Cultist","floor":4,"turns":3},{"damage":4,"enemies":"Blue Slaver","floor":5,"turns":4},{"damage":27,"enemies":"3 Sentries","floor":6,"turns":19},{"damage":24,"enemies":"Gremlin Nob","floor":8,"turns":3}],"seed_played":"2333103594239623724","potions_obtained":[{"floor":3,"key":"FearPotion"},{"floor":6,"key":"SpeedPotion"}],"is_trial":false,"path_per_floor":["M","?","M","M","M","E","R","E"],"character_chosen":"THE_SILENT","items_purchased":[],"campfire_rested":0,"item_purchase_floors":[],"current_hp_per_floor":[77,52,48,48,44,17,17,0],"gold":196,"neow_bonus":"TEN_PERCENT_HP_BONUS","is_prod":false,"is_daily":false,"chose_seed":false,"campfire_upgraded":1,"win_rate":0,"timestamp":1557817673,"path_taken":["M","?","M","M","M","E","R","E"],"build_version":"2019-01-23","purchased_purges":0,"victory":false,"max_hp_per_floor":[77,77,77,77,77,77,77,77],"card_choices":[{"not_picked":["Predator","Dagger Throw"],"picked":"Backflip","floor":1.0},{"not_picked":["Deflect","Underhanded Strike","Blade Dance"],"picked":"SKIP","floor":3},{"not_picked":["Dodge and Roll","Sucker Punch"],"picked":"Crippling Poison","floor":4},{"not_picked":["Prepared","Dodge and Roll"],"picked":"Backflip","floor":5},{"not_picked":["Calculated Gamble","Predator"],"picked":"Infinite Blades","floor":6}],"player_experience":278409,"relics_obtained":[{"floor":6,"key":"Mercury Hourglass"}],"event_choices":[{"damage_healed":0.0,"max_hp_gain":0.0,"max_hp_loss":0.0,"gold_gain":0.0,"event_name":"Scrap Ooze","player_choice":"Success","floor":2.0,"gold_loss":0.0,"damage_taken":25.0,"relics_obtained":["Ginger"]}],"is_beta":false,"boss_relics":[],"items_purged_floors":[],"is_endless":false,"potions_floor_spawned":[3,6],"killed_by":"Gremlin Nob","ascension_level":0}