{"gold_per_floor":[112,129,146,161,180,180,26,46,46,46,79,98,98,123,123,218,218,238,638,657,657,667,667],"floor_reached":23,"playtime":3317,"items_purged":[],"score":488,"play_id":"84596c2a-048b-46c7-9a87-c7e8cc56904f","local_time":"20190601215934","is_ascension_mode":true,"campfire_choices":[{"data":"Neutralize","floor":6.0,"key":"SMITH"},{"data":"Backstab","floor":10.0,"key":"SMITH"},{"data":"Skewer","floor":13.0,"key":"SMITH"},{"data":"Phantasmal Killer","floor":15.0,"key":"SMITH"}],"neow_cost":"NONE","seed_source_timestamp":1185210825170239,"circlet_count":0,"master_deck":["AscendersBane","Defend_G","Defend_G","Defend_G","Defend_G","Defend_G","Strike_G","Strike_G","Strike_G","Strike_G","Strike_G","Survivor","Neutralize+1","Dash","Backstab+1","Backstab","Backstab","Skewer+1","Phantasmal Killer+1","Night Terror","Blur","Decay","Dash+1"],"special_seed":0,"relics":["Ring of the Snake","NeowsBlessing","Bag of Preparation","FossilizedHelix","Shuriken","Mummified Hand","Black Star","Old Coin","Pantograph"],"potions_floor_usage":[22],"damage_taken":[{"damage":0.0,"enemies":"Cultist","floor":1.0,"turns":1.0},{"damage":0.0,"enemies":"Small Slimes","floor":2.0,"turns":1.0},{"damage":0.0,"enemies":"Jaw Worm","floor":3.0,"turns":1.0},{"damage":1.0,"enemies":"Looter","floor":4.0,"turns":3.0},{"damage":0.0,"enemies":"Blue Slaver","floor":5.0,"turns":2.0},{"damage":0.0,"enemies":"2 Fungi Beasts","floor":8.0,"turns":2.0},{"damage":0.0,"enemies":"3 Sentries","floor":11.0,"turns":8.0},{"damage":0.0,"enemies":"3 Louse","floor":12.0,"turns":2.0},{"damage":0.0,"enemies":"Lagavulin","floor":14.0,"turns":3.0},{"damage":0.0,"enemies":"Slime Boss","floor":16.0,"turns":10.0},{"damage":0.0,"enemies":"Chosen","floor":18.0,"turns":4.0},{"damage":4.0,"enemies":"Colosseum Slavers","floor":19.0,"turns":4.0},{"damage":0.0,"enemies":"Colosseum Nobs","floor":19.0,"turns":2.0},{"damage":2.0,"enemies":"3 Byrds","floor":20.0,"turns":8.0},{"damage":0,"enemies":"Centurion and Healer","floor":22,"turns":3},{"damage":69,"enemies":"Gremlin Leader","floor":23,"turns":9}],"seed_played":"3945737983005332938","potions_obtained":[{"floor":2.0,"key":"SkillPotion"},{"floor":12.0,"key":"AttackPotion"},{"floor":16.0,"key":"Energy Potion"}],"is_trial":false,"path_per_floor":["M","M","M","M","M","R","$","M","T","R","E","M","R","E","R","B",null,"M","?","M","?","M","E"],"character_chosen":"THE_SILENT","items_purchased":["Bag of Preparation"],"campfire_rested":0,"item_purchase_floors":[7],"current_hp_per_floor":[63,63,63,62,62,62,62,62,62,62,62,62,62,62,62,62,68,68,64,62,62,62,0],"gold":667,"neow_bonus":"THREE_ENEMY_KILL","is_prod":false,"is_daily":false,"chose_seed":false,"campfire_upgraded":4,"win_rate":0,"timestamp":1559406574,"path_taken":["M","M","?","?","?","R","$","M","T","R","E","M","R","E","R","BOSS","M","?","M","?","?","E"],"build_version":"2019-01-23","purchased_purges":0,"victory":false,"max_hp_per_floor":[70,70,70,70,70,70,70,70,70,70,70,70,70,70,70,70,70,70,70,70,70,70,70],"card_choices":[{"not_picked":["Prepared","Quick Slash","Acrobatics"],"picked":"SKIP","floor":1.0},{"not_picked":["All Out Attack","Dodge and Roll"],"picked":"Dash","floor":2.0},{"not_picked":["Quick Slash","Blur"],"picked":"Backstab","floor":3.0},{"not_picked":["Backflip","Slice"],"picked":"Backstab","floor":4.0},{"not_picked":["Backflip","Dagger Throw"],"picked":"Backstab","floor":5.0},{"not_picked":["Riddle With Holes","Sucker Punch","Underhanded Strike"],"picked":"SKIP","floor":8.0},{"not_picked":["Terror","Dagger Throw"],"picked":"Skewer","floor":12.0},{"not_picked":["PiercingWail","Prepared"],"picked":"Phantasmal Killer","floor":14.0},{"not_picked":["A Thousand Cuts","Venomology"],"picked":"Night Terror","floor":16.0},{"not_picked":["Flying Knee","Underhanded Strike"],"picked":"Blur","floor":18.0},{"not_picked":["Sucker Punch","Deadly Poison","Underhanded Strike"],"picked":"SKIP","floor":20.0},{"not_picked":["Deflect","Masterful Stab"],"picked":"Dash+1","floor":22}],"player_experience":1070926,"relics_obtained":[{"floor":9.0,"key":"FossilizedHelix"},{"floor":11.0,"key":"Shuriken"},{"floor":14.0,"key":"Mummified Hand"},{"floor":19.0,"key":"Old Coin"},{"floor":19.0,"key":"Pantograph"}],"event_choices":[{"damage_healed":0.0,"max_hp_gain":0.0,"max_hp_loss":0.0,"gold_gain":0.0,"event_name":"Colosseum","player_choice":"Fight","floor":19.0,"gold_loss":0.0,"damage_taken":0.0},{"damage_healed":0.0,"max_hp_gain":0.0,"max_hp_loss":0.0,"gold_gain":0.0,"event_name":"Colosseum","player_choice":"Fought Nobs","floor":19.0,"gold_loss":0.0,"damage_taken":0.0},{"damage_healed":0.0,"max_hp_gain":0.0,"max_hp_loss":0.0,"gold_gain":0.0,"event_name":"Forgotten Altar","player_choice":"Smashed Altar","floor":21.0,"gold_loss":0.0,"damage_taken":0.0,"cards_obtained":["Decay"]}],"is_beta":false,"boss_relics":[{"not_picked":["HoveringKite","White Beast Statue"],"picked":"Black Star"}],"items_purged_floors":[],"is_endless":false,"potions_floor_spawned":[2,12,16,18,19],"killed_by":"Gremlin Leader","ascension_level":12}