{"gold_per_floor":[119,50,50,50,50,93,93,106,106,139,139,178,196,210,210,210],"floor_reached":16,"playtime":723,"items_purged":[],"score":124,"play_id":"e650bc37-cebb-4c9e-b591-f783a9bd6a5b","local_time":"20190603205957","is_ascension_mode":true,"campfire_choices":[{"data":"True Grit","floor":7,"key":"SMITH"},{"floor":11,"key":"REST"},{"data":"True Grit","floor":15,"key":"SMITH"}],"neow_cost":"TEN_PERCENT_HP_LOSS","seed_source_timestamp":5547454293006,"circlet_count":0,"master_deck":["Strike_R","Strike_R","Strike_R","Strike_R","Defend_R+1","Defend_R","Defend_R+1","Bash","Sword Boomerang","Limit Break+1","True Grit+1","Anger","Sword Boomerang","Body Slam","Dropkick","True Grit+1"],"relics":["Burning Blood","Golden Idol","Mercury Hourglass","Pantograph","WingedGreaves","Regal Pillow","War Paint"],"potions_floor_usage":[10,16],"damage_taken":[{"damage":11,"enemies":"Jaw Worm","floor":1,"turns":5},{"damage":20,"enemies":"Gremlin Nob","floor":6,"turns":4},{"damage":5,"enemies":"Small Slimes","floor":8,"turns":3},{"damage":26,"enemies":"Lagavulin","floor":10,"turns":6},{"damage":42,"enemies":"Gremlin Nob","floor":12,"turns":5},{"damage":0,"enemies":"Cultist","floor":13,"turns":2},{"damage":8,"enemies":"Gremlin Gang","floor":14,"turns":4},{"damage":48,"enemies":"The Guardian","floor":16,"turns":9}],"seed_played":"-8923552835743659050","potions_obtained":[{"floor":1,"key":"Energy Potion"},{"floor":8,"key":"Regen Potion"},{"floor":12,"key":"Poison Potion"},{"floor":14,"key":"LiquidBronze"}],"is_trial":false,"path_per_floor":["M","$","?","?","?","E","R","M","T","E","R","E","M","M","R","B"],"character_chosen":"IRONCLAD","items_purchased":["Limit Break"],"campfire_rested":1,"item_purchase_floors":[2],"current_hp_per_floor":[67,67,49,37,37,23,23,24,24,19,55,19,25,23,23,0],"gold":210,"neow_bonus":"REMOVE_TWO","is_prod":false,"is_daily":false,"chose_seed":false,"campfire_upgraded":2,"win_rate":0,"timestamp":1559591997,"path_taken":["M","$","?","?","?","E","R","?","T","E","R","E","M","M","R","BOSS"],"build_version":"2019-01-23","purchased_purges":0,"victory":false,"max_hp_per_floor":[72,72,72,72,72,72,72,72,72,72,72,72,72,72,72,72],"card_choices":[{"not_picked":["Cleave","Hemokinesis"],"picked":"Sword Boomerang","floor":1},{"not_picked":["Clothesline","Exhume"],"picked":"True Grit","floor":6},{"not_picked":["Second Wind","Searing Blow"],"picked":"Anger","floor":8},{"not_picked":["Double Tap","Pommel Strike"],"picked":"Sword Boomerang","floor":10},{"not_picked":["Sword Boomerang","Carnage"],"picked":"Body Slam","floor":12},{"not_picked":["Clash","Anger"],"picked":"Dropkick","floor":13},{"not_picked":["Clothesline","Sentinel"],"picked":"True Grit","floor":14}],"player_experience":747865,"relics_obtained":[{"floor":6,"key":"Pantograph"},{"floor":9,"key":"WingedGreaves"},{"floor":10,"key":"Regal Pillow"},{"floor":12,"key":"War Paint"}],"event_choices":[{"damage_healed":0,"gold_gain":0,"player_choice":"Take Damage","damage_taken":18,"relics_obtained":["Golden Idol"],"max_hp_gain":0,"max_hp_loss":0,"event_name":"Golden Idol","floor":3,"gold_loss":0},{"damage_healed":0,"gold_gain":0,"player_choice":"Success","damage_taken":12,"relics_obtained":["Mercury Hourglass"],"max_hp_gain":0,"max_hp_loss":0,"event_name":"Scrap Ooze","floor":4,"gold_loss":0},{"damage_healed":0,"gold_gain":0,"player_choice":"Forge","damage_taken":0,"max_hp_gain":0,"max_hp_loss":0,"event_name":"Accursed Blacksmith","floor":5,"gold_loss":0,"cards_upgraded":["Limit Break"]}],"is_beta":false,"boss_relics":[],"items_purged_floors":[],"is_endless":false,"potions_floor_spawned":[1,8,12,14],"killed_by":"The Guardian","ascension_level":1}