{"gold_per_floor":[110,110,33,47,65,65,75,75,75,75,102,114,114,134,134,232,232,251,251,265,265,265,265,285,285,285,163,182,194,211,136,136,241,241,251,267,319,319,329,75,75],"floor_reached":41,"playtime":4824,"items_purged":["Defend_R","Bite"],"score":410,"play_id":"a9200a96-8465-4b86-9847-8215f78df219","local_time":"20190110002816","is_ascension_mode":false,"campfire_choices":[{"data":"Whirlwind","floor":6,"key":"SMITH"},{"data":"Body Slam","floor":8,"key":"SMITH"},{"data":"True Grit","floor":13,"key":"SMITH"},{"data":"Inflame","floor":15,"key":"SMITH"},{"data":"True Grit","floor":23,"key":"SMITH"},{"data":"Demon Form","floor":25,"key":"SMITH"},{"data":"Body Slam","floor":32,"key":"SMITH"}],"neow_cost":"NONE","seed_source_timestamp":6503206667386,"circlet_count":0,"master_deck":["Defend_R","Defend_R","Bash+1","Battle Trance","Whirlwind+1","Shrug It Off","Flex","Body Slam+1","Shrug It Off","True Grit+1","Inflame+1","Demon Form+1","True Grit+1","Bite","Bite+1","Bite","Bite+1","Body Slam+1","Heavy Blade","Reaper"],"relics":["Burning Blood","Dodecahedron","Pear","Odd Mushroom","Sozu","Anchor","Velvet Choker","Incense Burner","Whetstone"],"potions_floor_usage":[16,37,37],"damage_taken":[{"damage":1,"enemies":"2 Louse","floor":1,"turns":3},{"damage":8,"enemies":"Small Slimes","floor":4,"turns":2},{"damage":1,"enemies":"Jaw Worm","floor":5,"turns":4},{"damage":9,"enemies":"Blue Slaver","floor":7,"turns":4},{"damage":0,"enemies":"The Mushroom Lair","floor":11,"turns":1},{"damage":11,"enemies":"Large Slime","floor":12,"turns":5},{"damage":0,"enemies":"Exordium Wildlife","floor":14,"turns":5},{"damage":55,"enemies":"Hexaghost","floor":16,"turns":7},{"damage":0,"enemies":"3 Byrds","floor":18,"turns":3},{"damage":8,"enemies":"Spheric Guardian","floor":20,"turns":5},{"damage":39,"enemies":"Snake Plant","floor":24,"turns":6},{"damage":9,"enemies":"Shelled Parasite and Fungi","floor":28,"turns":5},{"damage":11,"enemies":"Centurion and Healer","floor":29,"turns":7},{"damage":12,"enemies":"Snake Plant","floor":30,"turns":3},{"damage":5,"enemies":"Champ","floor":33,"turns":10},{"damage":20,"enemies":"3 Shapes","floor":35,"turns":2},{"damage":10,"enemies":"3 Darklings","floor":36,"turns":4},{"damage":49,"enemies":"2 Orb Walkers","floor":37,"turns":5},{"damage":55,"enemies":"Transient","floor":39,"turns":5},{"damage":37,"enemies":"Nemesis","floor":41,"turns":2}],"seed_played":"9012081784589970978","potions_obtained":[{"floor":5,"key":"LiquidBronze"},{"floor":11,"key":"PowerPotion"},{"floor":16,"key":"Strength Potion"}],"is_trial":false,"path_per_floor":["M","?","$","M","M","R","M","R","T","?","?","M","R","M","R","B",null,"M","?","M","?","?","R","M","R","T","$","M","M","M","?","R","B",null,"M","M","?","?","M","$","E"],"character_chosen":"IRONCLAD","items_purchased":["Whirlwind","Body Slam","Whetstone"],"campfire_rested":0,"item_purchase_floors":[3,27,40],"current_hp_per_floor":[80,80,80,78,80,80,77,77,77,84,90,85,85,90,90,41,90,90,90,88,88,63,63,38,38,38,38,41,48,50,50,50,63,63,49,53,28,55,23,23,0],"gold":75,"neow_bonus":"UPGRADE_CARD","is_prod":false,"is_daily":false,"chose_seed":false,"campfire_upgraded":7,"win_rate":0.0,"timestamp":1547101696,"path_taken":["M","?","$","M","M","R","M","R","T","?","?","M","R","M","R","BOSS","M","?","M","?","?","R","M","R","T","$","M","M","?","?","R","BOSS","M","M","?","?","M","$","E"],"build_version":"2019-01-03v4","purchased_purges":2,"victory":false,"max_hp_per_floor":[80,80,80,80,80,80,80,80,80,90,90,90,90,90,90,90,90,90,90,90,90,63,63,63,63,63,63,63,63,63,63,63,63,63,63,63,63,55,55,55,55],"card_choices":[{"not_picked":["Anger","Flex"],"picked":"Battle Trance","floor":1},{"not_picked":["Pummel","Feel No Pain"],"picked":"Shrug It Off","floor":4},{"not_picked":["Clash","Clothesline"],"picked":"Flex","floor":5},{"not_picked":["Brutality","Disarm"],"picked":"Body Slam","floor":7},{"not_picked":["Clash","Searing Blow"],"picked":"Shrug It Off","floor":11},{"not_picked":["Anger","Armaments"],"picked":"True Grit","floor":12},{"not_picked":["Cleave","Warcry"],"picked":"Inflame","floor":14},{"not_picked":["Offering","Limit Break"],"picked":"Demon Form","floor":16},{"not_picked":["Clothesline","Clash+1","Ghostly Armor"],"picked":"SKIP","floor":18},{"not_picked":["Shrug It Off","Uppercut","Perfected Strike+1"],"picked":"SKIP","floor":20},{"not_picked":["Twin Strike","Headbutt+1","Cleave"],"picked":"SKIP","floor":24},{"not_picked":["Clash+1","Intimidate"],"picked":"Heavy Blade","floor":28},{"not_picked":["Warcry+1","Brutality","Cleave"],"picked":"SKIP","floor":29},{"not_picked":["Warcry","Headbutt","Hemokinesis+1"],"picked":"SKIP","floor":30},{"not_picked":["Brutality","Fiend Fire"],"picked":"Reaper","floor":33},{"not_picked":["Pommel Strike+1","Hemokinesis+1","Spot Weakness"],"picked":"SKIP","floor":35},{"not_picked":["Twin Strike+1","Rupture+1","True Grit+1"],"picked":"SKIP","floor":36},{"not_picked":["Ghostly Armor","Combust","Fire Breathing+1"],"picked":"SKIP","floor":39}],"player_experience":44887,"relics_obtained":[{"floor":9,"key":"Dodecahedron"},{"floor":11,"key":"Odd Mushroom"},{"floor":26,"key":"Anchor"},{"floor":37,"key":"Incense Burner"}],"event_choices":[{"damage_healed":0,"gold_gain":0,"player_choice":"Ignored","damage_taken":0,"max_hp_gain":0,"max_hp_loss":0,"event_name":"Liars Game","floor":2,"gold_loss":0},{"damage_healed":0,"gold_gain":0,"player_choice":"Success","damage_taken":3,"relics_obtained":["Pear"],"max_hp_gain":0,"max_hp_loss":0,"event_name":"Scrap Ooze","floor":10,"gold_loss":0},{"damage_healed":0,"gold_gain":0,"player_choice":"Fought Mushrooms","damage_taken":0,"max_hp_gain":0,"max_hp_loss":0,"event_name":"Mushrooms","floor":11,"gold_loss":0},{"damage_healed":0,"gold_gain":0,"player_choice":"Read","damage_taken":0,"max_hp_gain":0,"max_hp_loss":0,"event_name":"The Library","floor":19,"gold_loss":0,"cards_obtained":["True Grit"]},{"damage_healed":0,"gold_gain":0,"player_choice":"Ignored","damage_taken":0,"max_hp_gain":0,"max_hp_loss":0,"event_name":"Ghosts","floor":21,"gold_loss":0},{"damage_healed":0,"gold_gain":0,"player_choice":"Became a vampire","damage_taken":0,"max_hp_gain":0,"max_hp_loss":27,"event_name":"Vampires","floor":22,"gold_loss":0,"cards_obtained":["Bite","Bite","Bite","Bite","Bite"]},{"cards_removed":["Defend_R"],"damage_healed":0,"gold_gain":0,"player_choice":"Gave Gold","damage_taken":0,"max_hp_gain":0,"max_hp_loss":0,"event_name":"Beggar","floor":31,"gold_loss":75},{"damage_healed":0,"gold_gain":0,"player_choice":"Fight","damage_taken":0,"max_hp_gain":0,"max_hp_loss":0,"event_name":"Mysterious Sphere","floor":37,"gold_loss":0},{"damage_healed":55,"gold_gain":0,"player_choice":"Heal","damage_taken":0,"max_hp_gain":0,"max_hp_loss":8,"event_name":"The Moai Head","floor":38,"gold_loss":0}],"is_beta":false,"boss_relics":[{"not_picked":["Orrery","Snecko Eye"],"picked":"Sozu"},{"not_picked":["Calling Bell","Cursed Key"],"picked":"Velvet Choker"}],"items_purged_floors":[27,40],"is_endless":false,"potions_floor_spawned":[5,11,16,24,29,37,39],"killed_by":"Nemesis","ascension_level":0}