{"gold_per_floor":[117,134,152,202,219,219,236,236,236,14,14,14,14,33,33,106,106,121,121,35,35,46,46,64,64,64,64],"floor_reached":27,"playtime":663,"items_purged":[],"score":396,"play_id":"c31b6450-773e-4d11-9cac-5997f0afb736","local_time":"20190425004015","is_ascension_mode":true,"campfire_choices":[{"data":"Whirlwind","floor":6.0,"key":"SMITH"},{"data":"Armaments","floor":8.0,"key":"SMITH"},{"floor":11.0,"key":"REST"},{"data":"Disarm","floor":15.0,"key":"SMITH"},{"floor":23.0,"key":"REST"},{"data":"Immolate","floor":25.0,"key":"SMITH"}],"neow_cost":"NONE","seed_source_timestamp":982639257839971,"circlet_count":0,"master_deck":["AscendersBane","Strike_R","Strike_R","Defend_R","Defend_R","Defend_R","Defend_R","Bash","Exhume","Clothesline","Flame Barrier","Whirlwind+1","Disarm+1","Armaments+1","Immolate+1","Warcry","Double Tap","Feel No Pain","Reckless Charge","Pummel"],"special_seed":0,"relics":["Burning Blood","Dead Branch","Medical Kit","Enchiridion","Nloth\u0027s Gift"],"potions_floor_usage":[27],"damage_taken":[{"damage":9.0,"enemies":"2 Louse","floor":1.0,"turns":4.0},{"damage":7.0,"enemies":"Cultist","floor":2.0,"turns":4.0},{"damage":7.0,"enemies":"Jaw Worm","floor":3.0,"turns":3.0},{"damage":44.0,"enemies":"Large Slime","floor":5.0,"turns":6.0},{"damage":6.0,"enemies":"Looter","floor":7.0,"turns":3.0},{"damage":14.0,"enemies":"Red Slaver","floor":14.0,"turns":5.0},{"damage":18.0,"enemies":"Hexaghost","floor":16.0,"turns":12.0},{"damage":22.0,"enemies":"Spheric Guardian","floor":18.0,"turns":4.0},{"damage":7.0,"enemies":"3 Byrds","floor":22.0,"turns":8.0},{"damage":9.0,"enemies":"Snecko","floor":24.0,"turns":4.0},{"damage":45,"enemies":"Slavers","floor":27,"turns":2}],"seed_played":"5041203798677018233","potions_obtained":[{"floor":2.0,"key":"AttackPotion"},{"floor":14.0,"key":"SneckoOil"},{"floor":16.0,"key":"AttackPotion"},{"floor":24.0,"key":"Dexterity Potion"}],"is_trial":false,"path_per_floor":["M","M","M","?","M","R","M","R","T","$","R","?","?","M","R","B",null,"M","?","$","?","M","R","M","R","T","E"],"character_chosen":"IRONCLAD","items_purchased":["Medical Kit","Reckless Charge"],"campfire_rested":2,"item_purchase_floors":[10,20],"current_hp_per_floor":[65,64,63,56,18,18,18,18,18,18,40,40,40,32,32,20,61,45,24,24,24,23,45,42,42,42,0],"gold":64,"neow_bonus":"ONE_RANDOM_RARE_CARD","is_prod":false,"is_daily":false,"chose_seed":false,"campfire_upgraded":4,"win_rate":0,"timestamp":1556120415,"path_taken":["M","M","M","?","M","R","?","R","T","$","R","?","?","M","R","BOSS","M","?","$","?","M","R","M","R","T","E"],"build_version":"2019-01-23","purchased_purges":0,"victory":false,"max_hp_per_floor":[75,75,75,75,75,75,75,75,75,75,75,75,75,75,75,75,75,75,75,75,75,75,75,75,75,75,75],"card_choices":[{"not_picked":["Pummel","True Grit"],"picked":"Clothesline","floor":1.0},{"not_picked":["Intimidate","Pommel Strike"],"picked":"Flame Barrier","floor":2.0},{"not_picked":["Anger","Second Wind"],"picked":"Whirlwind","floor":3.0},{"not_picked":["Pommel Strike","Power Through"],"picked":"Disarm","floor":5.0},{"not_picked":["True Grit","Anger"],"picked":"Armaments","floor":7.0},{"not_picked":["Headbutt","Pommel Strike"],"picked":"Warcry","floor":14.0},{"not_picked":["Brutality","Bludgeon"],"picked":"Double Tap","floor":16.0},{"not_picked":["Body Slam","Anger"],"picked":"Feel No Pain","floor":18.0},{"not_picked":["Flame Barrier","Perfected Strike","Juggernaut"],"picked":"SKIP","floor":22.0},{"not_picked":["Clash","Heavy Blade+1"],"picked":"Pummel","floor":24.0}],"player_experience":463504,"relics_obtained":[{"floor":9.0,"key":"Dead Branch"},{"floor":19.0,"key":"Enchiridion"}],"event_choices":[{"damage_healed":0.0,"max_hp_gain":0.0,"max_hp_loss":0.0,"gold_gain":50.0,"event_name":"FaceTrader","player_choice":"Touch","floor":4.0,"gold_loss":0.0,"damage_taken":7.0},{"damage_healed":0.0,"max_hp_gain":0.0,"max_hp_loss":0.0,"gold_gain":0.0,"cards_transformed":["Strike_R"],"event_name":"Living Wall","player_choice":"Change","floor":12.0,"gold_loss":0.0,"damage_taken":0.0,"cards_obtained":["Immolate"]},{"damage_healed":0.0,"max_hp_gain":0.0,"max_hp_loss":0.0,"gold_gain":0.0,"event_name":"Liars Game","player_choice":"Ignored","floor":13.0,"gold_loss":0.0,"damage_taken":0.0},{"damage_healed":0.0,"max_hp_gain":0.0,"max_hp_loss":0.0,"gold_gain":0.0,"event_name":"Cursed Tome","player_choice":"Obtained Book","floor":19.0,"gold_loss":0.0,"damage_taken":21.0},{"damage_healed":0.0,"max_hp_gain":0.0,"max_hp_loss":0.0,"gold_gain":0.0,"event_name":"N\u0027loth","player_choice":"Traded Relic","floor":21.0,"relics_lost":["Empty Cage"],"gold_loss":0.0,"damage_taken":0.0,"relics_obtained":["Nloth\u0027s Gift"]}],"is_beta":false,"boss_relics":[{"not_picked":["Pandora\u0027s Box","Busted Crown"],"picked":"Empty Cage"}],"items_purged_floors":[],"is_endless":false,"potions_floor_spawned":[2,14,16,24],"killed_by":"Slavers","ascension_level":19}