{"gold_per_floor":[110,120,120,136,152,152,168,168,194,194,34,48,62,93,93,192,192,205,13,13,26,26,26,53,53,53,53,73,102,102,152,152,152],"floor_reached":33,"playtime":2760,"items_purged":[],"score":285,"play_id":"6bb1902b-400d-4597-99e7-629c3fc23ad0","local_time":"20190213181818","is_ascension_mode":false,"campfire_choices":[{"data":"Infinite Blades","floor":6,"key":"SMITH"},{"data":"Caltrops","floor":8,"key":"SMITH"},{"data":"Bouncing Flask","floor":10,"key":"SMITH"},{"floor":15,"key":"REST"},{"data":"Dash","floor":23,"key":"SMITH"},{"floor":25,"key":"REST"},{"floor":27,"key":"REST"},{"floor":32,"key":"REST"}],"neow_cost":"NONE","seed_source_timestamp":74663049819153,"circlet_count":0,"master_deck":["Defend_G","Defend_G","Defend_G","Defend_G","Defend_G+1","Strike_G","Strike_G","Strike_G","Strike_G","Survivor","Neutralize","Glass Knife+1","Caltrops+1","Tactician+1","Infinite Blades+1","Bouncing Flask","Bouncing Flask+1","Enlightenment","Outmaneuver","Dagger Spray","Dash+1","All Out Attack","Skewer","Burst","Backflip+1","Mayhem","Iron Wave","Well Laid Plans","Well Laid Plans+1","Choke+1","Bullet Time"],"relics":["Ring of the Snake","War Paint","Juzu Bracelet","Sozu","Orichalcum","Gremlin Horn","WingedGreaves","SsserpentHead","Snake Skull"],"potions_floor_usage":[29,29],"damage_taken":[{"damage":0,"enemies":"2 Louse","floor":1,"turns":2},{"damage":1,"enemies":"Cultist","floor":2,"turns":3},{"damage":3,"enemies":"Jaw Worm","floor":4,"turns":3},{"damage":1,"enemies":"Exordium Wildlife","floor":5,"turns":3},{"damage":0,"enemies":"Large Slime","floor":7,"turns":5},{"damage":12,"enemies":"Looter","floor":12,"turns":3},{"damage":10,"enemies":"2 Fungi Beasts","floor":13,"turns":3},{"damage":13,"enemies":"Lagavulin","floor":14,"turns":4},{"damage":27,"enemies":"Hexaghost","floor":16,"turns":9},{"damage":10,"enemies":"Spheric Guardian","floor":18,"turns":3},{"damage":10,"enemies":"3 Byrds","floor":21,"turns":3},{"damage":32,"enemies":"Slavers","floor":24,"turns":6},{"damage":25,"enemies":"Shelled Parasite and Fungi","floor":28,"turns":5},{"damage":22,"enemies":"Book of Stabbing","floor":29,"turns":6},{"damage":36,"enemies":"Champ","floor":33,"turns":8}],"seed_played":"-8850404514494416618","potions_obtained":[{"floor":1,"key":"Dexterity Potion"},{"floor":5,"key":"FearPotion"},{"floor":7,"key":"Block Potion"},{"floor":14,"key":"Weak Potion"}],"is_trial":false,"path_per_floor":["?","M","?","?","T"],"character_chosen":"THE_SILENT","items_purchased":["Enlightenment","Outmaneuver","Dagger Spray","Mayhem"],"campfire_rested":4,"item_purchase_floors":[11,11,11,19],"current_hp_per_floor":[70,69,69,66,65,65,65,65,65,65,65,53,43,30,51,24,70,60,60,60,50,50,50,18,39,39,60,35,13,13,13,34,0],"gold":152,"neow_bonus":"ONE_RANDOM_RARE_CARD","is_prod":false,"is_daily":false,"chose_seed":false,"campfire_upgraded":4,"win_rate":0.0,"timestamp":1550099898,"path_taken":["M","M","?","M","M","R","?","R","T","R","$","M","M","E","R","BOSS","M","$","?","M","$","R","E","R","T","R","M","E","?","?","R","BOSS"],"build_version":"2019-01-23","purchased_purges":0,"victory":false,"max_hp_per_floor":[70,70,70,70,70,70,70,70,70,70,70,70,70,70,70,70,70,70,70,70,70,70,70,70,70,70,70,70,70,70,70,70,70],"card_choices":[{"not_picked":["Distraction","Backflip"],"picked":"Caltrops","floor":1},{"not_picked":["Catalyst","Finisher"],"picked":"Tactician","floor":2},{"not_picked":["Flechettes","Outmaneuver"],"picked":"Infinite Blades","floor":4},{"not_picked":["Sucker Punch","Poisoned Stab"],"picked":"Bouncing Flask","floor":5},{"not_picked":["Slice","Riddle With Holes"],"picked":"Bouncing Flask","floor":7},{"not_picked":["Acrobatics","Noxious Fumes"],"picked":"Dash","floor":12},{"not_picked":["Underhanded Strike","Quick Slash"],"picked":"All Out Attack","floor":13},{"not_picked":["Quick Slash","Slice"],"picked":"Skewer","floor":14},{"not_picked":["Malaise","After Image"],"picked":"Burst","floor":16},{"not_picked":["Bane","PiercingWail"],"picked":"Backflip+1","floor":18},{"not_picked":["Outmaneuver","Flying Knee+1"],"picked":"Well Laid Plans","floor":21},{"not_picked":["Expertise","Underhanded Strike+1"],"picked":"Well Laid Plans+1","floor":24},{"not_picked":["Backstab","Quick Slash"],"picked":"Choke+1","floor":28},{"not_picked":["Terror+1","Blade Dance"],"picked":"Bullet Time","floor":29}],"player_experience":10057,"relics_obtained":[{"floor":9,"key":"War Paint"},{"floor":14,"key":"Juzu Bracelet"},{"floor":24,"key":"Orichalcum"},{"floor":26,"key":"Gremlin Horn"},{"floor":29,"key":"WingedGreaves"},{"floor":31,"key":"Snake Skull"}],"event_choices":[{"damage_healed":0,"gold_gain":0,"player_choice":"Upgraded","damage_taken":0,"max_hp_gain":0,"max_hp_loss":0,"event_name":"Upgrade Shrine","floor":3,"gold_loss":0,"cards_upgraded":["Glass Knife"]},{"cards_removed":["Strike_G"],"damage_healed":0,"gold_gain":0,"player_choice":"Took Card","damage_taken":0,"max_hp_gain":0,"max_hp_loss":0,"event_name":"NoteForYourself","floor":20,"gold_loss":0,"cards_obtained":["Iron Wave"]},{"damage_healed":0,"gold_gain":0,"player_choice":"Trade","damage_taken":0,"relics_obtained":["SsserpentHead"],"max_hp_gain":0,"max_hp_loss":0,"event_name":"FaceTrader","floor":30,"gold_loss":0}],"is_beta":false,"boss_relics":[{"not_picked":["Black Star","Runic Pyramid"],"picked":"Sozu"}],"items_purged_floors":[],"is_endless":false,"potions_floor_spawned":[1,5,7,13,14,24,29],"killed_by":"Champ","ascension_level":0}