{"gold_per_floor":[113,132,82,94,108,108,108,11,61,72,72,83,103,113,113,218,218,238,238,250,29,44,44,144,177,224,224,240,268,268,268,268,364,364,381,102,102,21,34,34,62,76,76,76,76,92,92,92,92,92],"floor_reached":51,"playtime":3164,"items_purged":["Strike_B"],"score":781,"play_id":"47335a63-19ca-4b47-b731-432e3d631327","local_time":"20190323111713","is_ascension_mode":true,"campfire_choices":[{"data":"Chaos","floor":6,"key":"SMITH"},{"data":"Echo Form","floor":11,"key":"SMITH"},{"floor":15,"key":"REST"},{"floor":23,"key":"REST"},{"floor":27,"key":"REST"},{"floor":32,"key":"REST"},{"data":"Chill","floor":40,"key":"SMITH"},{"floor":45,"key":"REST"},{"floor":47,"key":"REST"},{"data":"Thunder Strike","floor":49,"key":"SMITH"}],"neow_cost":"NONE","seed_source_timestamp":135876874955118,"circlet_count":0,"master_deck":["Strike_B+1","Defend_B","Defend_B","Defend_B","Zap","Dualcast","Impatience","Storm","Chaos+1","Storm","Storm","Leap","Sweeping Beam","Echo Form+1","Steam","Self Repair","Coolheaded","Electrodynamics","Turbo","Heatsinks","Loop","Turbo","Auto Shields","Leap+1","Stack","Thunder Strike+1","Steam+1","Defragment","Thinking Ahead","Self Repair","Defragment","Chill+1","BootSequence"],"relics":["Cracked Core","Bronze Scales","Runic Pyramid","DataDisk","Potion Belt","Whetstone","Orichalcum","MutagenicStrength","Philosopher\u0027s Stone","Strawberry"],"potions_floor_usage":[16,25,29,33,33,33,42,50],"damage_taken":[{"damage":6,"enemies":"2 Louse","floor":1,"turns":2},{"damage":1,"enemies":"Cultist","floor":2,"turns":3},{"damage":2,"enemies":"Jaw Worm","floor":4,"turns":4},{"damage":12,"enemies":"Exordium Thugs","floor":5,"turns":5},{"damage":7,"enemies":"Looter","floor":10,"turns":3},{"damage":9,"enemies":"Blue Slaver","floor":12,"turns":3},{"damage":6,"enemies":"Large Slime","floor":13,"turns":4},{"damage":3,"enemies":"Red Slaver","floor":14,"turns":3},{"damage":24,"enemies":"Hexaghost","floor":16,"turns":10},{"damage":11,"enemies":"Shell Parasite","floor":18,"turns":4},{"damage":1,"enemies":"Chosen","floor":20,"turns":4},{"damage":52,"enemies":"Shelled Parasite and Fungi","floor":22,"turns":5},{"damage":20,"enemies":"Slavers","floor":25,"turns":2},{"damage":7,"enemies":"3 Cultists","floor":28,"turns":3},{"damage":58,"enemies":"Gremlin Leader","floor":29,"turns":4},{"damage":18,"enemies":"Champ","floor":33,"turns":7},{"damage":18,"enemies":"Orb Walker","floor":35,"turns":4},{"damage":40,"enemies":"3 Shapes","floor":39,"turns":4},{"damage":18,"enemies":"Nemesis","floor":41,"turns":5},{"damage":32,"enemies":"Maw","floor":42,"turns":6},{"damage":0,"enemies":"4 Shapes","floor":46,"turns":4},{"damage":19,"enemies":"Donu and Deca","floor":50,"turns":4}],"seed_played":"-1619409459648941006","potions_obtained":[{"floor":1,"key":"FearPotion"},{"floor":2,"key":"Block Potion"},{"floor":5,"key":"FocusPotion"},{"floor":16,"key":"FocusPotion"},{"floor":19,"key":"SkillPotion"},{"floor":25,"key":"Explosive Potion"},{"floor":28,"key":"Block Potion"},{"floor":29,"key":"SteroidPotion"},{"floor":41,"key":"EssenceOfSteel"},{"floor":46,"key":"Regen Potion"}],"is_trial":false,"path_per_floor":["?","?","?","$","?","M","?","?","?","M","?"],"character_chosen":"DEFECT","items_purchased":["Leap","Sweeping Beam","DataDisk","Loop","Defragment","Thinking Ahead","Defragment"],"campfire_rested":6,"item_purchase_floors":[8,8,21,21,36,36,38],"current_hp_per_floor":[69,68,68,66,54,54,47,47,47,40,40,31,25,29,51,34,75,71,71,75,75,30,52,52,39,39,61,61,10,1,1,23,12,75,64,64,64,64,52,52,48,30,30,30,54,61,82,82,82,75],"gold":92,"neow_bonus":"RANDOM_COLORLESS","is_prod":false,"is_daily":false,"chose_seed":false,"campfire_upgraded":4,"win_rate":0,"timestamp":1553354233,"path_taken":["M","M","?","M","M","R","?","$","T","M","R","M","M","M","R","BOSS","M","?","M","?","M","R","?","E","T","R","?","E","?","?","R","BOSS","M","$","?","$","M","R","E","?","T","$","R","M","R","?","R","BOSS"],"build_version":"2019-01-23","purchased_purges":1,"victory":true,"max_hp_per_floor":[75,75,75,75,75,75,75,75,75,75,75,75,75,75,75,75,75,75,75,75,75,75,75,75,75,75,75,75,75,75,75,75,75,75,75,75,75,75,75,75,82,82,82,82,82,82,82,82,82,82],"card_choices":[{"not_picked":["Turbo","Tempest"],"picked":"Storm","floor":1},{"not_picked":["Sweeping Beam","Beam Cell"],"picked":"Chaos","floor":2},{"not_picked":["Leap","Aggregate"],"picked":"Storm","floor":4},{"not_picked":["Melter","Gash"],"picked":"Storm","floor":5},{"not_picked":["Cold Snap","Glacier"],"picked":"Echo Form","floor":10},{"not_picked":["Gash","Compile Driver"],"picked":"Steam","floor":12},{"not_picked":["Barrage","Conserve Battery"],"picked":"Self Repair","floor":13},{"not_picked":["Sweeping Beam","Ball Lightning"],"picked":"Coolheaded","floor":14},{"not_picked":["Core Surge","Rainbow"],"picked":"Electrodynamics","floor":16},{"not_picked":["Heatsinks","Coolheaded"],"picked":"Turbo","floor":18},{"not_picked":["Steam","Auto Shields+1"],"picked":"Heatsinks","floor":20},{"not_picked":["Leap","Sweeping Beam"],"picked":"Turbo","floor":22},{"not_picked":["FTL","Leap"],"picked":"Auto Shields","floor":25},{"not_picked":["Compile Driver","Rebound+1"],"picked":"Leap+1","floor":28},{"not_picked":["Reinforced Body","Steam"],"picked":"Stack","floor":29},{"not_picked":["Machine Learning","Core Surge"],"picked":"Thunder Strike","floor":33},{"not_picked":["Auto Shields","Streamline+1"],"picked":"Steam+1","floor":35},{"not_picked":["Redo+1","Gash+1"],"picked":"Chill","floor":39},{"not_picked":["Undo","Compile Driver+1"],"picked":"BootSequence","floor":41},{"not_picked":["Streamline+1","Ball Lightning","Beam Cell"],"picked":"SKIP","floor":42},{"not_picked":["Recycle+1","Redo","Cold Snap"],"picked":"SKIP","floor":46}],"player_experience":313840,"relics_obtained":[{"floor":9,"key":"Bronze Scales"},{"floor":25,"key":"Potion Belt"},{"floor":26,"key":"Whetstone"},{"floor":29,"key":"Orichalcum"},{"floor":41,"key":"Strawberry"}],"event_choices":[{"cards_removed":["Strike_B"],"damage_healed":0,"gold_gain":0,"player_choice":"Card Removal","damage_taken":0,"max_hp_gain":0,"max_hp_loss":0,"event_name":"The Cleric","floor":3,"gold_loss":50},{"cards_removed":["Defend_B"],"damage_healed":0,"gold_gain":0,"player_choice":"Card Removal","damage_taken":7,"max_hp_gain":0,"max_hp_loss":0,"event_name":"Golden Wing","floor":7,"gold_loss":0},{"damage_healed":0,"gold_gain":0,"player_choice":"Got Potions","damage_taken":0,"max_hp_gain":0,"max_hp_loss":0,"event_name":"Lab","floor":19,"gold_loss":0},{"damage_healed":0,"gold_gain":100,"player_choice":"Pray","damage_taken":0,"max_hp_gain":0,"max_hp_loss":0,"event_name":"Golden Shrine","floor":24,"gold_loss":0},{"damage_healed":0,"gold_gain":0,"player_choice":"Stopped","damage_taken":9,"max_hp_gain":0,"max_hp_loss":0,"event_name":"Cursed Tome","floor":30,"gold_loss":0},{"damage_healed":0,"gold_gain":0,"player_choice":"Inject Mutagens","damage_taken":0,"relics_obtained":["MutagenicStrength"],"max_hp_gain":0,"max_hp_loss":0,"event_name":"Drug Dealer","floor":31,"gold_loss":0},{"damage_healed":0,"gold_gain":0,"player_choice":"Copied","damage_taken":0,"max_hp_gain":0,"max_hp_loss":0,"event_name":"Duplicator","floor":37,"gold_loss":0,"cards_obtained":["Self Repair"]},{"cards_removed":["Strike_B"],"damage_healed":0,"gold_gain":0,"player_choice":"Removed Attack","damage_taken":0,"max_hp_gain":0,"max_hp_loss":0,"event_name":"Falling","floor":48,"gold_loss":0}],"is_beta":false,"boss_relics":[{"not_picked":["Calling Bell","Snecko Eye"],"picked":"Runic Pyramid"},{"not_picked":["Orrery","FrozenCore"],"picked":"Philosopher\u0027s Stone"}],"items_purged_floors":[36],"is_endless":false,"potions_floor_spawned":[1,2,5,10,16,25,28,29,41,46],"ascension_level":3}