{"gold_per_floor":[113,113,126,24,40,70,70,84,169,169,184,204,221,239,239,335,335,355,210,210,226,33,33,52,52,52,79,90,90,136,171,171,269,269,289,301,312,7,27,27,55,55,55,55,55,75,95,129,129,129,129,129,18,44,44],"floor_reached":55,"playtime":4437,"items_purged":["Strike_G","Strike_G"],"score":821,"play_id":"8e6a1ee0-d633-4067-869e-8b07ec552177","local_time":"20190602180236","is_ascension_mode":false,"campfire_choices":[{"data":"Blade Dance","floor":7.0,"key":"SMITH"},{"data":"Blade Dance","floor":10.0,"key":"SMITH"},{"data":"Quick Slash","floor":15.0,"key":"SMITH"},{"data":"Blade Dance","floor":23.0,"key":"SMITH"},{"data":"Blade Dance","floor":25.0,"key":"SMITH"},{"data":"Burst","floor":29,"key":"SMITH"},{"data":"Caltrops","floor":32,"key":"SMITH"},{"floor":40,"key":"RECALL"},{"data":"Trip","floor":44,"key":"SMITH"},{"data":"Infinite Blades","floor":49,"key":"SMITH"},{"data":"Finisher","floor":52,"key":"SMITH"}],"neow_cost":"NONE","seed_source_timestamp":236608110490300,"circlet_count":0,"master_deck":["Defend_G","Defend_G","Defend_G","Defend_G","Survivor","Neutralize","Venomology","Slice","Backflip","Blade Dance+1","Blade Dance+1","Blade Dance+1","Blade Dance+1","Quick Slash+1","Burst+1","PiercingWail","Caltrops+1","PiercingWail","Caltrops","Phantasmal Killer","Distraction+1","Leg Sweep+1","Caltrops+1","Finisher+1","Concentrate+1","Footwork+1","Infinite Blades+1","Trip+1","Backflip","Distraction+1","Well Laid Plans","Infinite Blades","Distraction+1"],"special_seed":0,"relics":["Ring of the Snake","The Courier","Tiny Chest","Coffee Dripper","MutagenicStrength","Ornamental Fan","Ninja Scroll","Orichalcum","Bag of Marbles","Mummified Hand","Astrolabe","Shuriken","Strawberry","Dodecahedron","Anchor"],"potions_floor_usage":[28,33,33,35,36,37,39,39,41,47,48,50,50,50,55,55],"damage_taken":[{"damage":6.0,"enemies":"Small Slimes","floor":1.0,"turns":6.0},{"damage":1.0,"enemies":"Cultist","floor":3.0,"turns":5.0},{"damage":0.0,"enemies":"Jaw Worm","floor":5.0,"turns":3.0},{"damage":15.0,"enemies":"3 Sentries","floor":6.0,"turns":8.0},{"damage":1.0,"enemies":"Lots of Slimes","floor":8.0,"turns":5.0},{"damage":2.0,"enemies":"2 Fungi Beasts","floor":11.0,"turns":4.0},{"damage":0.0,"enemies":"Large Slime","floor":12.0,"turns":4.0},{"damage":4.0,"enemies":"Exordium Thugs","floor":13.0,"turns":4.0},{"damage":2.0,"enemies":"Looter","floor":14.0,"turns":2.0},{"damage":45.0,"enemies":"The Guardian","floor":16.0,"turns":8.0},{"damage":14.0,"enemies":"Spheric Guardian","floor":18.0,"turns":4.0},{"damage":0.0,"enemies":"3 Byrds","floor":21.0,"turns":3.0},{"damage":3.0,"enemies":"Cultist and Chosen","floor":24.0,"turns":5.0},{"damage":0.0,"enemies":"Slavers","floor":27.0,"turns":4.0},{"damage":0,"enemies":"Shelled Parasite and Fungi","floor":28,"turns":2},{"damage":0,"enemies":"Book of Stabbing","floor":31,"turns":2},{"damage":21,"enemies":"Champ","floor":33,"turns":9},{"damage":5,"enemies":"3 Shapes","floor":35,"turns":7},{"damage":2,"enemies":"3 Darklings","floor":36,"turns":3},{"damage":1,"enemies":"Sphere and 2 Shapes","floor":37,"turns":3},{"damage":5,"enemies":"4 Shapes","floor":39,"turns":4},{"damage":18,"enemies":"Giant Head","floor":41,"turns":7},{"damage":24,"enemies":"Writhing Mass","floor":46,"turns":4},{"damage":0,"enemies":"Transient","floor":47,"turns":5},{"damage":4,"enemies":"Reptomancer","floor":48,"turns":6},{"damage":8,"enemies":"Donu and Deca","floor":50,"turns":6},{"damage":6,"enemies":"Shield and Spear","floor":54,"turns":3},{"damage":54,"enemies":"The Heart","floor":55,"turns":5}],"seed_played":"6214400389574585532","potions_obtained":[{"floor":1.0,"key":"EntropicBrew"},{"floor":6.0,"key":"Swift Potion"},{"floor":13.0,"key":"Strength Potion"},{"floor":18.0,"key":"LiquidBronze"},{"floor":21.0,"key":"PowerPotion"},{"floor":27.0,"key":"Swift Potion"},{"floor":28,"key":"GamblersBrew"},{"floor":37,"key":"Poison Potion"},{"floor":39,"key":"FearPotion"},{"floor":41,"key":"SpeedPotion"}],"is_trial":false,"path_per_floor":["M","?","M","$","M","E","R","M","T","R","M","M","M","M","R","B",null,"M","$","?","M","$","R","M","R","T","E","M","R","T","E","R","B",null,"M","M","M","$","M","R","E","?","T","R","?","M","M","E","R","B",null,"R","$","E","B"],"character_chosen":"THE_SILENT","items_purchased":["Blade Dance","Caltrops","Ornamental Fan","Shuriken","Infinite Blades","Trip","Well Laid Plans","Infinite Blades"],"campfire_rested":0,"item_purchase_floors":[4,19,22,38,38,38,53,53],"current_hp_per_floor":[64,64,63,63,63,61,61,60,60,60,58,58,54,52,52,7,70,56,56,56,56,56,56,53,53,53,53,53,53,53,53,53,32,70,65,63,62,62,57,57,46,46,46,46,46,22,22,18,18,10,73,73,73,67,13],"gold":44,"neow_bonus":"ONE_RANDOM_RARE_CARD","is_prod":false,"is_daily":false,"chose_seed":false,"campfire_upgraded":10,"win_rate":0,"timestamp":1559516556,"path_taken":["M","?","?","$","M","E","R","?","T","R","M","M","M","M","R","BOSS","M","$","?","M","$","R","M","R","T","E","M","R","?","E","R","BOSS","M","M","?","$","M","R","E","?","T","R","?","M","M","E","R","BOSS","R","$","E","BOSS"],"build_version":"2019-01-23","purchased_purges":2,"victory":false,"max_hp_per_floor":[70,70,70,70,70,70,70,70,70,70,70,70,70,70,70,70,70,70,70,70,70,70,70,70,70,70,70,70,70,70,70,70,70,70,70,70,70,70,70,70,77,73,73,73,73,73,73,73,73,73,73,73,73,73,73],"card_choices":[{"not_picked":["Choke","Flying Knee"],"picked":"Slice","floor":1.0},{"not_picked":["Prepared","Endless Agony"],"picked":"Backflip","floor":3.0},{"not_picked":["Riddle With Holes","Bane"],"picked":"Blade Dance","floor":5.0},{"not_picked":["Skewer","Setup","Glass Knife"],"picked":"SKIP","floor":6.0},{"not_picked":["Choke","Poisoned Stab"],"picked":"Blade Dance","floor":8.0},{"not_picked":["Flying Knee","Bane"],"picked":"Blade Dance","floor":11.0},{"not_picked":["Dagger Throw","Grand Finale","Masterful Stab"],"picked":"SKIP","floor":12.0},{"not_picked":["Bane","Flechettes","Deflect"],"picked":"SKIP","floor":13.0},{"not_picked":["Eviscerate","Reflex"],"picked":"Quick Slash","floor":14.0},{"not_picked":["Die Die Die","Adrenaline"],"picked":"Burst","floor":16.0},{"not_picked":["Endless Agony","Underhanded Strike"],"picked":"PiercingWail","floor":18.0},{"not_picked":["Leg Sweep","Blur"],"picked":"PiercingWail","floor":21.0},{"not_picked":["Prepared","Skewer","Slice+1"],"picked":"SKIP","floor":24.0},{"not_picked":["Prepared","Dodge and Roll","Skewer"],"picked":"SKIP","floor":27.0},{"not_picked":["Bane","PiercingWail","Dagger Throw+1"],"picked":"SKIP","floor":28},{"not_picked":["Deflect","Setup"],"picked":"Caltrops","floor":31},{"not_picked":["Die Die Die","Grand Finale"],"picked":"Phantasmal Killer","floor":33},{"not_picked":["PiercingWail","Terror+1"],"picked":"Finisher","floor":35},{"not_picked":["Eviscerate","Heel Hook+1"],"picked":"Concentrate+1","floor":36},{"not_picked":["Endless Agony","Quick Slash"],"picked":"Footwork+1","floor":37},{"not_picked":["Endless Agony","Concentrate+1","Underhanded Strike+1"],"picked":"SKIP","floor":39},{"not_picked":["Flying Knee","Prepared+1"],"picked":"Backflip","floor":41},{"not_picked":["Flechettes+1","Deflect"],"picked":"Distraction+1","floor":46},{"not_picked":["Outmaneuver+1","Eviscerate","Deadly Poison"],"picked":"SKIP","floor":47},{"not_picked":["Storm of Steel","Acrobatics+1","Endless Agony"],"picked":"SKIP","floor":48},{"not_picked":["Skewer+1","Tactician"],"picked":"Distraction+1","floor":54}],"player_experience":314373,"relics_obtained":[{"floor":6.0,"key":"The Courier"},{"floor":9.0,"key":"Tiny Chest"},{"floor":26.0,"key":"Ninja Scroll"},{"floor":27.0,"key":"Orichalcum"},{"floor":30,"key":"Bag of Marbles"},{"floor":31,"key":"Mummified Hand"},{"floor":41,"key":"Strawberry"},{"floor":48,"key":"Dodecahedron"},{"floor":54,"key":"Anchor"}],"event_choices":[{"cards_removed":["Strike_G"],"damage_healed":0.0,"max_hp_gain":0.0,"max_hp_loss":0.0,"gold_gain":0.0,"event_name":"Bonfire Elementals","player_choice":"Offered Basic","floor":2.0,"gold_loss":0.0,"damage_taken":0.0},{"damage_healed":0.0,"max_hp_gain":0.0,"max_hp_loss":0.0,"gold_gain":0.0,"event_name":"Drug Dealer","player_choice":"Inject Mutagens","floor":20.0,"gold_loss":0.0,"damage_taken":0.0,"relics_obtained":["MutagenicStrength"]},{"damage_healed":0,"gold_gain":0,"player_choice":"Max HP","damage_taken":0,"max_hp_gain":0,"max_hp_loss":4,"event_name":"Winding Halls","floor":42,"gold_loss":0},{"damage_healed":0,"gold_gain":0,"player_choice":"Ignored","damage_taken":0,"max_hp_gain":0,"max_hp_loss":0,"event_name":"Transmorgrifier","floor":45,"gold_loss":0}],"is_beta":false,"boss_relics":[{"not_picked":["Cursed Key","Philosopher\u0027s Stone"],"picked":"Coffee Dripper"},{"not_picked":["Velvet Choker","White Beast Statue"],"picked":"Astrolabe"}],"items_purged_floors":[4,19],"is_endless":false,"potions_floor_spawned":[1,6,11,13,18,21,27,28,37,39,41,48],"killed_by":"The Heart","ascension_level":0}