{"gold_per_floor":[116,127,147,162,162,203,219,240,240,284,309,309,309,327,327,327],"floor_reached":16,"playtime":1417,"items_purged":[],"score":191,"play_id":"384645a0-90ee-42aa-a91e-d78c86b2562e","local_time":"20190604100518","is_ascension_mode":true,"campfire_choices":[{"floor":12.0,"key":"REST"},{"data":"Dagger Spray","floor":15.0,"key":"SMITH"}],"neow_cost":"NONE","seed_source_timestamp":158857228483350,"circlet_count":0,"master_deck":["AscendersBane","Defend_G","Defend_G","Defend_G","Defend_G","Defend_G","Strike_G","Strike_G","Strike_G","Strike_G","Strike_G","Survivor","Neutralize","Choke","Unload","Backstab","Poisoned Stab","Dodge and Roll","Sucker Punch","Dagger Spray+1"],"special_seed":0,"relics":["Ring of the Snake","Golden Idol","Ancient Tea Set","Ornamental Fan","Omamori"],"potions_floor_usage":[16],"damage_taken":[{"damage":2.0,"enemies":"2 Louse","floor":1.0,"turns":3.0},{"damage":2.0,"enemies":"Cultist","floor":2.0,"turns":4.0},{"damage":2.0,"enemies":"Jaw Worm","floor":3.0,"turns":3.0},{"damage":1.0,"enemies":"Looter","floor":4.0,"turns":4.0},{"damage":28.0,"enemies":"Gremlin Nob","floor":6.0,"turns":4.0},{"damage":6.0,"enemies":"Lots of Slimes","floor":7.0,"turns":4.0},{"damage":3.0,"enemies":"Blue Slaver","floor":8.0,"turns":4.0},{"damage":15.0,"enemies":"3 Sentries","floor":10.0,"turns":8.0},{"damage":0.0,"enemies":"Looter","floor":11.0,"turns":3.0},{"damage":1.0,"enemies":"Gremlin Gang","floor":14.0,"turns":5.0},{"damage":43,"enemies":"Slime Boss","floor":16,"turns":5}],"seed_played":"1433825233577283330","potions_obtained":[{"floor":3.0,"key":"GamblersBrew"},{"floor":7.0,"key":"PowerPotion"},{"floor":10.0,"key":"Block Potion"},{"floor":14.0,"key":"FearPotion"}],"is_trial":false,"path_per_floor":["M","M","M","M","?","E","M","M","T","E","M","R","?","M","R","B"],"character_chosen":"THE_SILENT","items_purchased":[],"campfire_rested":1,"item_purchase_floors":[],"current_hp_per_floor":[68,66,64,63,63,35,29,26,26,11,11,32,32,31,31,0],"gold":327,"neow_bonus":"TEN_PERCENT_HP_BONUS","is_prod":false,"is_daily":false,"chose_seed":false,"campfire_upgraded":1,"win_rate":0,"timestamp":1559622918,"path_taken":["M","M","M","M","?","E","M","M","T","E","M","R","?","M","R","BOSS"],"build_version":"2019-01-23","purchased_purges":0,"victory":false,"max_hp_per_floor":[77,77,77,77,71,71,71,71,71,71,71,71,71,71,71,71],"card_choices":[{"not_picked":["PiercingWail","Backflip"],"picked":"Choke","floor":1.0},{"not_picked":["Quick Slash","Flechettes"],"picked":"Unload","floor":2.0},{"not_picked":["Prepared","Reflex"],"picked":"Backstab","floor":3.0},{"not_picked":["Dagger Throw","Dagger Spray"],"picked":"Poisoned Stab","floor":4.0},{"not_picked":["Predator","Infinite Blades"],"picked":"Dodge and Roll","floor":6.0},{"not_picked":["Underhanded Strike","Riddle With Holes"],"picked":"Sucker Punch","floor":7.0},{"not_picked":["Bane","Poisoned Stab"],"picked":"Dagger Spray","floor":8.0},{"not_picked":["Deadly Poison","Quick Slash","All Out Attack"],"picked":"SKIP","floor":10.0},{"not_picked":["Concentrate","Deflect","Acrobatics"],"picked":"SKIP","floor":11.0},{"not_picked":["Slice","Bane","Deflect"],"picked":"SKIP","floor":14.0}],"player_experience":1174169,"relics_obtained":[{"floor":6.0,"key":"Ancient Tea Set"},{"floor":9.0,"key":"Ornamental Fan"},{"floor":10.0,"key":"Omamori"}],"event_choices":[{"damage_healed":0.0,"max_hp_gain":0.0,"max_hp_loss":6.0,"gold_gain":0.0,"event_name":"Golden Idol","player_choice":"Lose Max HP","floor":5.0,"gold_loss":0.0,"damage_taken":0.0,"relics_obtained":["Golden Idol"]},{"damage_healed":0.0,"max_hp_gain":0.0,"max_hp_loss":0.0,"gold_gain":0.0,"event_name":"The Woman in Blue","player_choice":"Bought 0 Potions","floor":13.0,"gold_loss":0.0,"damage_taken":0.0}],"is_beta":false,"boss_relics":[],"items_purged_floors":[],"is_endless":false,"potions_floor_spawned":[3,7,10,11,14],"killed_by":"Slime Boss","ascension_level":13}