{"gold_per_floor":[119,136,148,148,27,61,61,78,105,125,50,67,99,112,112,216,216,231,243,255,34,34,34],"floor_reached":23,"playtime":1421,"items_purged":["Strike_R","Strike_R"],"score":205,"play_id":"1909e832-e19d-45c5-95fe-0533bb564992","local_time":"20190224150820","is_ascension_mode":false,"campfire_choices":[{"data":"Immolate","floor":7,"key":"SMITH"},{"data":"Demon Form","floor":15,"key":"SMITH"}],"neow_cost":"NONE","seed_source_timestamp":1014822012228695,"circlet_count":0,"master_deck":["Strike_R","Strike_R","Defend_R","Defend_R","Defend_R","Defend_R","Bash","Immolate+1","Infernal Blade","Power Through","Feed","Reaper","Anger","Demon Form+1","Shockwave","Armaments","Infernal Blade","Demon Form","Body Slam","Heavy Blade","Limit Break","Inflame","Warcry"],"relics":["Burning Blood","Boot","Bag of Preparation","Strawberry","Mark of Pain"],"potions_floor_usage":[13,16,16,23],"damage_taken":[{"damage":8,"enemies":"2 Louse","floor":1,"turns":3},{"damage":0,"enemies":"Cultist","floor":2,"turns":3},{"damage":0,"enemies":"Small Slimes","floor":3,"turns":2},{"damage":8,"enemies":"Gremlin Nob","floor":6,"turns":3},{"damage":8,"enemies":"2 Fungi Beasts","floor":8,"turns":7},{"damage":0,"enemies":"Lots of Slimes","floor":10,"turns":1},{"damage":10,"enemies":"Looter","floor":12,"turns":2},{"damage":25,"enemies":"3 Sentries","floor":13,"turns":5},{"damage":0,"enemies":"3 Louse","floor":14,"turns":1},{"damage":49,"enemies":"Hexaghost","floor":16,"turns":8},{"damage":20,"enemies":"3 Byrds","floor":18,"turns":4},{"damage":15,"enemies":"Shell Parasite","floor":19,"turns":4},{"damage":31,"enemies":"3 Cultists","floor":20,"turns":5},{"damage":66,"enemies":"Slavers","floor":23,"turns":4}],"seed_played":"3421187948484116969","potions_obtained":[{"floor":2,"key":"FearPotion"},{"floor":3,"key":"Swift Potion"},{"floor":6,"key":"Poison Potion"},{"floor":8,"key":"BloodPotion"},{"floor":16,"key":"SteroidPotion"},{"floor":19,"key":"EssenceOfSteel"}],"is_trial":false,"path_per_floor":["?","$","?"],"character_chosen":"IRONCLAD","items_purchased":["Reaper","Anger","Inflame","Warcry"],"campfire_rested":0,"item_purchase_floors":[5,5,21,21],"current_hp_per_floor":[78,80,80,80,80,78,78,79,79,83,83,79,70,76,76,57,93,79,70,60,60,60,0],"gold":34,"neow_bonus":"ONE_RANDOM_RARE_CARD","is_prod":false,"is_daily":false,"chose_seed":false,"campfire_upgraded":2,"win_rate":0,"timestamp":1551038900,"path_taken":["M","M","M","?","$","E","R","M","T","M","?","M","E","M","R","BOSS","M","M","M","$","?","E"],"build_version":"2019-01-23","purchased_purges":2,"victory":false,"max_hp_per_floor":[80,80,80,80,80,80,80,83,83,83,83,83,93,93,93,93,93,93,93,93,93,93,93],"card_choices":[{"not_picked":["Armaments","Power Through"],"picked":"Infernal Blade","floor":1},{"not_picked":["Twin Strike","Iron Wave"],"picked":"Power Through","floor":2},{"not_picked":["Cleave","Heavy Blade"],"picked":"Feed","floor":3},{"not_picked":["Sword Boomerang","Havoc","Body Slam"],"picked":"SKIP","floor":6},{"not_picked":["Reckless Charge","Uppercut"],"picked":"Demon Form","floor":8},{"not_picked":["Intimidate","Whirlwind"],"picked":"Shockwave","floor":10},{"not_picked":["Power Through","Shrug It Off"],"picked":"Armaments","floor":12},{"not_picked":["Rupture","Shockwave","Wild Strike"],"picked":"SKIP","floor":13},{"not_picked":["Burning Pact","Entrench"],"picked":"Infernal Blade","floor":14},{"not_picked":["Barricade","Impervious"],"picked":"Demon Form","floor":16},{"not_picked":["Cleave","Iron Wave"],"picked":"Body Slam","floor":18},{"not_picked":["Iron Wave","Sword Boomerang"],"picked":"Heavy Blade","floor":19},{"not_picked":["Anger","Heavy Blade"],"picked":"Limit Break","floor":20}],"player_experience":195078,"relics_obtained":[{"floor":6,"key":"Boot"},{"floor":9,"key":"Bag of Preparation"},{"floor":13,"key":"Strawberry"}],"event_choices":[{"damage_healed":0,"gold_gain":0,"player_choice":"Bought 0 Potions","damage_taken":0,"max_hp_gain":0,"max_hp_loss":0,"event_name":"The Woman in Blue","floor":4,"gold_loss":0},{"cards_removed":["Strike_R"],"damage_healed":0,"gold_gain":0,"player_choice":"Purged","damage_taken":0,"max_hp_gain":0,"max_hp_loss":0,"event_name":"Purifier","floor":22,"gold_loss":0}],"is_beta":false,"boss_relics":[{"not_picked":["Calling Bell","Orrery"],"picked":"Mark of Pain"}],"items_purged_floors":[11,21],"is_endless":false,"potions_floor_spawned":[2,3,6,8,16,19],"killed_by":"Slavers","ascension_level":0}