{"path_per_floor":["M","?","M","M","$","R","E","?","T","R","T","M","$","E","R","B",null,"M","M","$","M","?","R","M","R","T","M","M","E","$","?","R","B",null,"M","$","?","?","$","R","M","M","T","$","R","M","R","M","R"],"character_chosen":"IRONCLAD","items_purchased":["Pommel Strike","Iron Wave","Shrug It Off","Pommel Strike","Warcry","Dramatic Entrance"],"gold_per_floor":[110,110,129,141,66,66,93,168,168,168,191,208,13,44,44,143,143,159,179,29,49,49,49,68,68,68,86,105,136,67,67,67,172,172,192,42,0,0,0,0,16,31,109,3,3,22,22,36,36,36],"floor_reached":50,"campfire_rested":2,"playtime":3618,"current_hp_per_floor":[80,80,80,79,79,79,63,52,52,52,52,50,50,37,61,28,83,83,83,83,86,86,86,74,74,74,76,88,77,77,77,77,23,94,94,94,94,94,94,94,98,101,101,101,101,101,101,59,90,0],"items_purged":["Bash","Defend_R","Defend_R","Defend_R"],"gold":36,"score":520,"play_id":"43b56943-8ceb-41ec-aa1d-803dee7b8b4b","local_time":"20180504040231","is_prod":false,"is_daily":false,"chose_seed":false,"is_ascension_mode":false,"campfire_upgraded":8,"timestamp":1525420951,"path_taken":["M","?","?","M","$","R","E","?","T","R","?","?","$","E","R","BOSS","M","M","$","M","?","R","M","R","T","M","?","E","$","?","R","BOSS","M","$","?","?","$","R","M","M","T","$","R","M","R","M","R","BOSS"],"build_version":"2018-04-28v2","seed_source_timestamp":109720789903019,"purchased_purges":4,"victory":false,"master_deck":["Strike_R","Strike_R","Strike_R","Strike_R","Defend_R","Cleave","Perfected Strike+1","Pommel Strike+1","Battle Trance","Wild Strike+1","Pommel Strike","Iron Wave+1","Feed+1","Pommel Strike+1","Clash","Shrug It Off+1","Reckless Charge","Shrug It Off+1","Shrug It Off+1","Perfected Strike+1","Pommel Strike","Warcry+1","Pommel Strike+1","Dramatic Entrance","Twin Strike","Clash+1","Twin Strike+1"],"max_hp_per_floor":[80,80,80,80,80,80,80,80,80,80,80,80,80,80,80,83,83,83,83,83,86,86,86,86,86,86,90,94,94,94,94,94,94,94,94,94,94,94,94,94,98,102,102,102,102,106,106,106,106,106],"relics":["Black Blood","Question Card","Frozen Egg 2","Blood Vial","Dream Catcher","Sozu","Bronze Scales","Anchor","Red Mask","Toolbox"],"card_choices":[{"not_picked":["Sword Boomerang","Twin Strike"],"picked":"Cleave","floor":1},{"not_picked":["Rupture","Clothesline"],"picked":"Perfected Strike","floor":3},{"not_picked":["Sword Boomerang","Clash"],"picked":"Pommel Strike","floor":4},{"not_picked":["Feed","Shrug It Off"],"picked":"Battle Trance","floor":7},{"not_picked":["Dropkick","Second Wind","Blood for Blood"],"picked":"Wild Strike","floor":12},{"not_picked":["Clothesline","Armaments","Evolve"],"picked":"Feed","floor":14},{"not_picked":["Dropkick","Heavy Blade","Reckless Charge"],"picked":"Flex","floor":15},{"not_picked":["Rampage","Anger","Havoc"],"picked":"Pommel Strike","floor":18},{"not_picked":["Havoc","Whirlwind","Evolve"],"picked":"Clash","floor":19},{"not_picked":["Clothesline","Spot Weakness","Anger"],"picked":"Reckless Charge","floor":21},{"not_picked":["Thunderclap","Dual Wield","Flex"],"picked":"Shrug It Off","floor":24},{"not_picked":["Spot Weakness","Thunderclap","Juggernaut"],"picked":"Shrug It Off","floor":27},{"not_picked":["Flex","Warcry","Entrench"],"picked":"Perfected Strike","floor":28},{"not_picked":["Uppercut","Burning Pact","Flex"],"picked":"Pommel Strike","floor":35},{"not_picked":["Sword Boomerang","Headbutt","Pummel"],"picked":"Twin Strike","floor":46},{"not_picked":["Brutality","Havoc","Fire Breathing"],"picked":"Clash","floor":48},{"not_picked":["Havoc","Anger","Sword Boomerang"],"picked":"Twin Strike","floor":49}],"player_experience":97003,"potions_floor_usage":[16,16,18,50],"damage_taken":[{"damage":5,"enemies":"Small Slimes","floor":1,"turns":3},{"damage":2,"enemies":"Cultist","floor":3,"turns":5},{"damage":7,"enemies":"2 Louse","floor":4,"turns":4},{"damage":22,"enemies":"Gremlin Nob","floor":7,"turns":4},{"damage":10,"enemies":"Looter","floor":12,"turns":2},{"damage":21,"enemies":"Lagavulin","floor":14,"turns":5},{"damage":44,"enemies":"The Guardian","floor":16,"turns":10},{"damage":0,"enemies":"Chosen","floor":18,"turns":3},{"damage":0,"enemies":"Spheric Guardian","floor":19,"turns":2},{"damage":2,"enemies":"Centurion and Healer","floor":21,"turns":4},{"damage":18,"enemies":"Snake Plant","floor":24,"turns":4},{"damage":10,"enemies":"Cultist and Chosen","floor":27,"turns":5},{"damage":0,"enemies":"Centurion and Healer","floor":28,"turns":4},{"damage":19,"enemies":"Gremlin Leader","floor":29,"turns":5},{"damage":62,"enemies":"Automaton","floor":33,"turns":10},{"damage":8,"enemies":"Orb Walker","floor":35,"turns":3},{"damage":6,"enemies":"3 Shapes","floor":41,"turns":2},{"damage":11,"enemies":"Sphere and 2 Shapes","floor":42,"turns":4},{"damage":15,"enemies":"4 Shapes","floor":46,"turns":5},{"damage":54,"enemies":"Maw","floor":48,"turns":7},{"damage":95,"enemies":"Time Eater","floor":50,"turns":7}],"event_choices":[{"event_name":"Living Wall","player_choice":"Forget","floor":2,"damage_taken":0},{"event_name":"World of Goop","player_choice":"Gather Gold","floor":8,"damage_taken":0},{"event_name":"Drug Dealer","player_choice":"Ignored","floor":22,"damage_taken":0},{"event_name":"Beggar","player_choice":"Ignored","floor":31,"damage_taken":0},{"event_name":"Tomb of Lord Red Mask","player_choice":"Paid","floor":37,"damage_taken":0}],"boss_relics":[{"not_picked":["White Beast Statue","Cursed Key"],"picked":"Sozu"},{"not_picked":["Snecko Eye","Eternal Feather"],"picked":"Black Blood"}],"potions_floor_spawned":[4,7,12,16,27,28,29,35,46,48],"seed_played":"7791221520767909005","killed_by":"Time Eater","ascension_level":0,"is_trial":false}