{"gold_per_floor":[13,13,26,36,51,51,126,126,126,126,126,51,65,78,78,179,179,190,190,289,370,10,10,25,25,50,63,96,96,110,125,125,228,228,240,240],"floor_reached":36,"playtime":2742,"items_purged":["Regret"],"score":374,"play_id":"1df0f95a-3136-4858-bd1b-35d610c5545b","local_time":"20190203025411","is_ascension_mode":false,"campfire_choices":[{"data":"Envenom","floor":6,"key":"SMITH"},{"data":"Cloak And Dagger","floor":8,"key":"SMITH"},{"data":"Footwork","floor":10,"key":"SMITH"},{"data":"Footwork","floor":15,"key":"SMITH"},{"data":"A Thousand Cuts","floor":23,"key":"SMITH"},{"floor":29,"key":"REST"},{"floor":32,"key":"REST"}],"neow_cost":"NO_GOLD","seed_source_timestamp":289080414189904,"circlet_count":0,"master_deck":["Defend_G","Defend_G","Defend_G","Defend_G","Strike_G","Survivor","Neutralize","Cloak And Dagger+1","Footwork+1","Backflip","Envenom+1","Noxious Fumes","Footwork+1","Backflip","A Thousand Cuts+1","Bane","Deflect","Accuracy+1","Finisher","Blade Dance","Footwork","Noxious Fumes","Slice+1","Storm of Steel","Deflect","Deflect"],"relics":["Ring of the Serpent","Prayer Wheel","Mango","Bottled Tornado","Calipers","Gremlin Horn","Empty Cage"],"potions_floor_usage":[27,28,28,33],"damage_taken":[{"damage":4,"enemies":"2 Louse","floor":1,"turns":3},{"damage":4,"enemies":"Small Slimes","floor":3,"turns":5},{"damage":7,"enemies":"Cultist","floor":4,"turns":4},{"damage":5,"enemies":"2 Fungi Beasts","floor":5,"turns":5},{"damage":1,"enemies":"Blue Slaver","floor":13,"turns":4},{"damage":11,"enemies":"Looter","floor":14,"turns":3},{"damage":6,"enemies":"Hexaghost","floor":16,"turns":10},{"damage":18,"enemies":"3 Byrds","floor":18,"turns":5},{"damage":0,"enemies":"Chosen","floor":24,"turns":5},{"damage":29,"enemies":"Shelled Parasite and Fungi","floor":27,"turns":7},{"damage":26,"enemies":"Slavers","floor":28,"turns":10},{"damage":18,"enemies":"Sentry and Sphere","floor":30,"turns":7},{"damage":3,"enemies":"Centurion and Healer","floor":31,"turns":7},{"damage":31,"enemies":"Champ","floor":33,"turns":13},{"damage":14,"enemies":"Orb Walker","floor":35,"turns":5},{"damage":0,"enemies":"3 Shapes","floor":36,"turns":1}],"seed_played":"-9060833630900058541","potions_obtained":[{"floor":4,"key":"Swift Potion"},{"floor":16,"key":"EssenceOfSteel"},{"floor":27,"key":"EssenceOfSteel"},{"floor":30,"key":"Strength Potion"},{"floor":31,"key":"Explosive Potion"},{"floor":33,"key":"Dexterity Potion"}],"is_trial":false,"path_per_floor":["M","?","M","M","M","R","?","R","T","R","?","$","M","M","R","B",null,"M","?","?","T","$","R","M","?","T","M","E","R","M","M","R","B",null,"M","M"],"character_chosen":"THE_SILENT","items_purchased":["Calipers","Deflect"],"campfire_rested":2,"item_purchase_floors":[22,22],"current_hp_per_floor":[66,66,62,55,50,50,39,39,53,53,53,53,52,41,41,35,84,66,66,66,66,66,66,66,66,66,37,11,36,18,15,40,9,84,70,70],"gold":240,"neow_bonus":"REMOVE_TWO","is_prod":false,"is_daily":false,"chose_seed":false,"campfire_upgraded":5,"win_rate":0,"timestamp":1549184051,"path_taken":["M","?","M","M","M","R","?","R","T","R","?","$","M","M","R","BOSS","M","?","?","?","$","R","M","?","T","?","E","R","?","M","R","BOSS","M","?"],"build_version":"2019-01-23","purchased_purges":1,"victory":false,"max_hp_per_floor":[70,70,70,70,70,70,70,70,84,84,84,84,84,84,84,84,84,84,84,84,84,84,84,84,84,84,84,84,84,84,84,84,84,84,84,84],"card_choices":[{"not_picked":["Bane","Deadly Poison","Underhanded Strike"],"picked":"SKIP","floor":1},{"not_picked":["Backflip","Bane"],"picked":"Cloak And Dagger","floor":3},{"not_picked":["Bane","Eviscerate","Escape Plan"],"picked":"SKIP","floor":3},{"not_picked":["Poisoned Stab","Underhanded Strike"],"picked":"Footwork","floor":4},{"not_picked":["Distraction","Dagger Spray"],"picked":"Backflip","floor":4},{"not_picked":["Cloak And Dagger","Bouncing Flask"],"picked":"Envenom","floor":5},{"not_picked":["Slice","Outmaneuver"],"picked":"Noxious Fumes","floor":5},{"not_picked":["Underhanded Strike","Sucker Punch","Well Laid Plans"],"picked":"SKIP","floor":13},{"not_picked":["Masterful Stab","PiercingWail","Heel Hook"],"picked":"SKIP","floor":13},{"not_picked":["Leg Sweep","Flying Knee"],"picked":"Footwork","floor":14},{"not_picked":["Prepared","Dagger Spray"],"picked":"Backflip","floor":14},{"not_picked":["Die Die Die","Wraith Form v2"],"picked":"A Thousand Cuts","floor":16},{"not_picked":["Blur","Distraction"],"picked":"Bane","floor":18},{"not_picked":["Dodge and Roll","Backflip","Tactician+1"],"picked":"SKIP","floor":18},{"not_picked":["Crippling Poison","Acrobatics+1"],"picked":"Accuracy+1","floor":24},{"not_picked":["All Out Attack","Flying Knee","Escape Plan"],"picked":"SKIP","floor":24},{"not_picked":["Underhanded Strike","Backflip"],"picked":"Blade Dance","floor":27},{"not_picked":["Predator","All Out Attack+1","Choke"],"picked":"SKIP","floor":27},{"not_picked":["A Thousand Cuts","Dodge and Roll","Predator"],"picked":"SKIP","floor":28},{"not_picked":["Endless Agony+1","Backflip"],"picked":"Footwork","floor":30},{"not_picked":["Leg Sweep","Bane"],"picked":"Noxious Fumes","floor":30},{"not_picked":["Skewer","Deflect"],"picked":"Slice+1","floor":31},{"not_picked":["Quick Slash","Predator","Underhanded Strike"],"picked":"SKIP","floor":31},{"not_picked":["Die Die Die","Night Terror"],"picked":"Storm of Steel","floor":33},{"not_picked":["PiercingWail+1","Backstab+1"],"picked":"Deflect","floor":35},{"not_picked":["Escape Plan+1","PiercingWail+1"],"picked":"Deflect","floor":35}],"player_experience":157190,"relics_obtained":[{"floor":9,"key":"Mango"},{"floor":21,"key":"Bottled Tornado"},{"floor":28,"key":"Gremlin Horn"}],"event_choices":[{"damage_healed":0,"gold_gain":0,"player_choice":"Box","damage_taken":0,"relics_obtained":["Prayer Wheel"],"max_hp_gain":0,"max_hp_loss":0,"event_name":"Big Fish","floor":2,"gold_loss":0,"cards_obtained":["Regret"]},{"damage_healed":0,"gold_gain":75,"player_choice":"Gather Gold","damage_taken":11,"max_hp_gain":0,"max_hp_loss":0,"event_name":"World of Goop","floor":7,"gold_loss":0},{"damage_healed":0,"gold_gain":0,"player_choice":"Bought 0 Potions","damage_taken":0,"max_hp_gain":0,"max_hp_loss":0,"event_name":"The Woman in Blue","floor":11,"gold_loss":0},{"damage_healed":0,"gold_gain":0,"player_choice":"Ignored","damage_taken":0,"max_hp_gain":0,"max_hp_loss":0,"event_name":"Ghosts","floor":19,"gold_loss":0},{"damage_healed":0,"gold_gain":99,"player_choice":"Stole From Cult","damage_taken":0,"max_hp_gain":0,"max_hp_loss":0,"event_name":"Nest","floor":20,"gold_loss":0},{"damage_healed":0,"gold_gain":0,"cards_transformed":["Strike_G"],"player_choice":"Transformed","damage_taken":0,"max_hp_gain":0,"max_hp_loss":0,"event_name":"Transmorgrifier","floor":25,"gold_loss":0,"cards_obtained":["Finisher"]}],"is_beta":false,"boss_relics":[{"not_picked":["Velvet Choker","Runic Pyramid"],"picked":"Ring of the Serpent"},{"not_picked":["Calling Bell","HoveringKite"],"picked":"Empty Cage"}],"items_purged_floors":[12],"is_endless":false,"potions_floor_spawned":[4,16,27,30,31,33],"killed_by":"3 Shapes","ascension_level":0}