{"gold_per_floor":[117,127,127,143,161,161,194,194,272,302,313,313,313],"floor_reached":13,"playtime":352,"items_purged":[],"score":152,"play_id":"1fd64897-5979-4a4d-8725-8d738476a1f3","local_time":"20190404032459","is_ascension_mode":true,"campfire_choices":[{"data":"Body Slam","floor":6.0,"key":"SMITH"},{"data":"True Grit","floor":8,"key":"SMITH"},{"data":"Dual Wield","floor":12,"key":"SMITH"}],"neow_cost":"NONE","seed_source_timestamp":1397529870786982,"circlet_count":0,"master_deck":["AscendersBane","Strike_R","Strike_R","Strike_R","Strike_R","Defend_R","Defend_R","Defend_R","Defend_R","Bash","True Grit+1","Clothesline","Body Slam+1","Dual Wield+1","Second Wind","Shockwave","Warcry"],"special_seed":0,"relics":["Burning Blood","Oddly Smooth Stone","Du-Vu Doll","Self Forming Clay","Smiling Mask"],"potions_floor_usage":[10,10],"damage_taken":[{"damage":6.0,"enemies":"Cultist","floor":1.0,"turns":3.0},{"damage":0.0,"enemies":"2 Louse","floor":2.0,"turns":2.0},{"damage":6.0,"enemies":"Small Slimes","floor":4.0,"turns":4.0},{"damage":13.0,"enemies":"Exordium Thugs","floor":5.0,"turns":6.0},{"damage":40,"enemies":"Lagavulin","floor":7,"turns":9},{"damage":20,"enemies":"3 Sentries","floor":10,"turns":7},{"damage":2,"enemies":"Looter","floor":11,"turns":3},{"damage":21,"enemies":"Gremlin Nob","floor":13,"turns":4}],"seed_played":"-3461283339200894127","potions_obtained":[{"floor":2.0,"key":"Fire Potion"},{"floor":5.0,"key":"Explosive Potion"}],"is_trial":false,"path_per_floor":["M","M","?","M","M","R","E","R","T","E","M","R","E"],"character_chosen":"IRONCLAD","items_purchased":[],"campfire_rested":0,"item_purchase_floors":[],"current_hp_per_floor":[72,78,71,71,64,64,30,30,30,16,20,20,0],"gold":313,"neow_bonus":"RANDOM_COMMON_RELIC","is_prod":false,"is_daily":false,"chose_seed":false,"campfire_upgraded":3,"win_rate":0,"timestamp":1554315899,"path_taken":["M","M","?","M","M","R","E","R","T","E","M","R","E"],"build_version":"2019-01-23","purchased_purges":0,"victory":false,"max_hp_per_floor":[80,80,80,80,80,80,80,80,80,80,80,80,80],"card_choices":[{"not_picked":["Twin Strike","Burning Pact"],"picked":"True Grit","floor":1.0},{"not_picked":["Whirlwind","True Grit"],"picked":"Clothesline","floor":2.0},{"not_picked":["Clothesline","Thunderclap"],"picked":"Body Slam","floor":4.0},{"not_picked":["Clash","Bloodletting"],"picked":"Dual Wield","floor":5.0},{"not_picked":["Carnage","Heavy Blade"],"picked":"Second Wind","floor":7},{"not_picked":["Clothesline","Iron Wave"],"picked":"Shockwave","floor":10},{"not_picked":["Body Slam","Cleave"],"picked":"Warcry","floor":11}],"player_experience":416297,"relics_obtained":[{"floor":7,"key":"Du-Vu Doll"},{"floor":9,"key":"Self Forming Clay"},{"floor":10,"key":"Smiling Mask"}],"event_choices":[{"cards_removed":["Strike_R"],"damage_healed":0.0,"max_hp_gain":0.0,"max_hp_loss":0.0,"gold_gain":0.0,"event_name":"Golden Wing","player_choice":"Card Removal","floor":3.0,"gold_loss":0.0,"damage_taken":7.0}],"is_beta":false,"boss_relics":[],"items_purged_floors":[],"is_endless":false,"potions_floor_spawned":[2,5],"killed_by":"Gremlin Nob","ascension_level":12}