{"gold_per_floor":[112,37,37,48,62,62,73,73,73,101,53,53,70,70,70,168,168,133,133],"floor_reached":19,"playtime":1431,"items_purged":["Strike_B"],"score":192,"play_id":"f34882f6-7e7e-4c0a-9394-364424fa0f6b","local_time":"20181210034648","is_ascension_mode":true,"campfire_choices":[{"data":"Conserve Battery","floor":6,"key":"SMITH"},{"data":"Chill","floor":8,"key":"SMITH"},{"floor":15,"key":"REST"}],"neow_cost":"NONE","seed_source_timestamp":2742689166059036,"circlet_count":0,"master_deck":["Strike_B","Strike_B","Defend_B","Defend_B+1","Defend_B","Defend_B","Zap","Dualcast","Barrage","Ball Lightning","Gash","Conserve Battery+1","Chill+1","Conserve Battery","Gash+1","Capacitor","Echo Form","Genetic Algorithm+1"],"relics":["FrozenCore","Matryoshka","Happy Flower"],"potions_floor_usage":[19,19],"damage_taken":[{"damage":13,"enemies":"Small Slimes","floor":1,"turns":3},{"damage":5,"enemies":"2 Louse","floor":4,"turns":2},{"damage":0,"enemies":"Cultist","floor":5,"turns":3},{"damage":0,"enemies":"Looter","floor":7,"turns":2},{"damage":7,"enemies":"3 Sentries","floor":10,"turns":7},{"damage":1,"enemies":"Exordium Wildlife","floor":13,"turns":3},{"damage":27,"enemies":"Hexaghost","floor":16,"turns":10},{"damage":17,"enemies":"2 Thieves","floor":18,"turns":5},{"damage":24,"enemies":"Colosseum Slavers","floor":19,"turns":8},{"damage":50,"enemies":"Colosseum Nobs","floor":19,"turns":4}],"seed_played":"7722793902176015926","potions_obtained":[{"floor":1,"key":"Poison Potion"},{"floor":5,"key":"Block Potion"}],"is_trial":false,"path_per_floor":["M","$","?","M","M","R","M","R","T","E","$","?","M","?","R","B",null,"M","?"],"character_chosen":"DEFECT","items_purchased":["Gash"],"campfire_rested":1,"item_purchase_floors":[11],"current_hp_per_floor":[62,62,62,57,57,57,57,57,57,50,50,35,34,34,56,29,75,58,0],"gold":133,"neow_bonus":"TRANSFORM_CARD","is_prod":false,"is_daily":false,"chose_seed":false,"campfire_upgraded":2,"win_rate":0,"timestamp":1544431608,"path_taken":["M","$","?","M","M","R","M","R","T","E","$","?","M","?","R","BOSS","M","?"],"build_version":"2018-12-06","purchased_purges":1,"victory":false,"max_hp_per_floor":[75,75,75,75,75,75,75,75,75,75,75,75,75,75,75,75,75,75,75],"card_choices":[{"not_picked":["Double Energy","Streamline"],"picked":"Ball Lightning","floor":1},{"not_picked":["Barrage","Recycle"],"picked":"Gash","floor":4},{"not_picked":["Coolheaded","Compile Driver"],"picked":"Conserve Battery","floor":5},{"not_picked":["Streamline","Darkness"],"picked":"Chill","floor":7},{"not_picked":["Leap","Static Discharge"],"picked":"Conserve Battery","floor":10},{"not_picked":["Static Discharge","Streamline"],"picked":"Capacitor","floor":13},{"not_picked":["Thunder Strike","All For One"],"picked":"Echo Form","floor":16},{"not_picked":["Static Discharge","Turbo"],"picked":"Genetic Algorithm+1","floor":18}],"player_experience":189834,"relics_obtained":[{"floor":9,"key":"Matryoshka"},{"floor":10,"key":"Happy Flower"}],"event_choices":[{"damage_healed":0,"gold_gain":0,"player_choice":"Ignored","damage_taken":0,"max_hp_gain":0,"max_hp_loss":0,"event_name":"Liars Game","floor":3,"gold_loss":0},{"damage_healed":0,"gold_gain":0,"player_choice":"Entered Light","damage_taken":15,"max_hp_gain":0,"max_hp_loss":0,"event_name":"Shining Light","floor":12,"gold_loss":0,"cards_upgraded":["Gash","Defend_B"]},{"damage_healed":0,"gold_gain":0,"player_choice":"Searched \u00271\u0027 times","damage_taken":0,"max_hp_gain":0,"max_hp_loss":0,"event_name":"Dead Adventurer","floor":14,"gold_loss":0},{"damage_healed":0,"gold_gain":0,"player_choice":"Fight","damage_taken":0,"max_hp_gain":0,"max_hp_loss":0,"event_name":"Colosseum","floor":19,"gold_loss":0},{"damage_healed":0,"gold_gain":0,"player_choice":"Fought Nobs","damage_taken":0,"max_hp_gain":0,"max_hp_loss":0,"event_name":"Colosseum","floor":19,"gold_loss":0}],"is_beta":false,"boss_relics":[{"not_picked":["Pandora\u0027s Box","Runic Pyramid"],"picked":"FrozenCore"}],"items_purged_floors":[2],"is_endless":false,"potions_floor_spawned":[1,5,19],"killed_by":"Colosseum Nobs","ascension_level":3}