{"gold_per_floor":[112,112,112,135,8,8,49,49,73,73,107,107,107,107,107,227,227,250,250,274,318,318,351,351,351,351,371,271,291,291,12,12,137,137,156,156,6,25,25,25,25,25,74,24,39,39,53,71,71,71],"floor_reached":51,"playtime":1026,"items_purged":["Defend_R","Strike_R","Strike_R","Defend_R","Strike_R"],"score":985,"play_id":"718d0929-2dc6-41c1-8c1f-5d8c624dcae9","local_time":"20190531145059","is_ascension_mode":true,"campfire_choices":[{"data":"Searing Blow","floor":6,"key":"SMITH"},{"data":"Searing Blow+1","floor":8,"key":"SMITH"},{"data":"Searing Blow+2","floor":10,"key":"SMITH"},{"data":"Searing Blow+3","floor":12,"key":"SMITH"},{"data":"Searing Blow+4","floor":15,"key":"SMITH"},{"data":"Searing Blow+5","floor":25,"key":"SMITH"},{"data":"Searing Blow+6","floor":30,"key":"SMITH"},{"data":"Searing Blow+7","floor":32,"key":"SMITH"},{"data":"Searing Blow+8","floor":40,"key":"SMITH"},{"data":"Searing Blow+9","floor":42,"key":"SMITH"},{"data":"Searing Blow+10","floor":46,"key":"SMITH"},{"data":"Searing Blow+11","floor":49,"key":"SMITH"}],"neow_cost":"NONE","seed_source_timestamp":11776733756944,"circlet_count":0,"master_deck":["Strike_R","Defend_R","Defend_R","Bash","Searing Blow+12","Shrug It Off","Double Tap"],"relics":["Black Blood","Golden Idol","Question Card","Vajra","Ornamental Fan","Snecko Eye","Red Mask","Boot","Letter Opener","Shuriken","Anchor","Strawberry","Smiling Mask"],"potions_floor_usage":[11,11],"damage_taken":[{"damage":7,"enemies":"Jaw Worm","floor":1,"turns":3},{"damage":6,"enemies":"Small Slimes","floor":4,"turns":4},{"damage":32,"enemies":"Gremlin Nob","floor":7,"turns":4},{"damage":20,"enemies":"Lagavulin","floor":11,"turns":5},{"damage":28,"enemies":"Slime Boss","floor":16,"turns":14},{"damage":0,"enemies":"Shell Parasite","floor":18,"turns":1},{"damage":12,"enemies":"Chosen","floor":20,"turns":3},{"damage":8,"enemies":"Masked Bandits","floor":21,"turns":3},{"damage":32,"enemies":"Slavers","floor":23,"turns":5},{"damage":11,"enemies":"Snake Plant","floor":27,"turns":3},{"damage":0,"enemies":"Shelled Parasite and Fungi","floor":29,"turns":2},{"damage":11,"enemies":"Automaton","floor":33,"turns":4},{"damage":0,"enemies":"Orb Walker","floor":35,"turns":1},{"damage":0,"enemies":"3 Shapes","floor":38,"turns":4},{"damage":0,"enemies":"Transient","floor":45,"turns":5},{"damage":0,"enemies":"Sphere and 2 Shapes","floor":47,"turns":2},{"damage":0,"enemies":"Spire Growth","floor":48,"turns":1},{"damage":48,"enemies":"Time Eater","floor":50,"turns":3}],"seed_played":"-7263524862286780783","potions_obtained":[{"floor":1,"key":"FearPotion"},{"floor":7,"key":"Strength Potion"},{"floor":18,"key":"Swift Potion"},{"floor":21,"key":"SkillPotion"}],"is_trial":false,"path_per_floor":["M","?","?","M","$","R","E","R","T","R","E","R","?","?","R","B",null,"M","?","M","?","?","E","T","R","T","M","$","M","R","$","R","B",null,"M","?","$","M","?","R","?","R","T","$","M","R","M","M","R","B",null],"character_chosen":"IRONCLAD","items_purchased":["Swift Potion","Anchor"],"campfire_rested":0,"item_purchase_floors":[5,31],"current_hp_per_floor":[79,57,50,50,50,50,24,24,24,24,10,10,10,39,39,17,70,76,68,62,60,60,34,34,34,34,29,29,35,35,35,35,30,74,84,84,84,88,84,84,91,91,91,91,91,91,91,91,91,53],"gold":71,"neow_bonus":"TEN_PERCENT_HP_BONUS","is_prod":false,"is_daily":false,"chose_seed":false,"campfire_upgraded":12,"win_rate":0,"timestamp":1559307059,"path_taken":["M","?","?","M","?","R","E","R","T","R","E","R","?","?","R","BOSS","M","?","?","?","?","E","?","R","T","M","$","M","R","$","R","BOSS","M","?","$","M","?","R","?","R","T","$","M","R","M","M","R","BOSS"],"build_version":"2019-01-23","purchased_purges":5,"victory":true,"max_hp_per_floor":[88,88,88,88,88,88,88,88,88,88,88,88,88,88,88,88,88,88,88,88,88,88,88,88,88,88,88,88,88,88,88,88,88,88,88,88,88,88,84,84,91,91,91,91,91,91,91,91,91,91],"card_choices":[{"not_picked":["Infernal Blade","Iron Wave"],"picked":"Searing Blow","floor":1},{"not_picked":["Flex","Heavy Blade","Perfected Strike"],"picked":"SKIP","floor":4},{"not_picked":["Warcry","Dual Wield","Wild Strike"],"picked":"SKIP","floor":7},{"not_picked":["Body Slam","Sever Soul","Clash"],"picked":"Shrug It Off","floor":11},{"not_picked":["Feed","Offering","Bludgeon"],"picked":"Double Tap","floor":16},{"not_picked":["Havoc+1","Combust+1","Twin Strike","Rupture"],"picked":"SKIP","floor":18},{"not_picked":["Second Wind","Body Slam","True Grit","Shrug It Off"],"picked":"SKIP","floor":20},{"not_picked":["Pommel Strike","Brutality","Havoc","Fiend Fire"],"picked":"SKIP","floor":23},{"not_picked":["Perfected Strike","Clash","Dropkick+1","Thunderclap"],"picked":"SKIP","floor":27},{"not_picked":["Body Slam","Sword Boomerang+1","Thunderclap","Wild Strike"],"picked":"SKIP","floor":29},{"not_picked":["Clash","Heavy Blade+1","Pummel","True Grit+1"],"picked":"SKIP","floor":35},{"not_picked":["Shrug It Off+1","Clothesline+1","Warcry+1","Sword Boomerang+1"],"picked":"SKIP","floor":38},{"not_picked":["Shrug It Off+1","Clothesline+1","Warcry+1","Sword Boomerang+1"],"picked":"SKIP","floor":38},{"not_picked":["Wild Strike+1","Clothesline","Cleave+1","Clash"],"picked":"SKIP","floor":45},{"not_picked":["Feel No Pain+1","Clash","Flame Barrier+1","Rupture+1"],"picked":"SKIP","floor":47},{"not_picked":["Inflame","Rupture","Warcry","Metallicize"],"picked":"SKIP","floor":48}],"player_experience":102136,"relics_obtained":[{"floor":7,"key":"Question Card"},{"floor":9,"key":"Vajra"},{"floor":11,"key":"Ornamental Fan"},{"floor":21,"key":"Red Mask"},{"floor":23,"key":"Boot"},{"floor":24,"key":"Letter Opener"},{"floor":26,"key":"Shuriken"},{"floor":41,"key":"Strawberry"},{"floor":43,"key":"Smiling Mask"}],"event_choices":[{"damage_healed":0,"gold_gain":0,"player_choice":"Take Damage","damage_taken":22,"relics_obtained":["Golden Idol"],"max_hp_gain":0,"max_hp_loss":0,"event_name":"Golden Idol","floor":2,"gold_loss":0},{"cards_removed":["Strike_R"],"damage_healed":0,"gold_gain":0,"player_choice":"Card Removal","damage_taken":7,"max_hp_gain":0,"max_hp_loss":0,"event_name":"Golden Wing","floor":3,"gold_loss":0},{"damage_healed":0,"gold_gain":0,"player_choice":"Ignored","damage_taken":0,"max_hp_gain":0,"max_hp_loss":0,"event_name":"Shining Light","floor":13,"gold_loss":0},{"damage_healed":29,"gold_gain":0,"player_choice":"Banana","damage_taken":0,"max_hp_gain":0,"max_hp_loss":0,"event_name":"Big Fish","floor":14,"gold_loss":0},{"damage_healed":0,"gold_gain":0,"player_choice":"Damaged","damage_taken":8,"max_hp_gain":0,"max_hp_loss":0,"event_name":"Wheel of Change","floor":19,"gold_loss":0},{"damage_healed":0,"gold_gain":0,"player_choice":"Fought Bandits","damage_taken":0,"max_hp_gain":0,"max_hp_loss":0,"event_name":"Masked Bandits","floor":21,"gold_loss":0},{"damage_healed":0,"gold_gain":0,"player_choice":"Ignored","damage_taken":0,"max_hp_gain":0,"max_hp_loss":0,"event_name":"Vampires","floor":22,"gold_loss":0},{"damage_healed":0,"gold_gain":0,"player_choice":"Memory 1","damage_taken":0,"max_hp_gain":0,"max_hp_loss":0,"event_name":"SensoryStone","floor":36,"gold_loss":0},{"damage_healed":0,"gold_gain":0,"player_choice":"Max HP","damage_taken":0,"max_hp_gain":0,"max_hp_loss":4,"event_name":"Winding Halls","floor":39,"gold_loss":0},{"damage_healed":0,"gold_gain":0,"player_choice":"Relic","damage_taken":0,"max_hp_gain":0,"max_hp_loss":0,"event_name":"Wheel of Change","floor":41,"gold_loss":0}],"is_beta":false,"boss_relics":[{"not_picked":["Ectoplasm","Runic Cube"],"picked":"Snecko Eye"},{"not_picked":["Lizard Tail","Sozu"],"picked":"Black Blood"}],"items_purged_floors":[5,28,31,37,44],"is_endless":false,"potions_floor_spawned":[1,7,18,21,23,38,47,48],"ascension_level":6}