{"gold_per_floor":[113,130,143,160,235,235,265,139,139,139,152,152,190,190,190,190],"floor_reached":16,"playtime":339,"items_purged":["Strike_R"],"score":149,"play_id":"7a4be3ee-fb65-48ee-9565-53ce1ef409c1","local_time":"20190402030139","is_ascension_mode":true,"campfire_choices":[{"data":"Armaments","floor":6.0,"key":"SMITH"},{"data":"Bash","floor":10.0,"key":"SMITH"},{"data":"Immolate","floor":15,"key":"SMITH"}],"neow_cost":"NONE","seed_source_timestamp":1223335455865216,"circlet_count":0,"master_deck":["Strike_R","Strike_R","Strike_R","Strike_R","Defend_R","Defend_R","Defend_R","Defend_R","Bash+1","Armaments+1","Shrug It Off","Clash","Sword Boomerang","Pummel","Flex","Immolate+1"],"special_seed":0,"relics":["Burning Blood","Bag of Marbles","Ornamental Fan","Letter Opener","Golden Idol","Strawberry"],"potions_floor_usage":[],"damage_taken":[{"damage":5.0,"enemies":"Small Slimes","floor":1.0,"turns":4.0},{"damage":7.0,"enemies":"Jaw Worm","floor":2.0,"turns":4.0},{"damage":3.0,"enemies":"2 Louse","floor":3.0,"turns":3.0},{"damage":6.0,"enemies":"Blue Slaver","floor":4.0,"turns":7.0},{"damage":23.0,"enemies":"Gremlin Nob","floor":7.0,"turns":4.0},{"damage":13.0,"enemies":"Red Slaver","floor":11.0,"turns":4.0},{"damage":19.0,"enemies":"Lagavulin","floor":13.0,"turns":5.0},{"damage":37,"enemies":"The Guardian","floor":16,"turns":8}],"seed_played":"-374538311336042538","potions_obtained":[{"floor":1.0,"key":"SpeedPotion"},{"floor":3.0,"key":"Explosive Potion"},{"floor":11.0,"key":"Swift Potion"}],"is_trial":false,"path_per_floor":["M","M","M","M","?","R","E","$","T","R","M","?","E","?","R","B"],"character_chosen":"IRONCLAD","items_purchased":["Flex"],"campfire_rested":0,"item_purchase_floors":[8],"current_hp_per_floor":[73,72,75,75,64,64,47,47,47,47,40,40,34,34,34,0],"gold":190,"neow_bonus":"RANDOM_COMMON_RELIC","is_prod":false,"is_daily":false,"chose_seed":false,"campfire_upgraded":3,"win_rate":0,"timestamp":1554141699,"path_taken":["M","M","M","M","?","R","E","$","T","R","M","?","E","?","R","BOSS"],"build_version":"2019-01-23","purchased_purges":1,"victory":false,"max_hp_per_floor":[80,80,80,80,80,80,80,80,80,80,80,74,81,81,81,81],"card_choices":[{"not_picked":["Wild Strike","Combust"],"picked":"Armaments","floor":1.0},{"not_picked":["Fire Breathing","Havoc"],"picked":"Shrug It Off","floor":2.0},{"not_picked":["Twin Strike","Cleave"],"picked":"Clash","floor":3.0},{"not_picked":["Headbutt","Pommel Strike"],"picked":"Sword Boomerang","floor":4.0},{"not_picked":["Twin Strike","Flame Barrier"],"picked":"Pummel","floor":7.0},{"not_picked":["Anger","Heavy Blade"],"picked":"Immolate","floor":11.0},{"not_picked":["Reckless Charge","Clothesline","Perfected Strike"],"picked":"SKIP","floor":13.0}],"player_experience":395382,"relics_obtained":[{"floor":7.0,"key":"Ornamental Fan"},{"floor":9.0,"key":"Letter Opener"},{"floor":13.0,"key":"Strawberry"}],"event_choices":[{"damage_healed":0.0,"max_hp_gain":0.0,"max_hp_loss":0.0,"gold_gain":75.0,"event_name":"World of Goop","player_choice":"Gather Gold","floor":5.0,"gold_loss":0.0,"damage_taken":11.0},{"damage_healed":0.0,"max_hp_gain":0.0,"max_hp_loss":6.0,"gold_gain":0.0,"event_name":"Golden Idol","player_choice":"Lose Max HP","floor":12.0,"gold_loss":0.0,"damage_taken":0.0,"relics_obtained":["Golden Idol"]},{"damage_healed":0,"gold_gain":0,"player_choice":"Ignored","damage_taken":0,"max_hp_gain":0,"max_hp_loss":0,"event_name":"Liars Game","floor":14,"gold_loss":0}],"is_beta":false,"boss_relics":[],"items_purged_floors":[8],"is_endless":false,"potions_floor_spawned":[1,3,11],"killed_by":"The Guardian","ascension_level":7}