{"gold_per_floor":[118,68,83,100,25,50,50,50,99,127,127,50,50,77,77,150,150,167,180,279,194,48,48],"floor_reached":23,"playtime":1977,"items_purged":["Strike_R"],"score":388,"play_id":"d118b90e-2993-4039-bc8b-4c98e5136238","local_time":"20190602204211","is_ascension_mode":true,"campfire_choices":[{"data":"Bash","floor":11.0,"key":"SMITH"},{"data":"Clothesline","floor":13.0,"key":"SMITH"},{"data":"True Grit","floor":15.0,"key":"SMITH"}],"neow_cost":"NONE","seed_source_timestamp":23586848046607,"circlet_count":0,"master_deck":["AscendersBane","Strike_R","Strike_R","Strike_R","Defend_R","Defend_R","Defend_R","Defend_R","Bash+1","Headbutt","Hemokinesis","True Grit+1","Clothesline+1","Pummel","Feel No Pain","Feed","Metallicize+1"],"special_seed":0,"relics":["Burning Blood","Boot","Mango","Strawberry","Gremlin Horn","Thread and Needle","Coffee Dripper","FossilizedHelix","PreservedInsect"],"potions_floor_usage":[23],"damage_taken":[{"damage":1.0,"enemies":"Cultist","floor":1.0,"turns":3.0},{"damage":4.0,"enemies":"Jaw Worm","floor":3.0,"turns":4.0},{"damage":4.0,"enemies":"Small Slimes","floor":4.0,"turns":4.0},{"damage":22.0,"enemies":"Lagavulin","floor":6.0,"turns":5.0},{"damage":12.0,"enemies":"Gremlin Nob","floor":10.0,"turns":3.0},{"damage":34.0,"enemies":"Lagavulin","floor":14.0,"turns":8.0},{"damage":18.0,"enemies":"Slime Boss","floor":16.0,"turns":7.0},{"damage":24.0,"enemies":"Spheric Guardian","floor":18.0,"turns":4.0},{"damage":7.0,"enemies":"Shell Parasite","floor":19.0,"turns":6.0},{"damage":78,"enemies":"Gremlin Leader","floor":23,"turns":9}],"seed_played":"5361239106894868278","potions_obtained":[{"floor":1.0,"key":"PowerPotion"},{"floor":4.0,"key":"SneckoOil"},{"floor":14.0,"key":"Strength Potion"}],"is_trial":false,"path_per_floor":["M","?","M","M","$","E","?","$","T","E","R","$","R","E","R","B",null,"M","M","?","?","$","E"],"character_chosen":"IRONCLAD","items_purchased":["Feel No Pain","PreservedInsect"],"campfire_rested":0,"item_purchase_floors":[12,22],"current_hp_per_floor":[85,85,87,88,88,72,83,83,90,84,84,84,84,56,56,44,93,75,77,77,77,77,0],"gold":48,"neow_bonus":"TEN_PERCENT_HP_BONUS","is_prod":false,"is_daily":false,"chose_seed":false,"campfire_upgraded":3,"win_rate":0,"timestamp":1559488331,"path_taken":["M","?","M","M","?","E","?","$","T","E","R","$","R","E","R","BOSS","M","M","?","?","$","E"],"build_version":"2019-01-23","purchased_purges":1,"victory":false,"max_hp_per_floor":[88,88,88,88,88,88,102,102,109,109,109,109,109,109,109,109,109,109,112,112,112,112,112],"card_choices":[{"not_picked":["Rage","Havoc"],"picked":"Headbutt","floor":1.0},{"not_picked":["Heavy Blade","Rampage"],"picked":"Hemokinesis","floor":3.0},{"not_picked":["Warcry","Corruption"],"picked":"True Grit","floor":4.0},{"not_picked":["Combust","Heavy Blade"],"picked":"Clothesline","floor":6.0},{"not_picked":["Sword Boomerang","Dual Wield"],"picked":"Pummel","floor":10.0},{"not_picked":["Twin Strike","Carnage","Clash"],"picked":"SKIP","floor":14.0},{"not_picked":["Dark Embrace","Reaper"],"picked":"Feed","floor":16.0},{"not_picked":["Perfected Strike","Wild Strike+1"],"picked":"Metallicize+1","floor":18.0},{"not_picked":["Warcry","Blood for Blood","Pommel Strike"],"picked":"SKIP","floor":19.0}],"player_experience":1111197,"relics_obtained":[{"floor":6.0,"key":"Boot"},{"floor":9.0,"key":"Strawberry"},{"floor":10.0,"key":"Gremlin Horn"},{"floor":14.0,"key":"Thread and Needle"}],"event_choices":[{"cards_removed":["Strike_R"],"damage_healed":0.0,"max_hp_gain":0.0,"max_hp_loss":0.0,"gold_gain":0.0,"event_name":"The Cleric","player_choice":"Card Removal","floor":2.0,"gold_loss":50.0,"damage_taken":0.0},{"damage_healed":0.0,"max_hp_gain":0.0,"max_hp_loss":0.0,"gold_gain":0.0,"event_name":"Scrap Ooze","player_choice":"Success","floor":7.0,"gold_loss":0.0,"damage_taken":3.0,"relics_obtained":["Mango"]},{"damage_healed":0.0,"max_hp_gain":0.0,"max_hp_loss":0.0,"gold_gain":99.0,"event_name":"Nest","player_choice":"Stole From Cult","floor":20.0,"gold_loss":0.0,"damage_taken":0.0},{"damage_healed":0.0,"max_hp_gain":0.0,"max_hp_loss":0.0,"gold_gain":0.0,"event_name":"Addict","player_choice":"Obtained Relic","floor":21.0,"gold_loss":85.0,"damage_taken":0.0,"relics_obtained":["FossilizedHelix"]}],"is_beta":false,"boss_relics":[{"not_picked":["Busted Crown","White Beast Statue"],"picked":"Coffee Dripper"}],"items_purged_floors":[5],"is_endless":false,"potions_floor_spawned":[1,4,14],"killed_by":"Gremlin Leader","ascension_level":13}