{"gold_per_floor":[116,135,145,145,145,179,56,83,83,83,83,93,110,129,129,224,224,238,248,148,167,42,75,75,75,75,75,75,75,89,108,108,203,203,213,213,228,78,98,132,132,166,166,181,196,212,222,254,254,254,254,254,49,80,80],"floor_reached":55,"playtime":2935,"items_purged":["Strike_R","Defend_R","Defend_R","Bash"],"score":906,"play_id":"76ebaa38-5fd4-4b1c-964f-1aab4aafe053","local_time":"20190601223017","is_ascension_mode":false,"campfire_choices":[{"data":"Dropkick","floor":10.0,"key":"SMITH"},{"data":"Dual Wield","floor":15.0,"key":"SMITH"},{"data":"Dropkick","floor":24.0,"key":"SMITH"},{"floor":28.0,"key":"RECALL"},{"floor":32.0,"key":"REST"},{"data":"Thunderclap","floor":41.0,"key":"SMITH"},{"data":"Defend_R","floor":49.0,"key":"SMITH"},{"floor":52,"key":"REST"}],"neow_cost":"TEN_PERCENT_HP_LOSS","seed_source_timestamp":2284589377212257,"circlet_count":0,"master_deck":["Defend_R+1","Dropkick+1","Thunderclap+1","Dual Wield+1","Dropkick+1"],"special_seed":0,"relics":["Burning Blood","Centennial Puzzle","Odd Mushroom","Paper Frog","Empty Cage","Meat on the Bone","Cursed Key","Orichalcum","Du-Vu Doll","Anchor","Blood Vial","Vajra","Bag of Marbles"],"potions_floor_usage":[50,55,55,55],"damage_taken":[{"damage":6.0,"enemies":"Jaw Worm","floor":1.0,"turns":3.0},{"damage":4.0,"enemies":"2 Louse","floor":2.0,"turns":3.0},{"damage":6.0,"enemies":"Small Slimes","floor":3.0,"turns":3.0},{"damage":31.0,"enemies":"Lagavulin","floor":6.0,"turns":5.0},{"damage":16.0,"enemies":"The Mushroom Lair","floor":8.0,"turns":3.0},{"damage":7.0,"enemies":"Blue Slaver","floor":12.0,"turns":3.0},{"damage":8.0,"enemies":"Red Slaver","floor":13.0,"turns":2.0},{"damage":1.0,"enemies":"2 Fungi Beasts","floor":14.0,"turns":3.0},{"damage":25.0,"enemies":"Hexaghost","floor":16.0,"turns":5.0},{"damage":7.0,"enemies":"Shell Parasite","floor":18.0,"turns":2.0},{"damage":5.0,"enemies":"2 Thieves","floor":19.0,"turns":2.0},{"damage":15.0,"enemies":"Snake Plant","floor":21.0,"turns":3.0},{"damage":0.0,"enemies":"Book of Stabbing","floor":23.0,"turns":1.0},{"damage":0.0,"enemies":"Snecko","floor":30.0,"turns":1.0},{"damage":40.0,"enemies":"Sentry and Sphere","floor":31.0,"turns":5.0},{"damage":0.0,"enemies":"Champ","floor":33.0,"turns":1.0},{"damage":0.0,"enemies":"Orb Walker","floor":35.0,"turns":1.0},{"damage":21.0,"enemies":"3 Shapes","floor":37.0,"turns":3.0},{"damage":0.0,"enemies":"Transient","floor":39.0,"turns":1.0},{"damage":0.0,"enemies":"Reptomancer","floor":40.0,"turns":1.0},{"damage":0.0,"enemies":"Giant Head","floor":42.0,"turns":1.0},{"damage":0.0,"enemies":"Writhing Mass","floor":44.0,"turns":1.0},{"damage":22.0,"enemies":"Sphere and 2 Shapes","floor":45.0,"turns":4.0},{"damage":0.0,"enemies":"3 Darklings","floor":46.0,"turns":1.0},{"damage":0.0,"enemies":"Maw","floor":47.0,"turns":1.0},{"damage":0.0,"enemies":"Nemesis","floor":48.0,"turns":1.0},{"damage":31,"enemies":"Time Eater","floor":50,"turns":3},{"damage":8,"enemies":"Shield and Spear","floor":54,"turns":2},{"damage":77,"enemies":"The Heart","floor":55,"turns":4}],"seed_played":"3591010207913404667","potions_obtained":[{"floor":2.0,"key":"SteroidPotion"},{"floor":6.0,"key":"Weak Potion"},{"floor":12.0,"key":"SkillPotion"},{"floor":14.0,"key":"Fire Potion"},{"floor":23.0,"key":"Weak Potion"},{"floor":30.0,"key":"Fire Potion"},{"floor":37.0,"key":"Regen Potion"},{"floor":45.0,"key":"Explosive Potion"},{"floor":46.0,"key":"Block Potion"}],"is_trial":false,"path_per_floor":["M","M","M","?","?","E","$","?","T","R","?","M","M","M","R","B",null,"M","M","$","M","$","E","R","?","T","?","R","$","M","M","R","B",null,"M","?","M","$","M","E","R","E","T","M","M","M","M","E","R","B",null,"R","$","E","B"],"character_chosen":"IRONCLAD","items_purchased":["Thunderclap","Vajra","Block Potion"],"campfire_rested":2,"item_purchase_floors":[7,53,53],"current_hp_per_floor":[72,72,72,77,77,52,52,42,42,42,35,34,32,37,37,18,77,76,77,77,68,68,74,74,74,74,74,74,74,77,55,77,77,77,77,77,62,62,68,74,74,77,77,77,61,67,73,77,77,52,77,77,77,75,0],"gold":80,"neow_bonus":"REMOVE_TWO","is_prod":false,"is_daily":false,"chose_seed":false,"campfire_upgraded":5,"win_rate":0,"timestamp":1559442617,"path_taken":["M","M","M","?","?","E","$","?","T","R","?","M","M","?","R","BOSS","M","M","$","M","$","E","R","?","T","?","R","$","M","M","R","BOSS","M","?","M","$","M","E","R","E","T","M","M","M","M","E","R","BOSS","R","$","E","BOSS"],"build_version":"2019-01-23","purchased_purges":4,"victory":false,"max_hp_per_floor":[72,72,72,77,77,77,77,77,77,77,77,77,77,77,77,77,77,77,77,77,77,77,77,77,77,77,77,77,77,77,77,77,77,77,77,77,77,77,77,77,77,77,77,77,77,77,77,77,77,77,77,77,77,77,77],"card_choices":[{"not_picked":["Perfected Strike","Clash","Sword Boomerang"],"picked":"SKIP","floor":1.0},{"not_picked":["Dual Wield","Iron Wave"],"picked":"Dropkick","floor":2.0},{"not_picked":["Bloodletting","Shockwave","Feel No Pain"],"picked":"SKIP","floor":3.0},{"not_picked":["Evolve","Flex","Whirlwind"],"picked":"SKIP","floor":6.0},{"not_picked":["Shrug It Off","Flex"],"picked":"Dual Wield","floor":12.0},{"not_picked":["Evolve","Twin Strike","Headbutt"],"picked":"SKIP","floor":13.0},{"not_picked":["Rampage","Twin Strike"],"picked":"Dropkick","floor":14.0},{"not_picked":["Wild Strike","Ghostly Armor","Iron Wave"],"picked":"SKIP","floor":18.0},{"not_picked":["Rage","Seeing Red","Inflame+1"],"picked":"SKIP","floor":19.0},{"not_picked":["Wild Strike","Clash","Flex"],"picked":"SKIP","floor":21.0},{"not_picked":["Immolate","Twin Strike","Metallicize"],"picked":"SKIP","floor":23.0},{"not_picked":["Evolve","Battle Trance","Cleave"],"picked":"SKIP","floor":30.0},{"not_picked":["Uppercut","Warcry","Dropkick"],"picked":"SKIP","floor":31.0},{"not_picked":["Clothesline+1","Sever Soul+1","Wild Strike+1"],"picked":"SKIP","floor":35.0},{"not_picked":["Wild Strike+1","Carnage+1","Armaments+1"],"picked":"SKIP","floor":37.0},{"not_picked":["Shrug It Off+1","Infernal Blade","Clash+1"],"picked":"SKIP","floor":39.0},{"not_picked":["Perfected Strike+1","Shockwave+1","Twin Strike+1"],"picked":"SKIP","floor":40.0},{"not_picked":["Hemokinesis+1","Bludgeon","Berserk"],"picked":"SKIP","floor":42.0},{"not_picked":["Headbutt+1","Sentinel+1","Thunderclap"],"picked":"SKIP","floor":44.0},{"not_picked":["Anger+1","Body Slam","Wild Strike+1"],"picked":"SKIP","floor":45.0},{"not_picked":["Corruption","Searing Blow","Perfected Strike+1"],"picked":"SKIP","floor":46.0},{"not_picked":["Shockwave+1","Clash+1","Anger+1"],"picked":"SKIP","floor":47.0},{"not_picked":["Reckless Charge","Feed","Body Slam"],"picked":"SKIP","floor":48.0},{"not_picked":["Anger","Armaments","Infernal Blade+1"],"picked":"SKIP","floor":54}],"player_experience":371783,"relics_obtained":[{"floor":6.0,"key":"Centennial Puzzle"},{"floor":8.0,"key":"Odd Mushroom"},{"floor":9.0,"key":"Paper Frog"},{"floor":23.0,"key":"Meat on the Bone"},{"floor":40.0,"key":"Du-Vu Doll"},{"floor":42.0,"key":"Anchor"},{"floor":48.0,"key":"Blood Vial"},{"floor":54,"key":"Bag of Marbles"}],"event_choices":[{"damage_healed":0.0,"max_hp_gain":5.0,"max_hp_loss":0.0,"gold_gain":0.0,"event_name":"Big Fish","player_choice":"Donut","floor":4.0,"gold_loss":0.0,"damage_taken":0.0},{"damage_healed":0.0,"max_hp_gain":0.0,"max_hp_loss":0.0,"gold_gain":0.0,"event_name":"Liars Game","player_choice":"Ignored","floor":5.0,"gold_loss":0.0,"damage_taken":0.0},{"damage_healed":0.0,"max_hp_gain":0.0,"max_hp_loss":0.0,"gold_gain":0.0,"event_name":"Mushrooms","player_choice":"Fought Mushrooms","floor":8.0,"gold_loss":0.0,"damage_taken":0.0},{"cards_removed":["Defend_R"],"damage_healed":0.0,"max_hp_gain":0.0,"max_hp_loss":0.0,"gold_gain":0.0,"event_name":"Golden Wing","player_choice":"Card Removal","floor":11.0,"gold_loss":0.0,"damage_taken":7.0},{"damage_healed":0.0,"max_hp_gain":0.0,"max_hp_loss":0.0,"gold_gain":0.0,"event_name":"Vampires","player_choice":"Ignored","floor":25.0,"gold_loss":0.0,"damage_taken":0.0},{"damage_healed":0.0,"max_hp_gain":0.0,"max_hp_loss":0.0,"gold_gain":0.0,"event_name":"The Mausoleum","player_choice":"Ignored","floor":27.0,"gold_loss":0.0,"damage_taken":0.0},{"damage_healed":0.0,"max_hp_gain":0.0,"max_hp_loss":0.0,"gold_gain":0.0,"event_name":"WeMeetAgain","player_choice":"Gave Potion","floor":36.0,"gold_loss":0.0,"damage_taken":0.0,"relics_obtained":["Orichalcum"]}],"is_beta":false,"boss_relics":[{"not_picked":["Philosopher\u0027s Stone","Coffee Dripper"],"picked":"Empty Cage"},{"not_picked":["Pandora\u0027s Box","Astrolabe"],"picked":"Cursed Key"}],"items_purged_floors":[7,20,22,38],"is_endless":false,"potions_floor_spawned":[2,6,12,14,23,30,35,37,45,46],"killed_by":"The Heart","ascension_level":0}