{"gold_per_floor":[117,117,128,147,163,163,238,238,238,271,271,271,284,298,298,376,376,395,395,395,395,405,405,163,183,183,233,243,243,260,278,278,278],"floor_reached":33,"playtime":1074,"items_purged":[],"score":486,"play_id":"1ffea936-7062-4311-bfab-a3ec6a423c61","local_time":"20190501014722","is_ascension_mode":true,"campfire_choices":[{"data":"Bash","floor":6.0,"key":"SMITH"},{"data":"Disarm","floor":8.0,"key":"SMITH"},{"floor":12.0,"key":"REST"},{"floor":15.0,"key":"REST"},{"data":"Barricade","floor":23.0,"key":"SMITH"},{"floor":29.0,"key":"REST"},{"floor":32.0,"key":"REST"}],"neow_cost":"NONE","seed_source_timestamp":1504704290816540,"circlet_count":0,"master_deck":["AscendersBane","Strike_R","Defend_R","Defend_R","Defend_R","Defend_R","Bash+1","Metallicize","Disarm+1","Heavy Blade","Anger","Shockwave","Pommel Strike","Barricade+1","Sever Soul","Fire Breathing","Impervious","Finesse","Armaments","True Grit+1","Body Slam","Headbutt","Body Slam"],"special_seed":0,"relics":["Burning Blood","Omamori","Mummified Hand","Eternal Feather","Strawberry","Enchiridion","Matryoshka"],"potions_floor_usage":[33,33],"damage_taken":[{"damage":16.0,"enemies":"Small Slimes","floor":1.0,"turns":7.0},{"damage":6.0,"enemies":"Cultist","floor":3.0,"turns":3.0},{"damage":16.0,"enemies":"Jaw Worm","floor":4.0,"turns":5.0},{"damage":14.0,"enemies":"Looter","floor":5.0,"turns":4.0},{"damage":32.0,"enemies":"Lagavulin","floor":10.0,"turns":10.0},{"damage":12.0,"enemies":"2 Fungi Beasts","floor":13.0,"turns":3.0},{"damage":10.0,"enemies":"3 Louse","floor":14.0,"turns":2.0},{"damage":29.0,"enemies":"The Guardian","floor":16.0,"turns":15.0},{"damage":26.0,"enemies":"Chosen","floor":18.0,"turns":6.0},{"damage":14.0,"enemies":"2 Thieves","floor":22.0,"turns":5.0},{"damage":33.0,"enemies":"Centurion and Healer","floor":25.0,"turns":8.0},{"damage":14.0,"enemies":"Snecko","floor":28.0,"turns":6.0},{"damage":26.0,"enemies":"Shelled Parasite and Fungi","floor":30.0,"turns":7.0},{"damage":26.0,"enemies":"Centurion and Healer","floor":31.0,"turns":8.0},{"damage":53,"enemies":"Automaton","floor":33,"turns":8}],"seed_played":"-6768640497493679510","potions_obtained":[{"floor":1.0,"key":"Weak Potion"},{"floor":4.0,"key":"Fire Potion"},{"floor":13.0,"key":"Fire Potion"},{"floor":22.0,"key":"SkillPotion"},{"floor":25.0,"key":"GamblersBrew"},{"floor":30.0,"key":"Energy Potion"}],"is_trial":false,"path_per_floor":["M","?","M","M","M","R","?","R","T","E","?","R","M","M","R","B",null,"M","?","?","?","M","R","$","M","T","?","M","R","M","M","R","B"],"character_chosen":"IRONCLAD","items_purchased":["Finesse","Armaments","Regen Potion"],"campfire_rested":4,"item_purchase_floors":[24,24,24],"current_hp_per_floor":[65,65,65,55,47,47,36,36,36,10,3,27,21,17,41,18,66,46,53,53,32,24,33,33,21,21,21,13,51,31,11,49,0],"gold":278,"neow_bonus":"TEN_PERCENT_HP_BONUS","is_prod":false,"is_daily":false,"chose_seed":false,"campfire_upgraded":3,"win_rate":0,"timestamp":1556642842,"path_taken":["M","?","M","?","M","R","?","R","T","E","?","R","M","M","R","BOSS","M","?","?","?","M","R","$","M","T","?","?","R","M","M","R","BOSS"],"build_version":"2019-01-23","purchased_purges":0,"victory":false,"max_hp_per_floor":[82,82,82,82,82,82,82,82,82,82,82,82,82,82,82,82,82,82,89,89,89,89,89,89,89,89,89,89,89,89,89,89,89],"card_choices":[{"not_picked":["True Grit","Hemokinesis"],"picked":"Metallicize","floor":1.0},{"not_picked":["Clash","Headbutt"],"picked":"Disarm","floor":3.0},{"not_picked":["Flex","Sentinel","Disarm"],"picked":"SKIP","floor":4.0},{"not_picked":["Combust","Hemokinesis"],"picked":"Heavy Blade","floor":5.0},{"not_picked":["Warcry","Iron Wave"],"picked":"Anger","floor":10.0},{"not_picked":["Twin Strike","Fiend Fire"],"picked":"Shockwave","floor":13.0},{"not_picked":["Headbutt","Dual Wield"],"picked":"Pommel Strike","floor":14.0},{"not_picked":["Impervious","Brutality"],"picked":"Barricade","floor":16.0},{"not_picked":["Rampage","Flex+1"],"picked":"Sever Soul","floor":18.0},{"not_picked":["Clothesline","Wild Strike","Rampage"],"picked":"SKIP","floor":22.0},{"not_picked":["Armaments","Blood for Blood"],"picked":"True Grit+1","floor":25.0},{"not_picked":["Cleave","Dual Wield"],"picked":"Body Slam","floor":28.0},{"not_picked":["Combust","Clash"],"picked":"Headbutt","floor":30.0},{"not_picked":["Wild Strike","Infernal Blade"],"picked":"Body Slam","floor":31.0}],"player_experience":465370,"relics_obtained":[{"floor":9.0,"key":"Omamori"},{"floor":10.0,"key":"Mummified Hand"},{"floor":21.0,"key":"Enchiridion"},{"floor":26.0,"key":"Matryoshka"}],"event_choices":[{"cards_removed":["Strike_R"],"damage_healed":0.0,"max_hp_gain":0.0,"max_hp_loss":0.0,"gold_gain":0.0,"event_name":"Wheel of Change","player_choice":"Card Removal","floor":2.0,"gold_loss":0.0,"damage_taken":0.0},{"damage_healed":0.0,"max_hp_gain":0.0,"max_hp_loss":0.0,"gold_gain":75.0,"event_name":"World of Goop","player_choice":"Gather Gold","floor":7.0,"gold_loss":0.0,"damage_taken":11.0},{"cards_removed":["Strike_R"],"damage_healed":0.0,"max_hp_gain":0.0,"max_hp_loss":0.0,"gold_gain":0.0,"event_name":"Golden Wing","player_choice":"Card Removal","floor":11.0,"gold_loss":0.0,"damage_taken":7.0},{"damage_healed":0.0,"max_hp_gain":0.0,"max_hp_loss":0.0,"gold_gain":0.0,"event_name":"The Mausoleum","player_choice":"Opened","floor":19.0,"gold_loss":0.0,"damage_taken":0.0,"relics_obtained":["Strawberry"],"cards_obtained":["Writhe"]},{"damage_healed":0.0,"max_hp_gain":0.0,"max_hp_loss":0.0,"gold_gain":0.0,"cards_transformed":["Strike_R","Strike_R"],"event_name":"Drug Dealer","player_choice":"Became Test Subject","floor":20.0,"gold_loss":0.0,"damage_taken":0.0,"cards_obtained":["Fire Breathing","Impervious"]},{"damage_healed":0.0,"max_hp_gain":0.0,"max_hp_loss":0.0,"gold_gain":0.0,"event_name":"Cursed Tome","player_choice":"Obtained Book","floor":21.0,"gold_loss":0.0,"damage_taken":21.0},{"damage_healed":0.0,"max_hp_gain":0.0,"max_hp_loss":0.0,"gold_gain":50.0,"event_name":"Nest","player_choice":"Stole From Cult","floor":27.0,"gold_loss":0.0,"damage_taken":0.0}],"is_beta":false,"boss_relics":[{"not_picked":["Empty Cage","Coffee Dripper"],"picked":"Eternal Feather"}],"items_purged_floors":[],"is_endless":false,"potions_floor_spawned":[1,4,13,22,25,30,31],"killed_by":"Automaton","ascension_level":19}