{"gold_per_floor":[116,126,138,138,148,148,113,127,127,127,127,140,174,200,200,302,302,318,43,62,78,93,93,68,100,123,149,149,162,13,24,24,125,125,136,136,236,255,79,79,0,34,34,34,53,53,69,86,86,86,86,86,86,115,115],"floor_reached":55,"playtime":6408,"items_purged":["Strike_G","Strike_G","Strike_G"],"score":764,"play_id":"478668c1-08ac-472d-80c7-1fa2d6331f3a","local_time":"20190429161814","is_ascension_mode":false,"campfire_choices":[{"data":"Cloak And Dagger","floor":6,"key":"SMITH"},{"data":"Infinite Blades","floor":10,"key":"SMITH"},{"data":"Blade Dance","floor":15,"key":"SMITH"},{"data":"Adrenaline","floor":23,"key":"SMITH"},{"floor":28,"key":"REST"},{"data":"Phantasmal Killer","floor":32,"key":"SMITH"},{"floor":40,"key":"RECALL"},{"data":"Reflex","floor":44,"key":"SMITH"},{"floor":49,"key":"REST"},{"data":"Die Die Die","floor":52,"key":"SMITH"}],"neow_cost":"NONE","seed_source_timestamp":931369102276936,"circlet_count":0,"master_deck":["Defend_G","Defend_G+1","Defend_G","Defend_G","Defend_G","Strike_G+1","Survivor","Neutralize","Flying Knee","Cloak And Dagger+1","Underhanded Strike","Flying Knee","Infinite Blades+1","Blade Dance+1","Backflip","Adrenaline+1","Footwork+1","Underhanded Strike","Concentrate","Calculated Gamble","Prepared+1","Caltrops","Outmaneuver","Backflip","Infinite Blades+1","Underhanded Strike","Prepared","Phantasmal Killer+1","Underhanded Strike","Die Die Die+1","Reflex+1","Bandage Up","Blade Dance","Concentrate+1","Prepared+1","Acrobatics","Doppelganger"],"relics":["Ring of the Snake","Sundial","Ornamental Fan","Pantograph","Odd Mushroom","Runic Pyramid","Bottled Tornado","Ancient Tea Set","Dream Catcher","WristBlade","Tough Bandages","Red Mask","Molten Egg 2","Pocketwatch"],"potions_floor_usage":[16,25,27,27,35,42,42,47,50,50,50],"damage_taken":[{"damage":0,"enemies":"Jaw Worm","floor":1,"turns":4},{"damage":0,"enemies":"Small Slimes","floor":2,"turns":3},{"damage":0,"enemies":"2 Louse","floor":3,"turns":3},{"damage":0,"enemies":"Blue Slaver","floor":5,"turns":4},{"damage":2,"enemies":"Looter","floor":8,"turns":4},{"damage":0,"enemies":"3 Louse","floor":12,"turns":3},{"damage":3,"enemies":"Gremlin Nob","floor":13,"turns":4},{"damage":8,"enemies":"The Mushroom Lair","floor":14,"turns":4},{"damage":3,"enemies":"Slime Boss","floor":16,"turns":8},{"damage":5,"enemies":"2 Thieves","floor":18,"turns":4},{"damage":2,"enemies":"Spheric Guardian","floor":20,"turns":4},{"damage":1,"enemies":"Centurion and Healer","floor":21,"turns":7},{"damage":4,"enemies":"Shelled Parasite and Fungi","floor":22,"turns":6},{"damage":0,"enemies":"Book of Stabbing","floor":25,"turns":6},{"damage":32,"enemies":"Slavers","floor":27,"turns":9},{"damage":0,"enemies":"Cultist and Chosen","floor":29,"turns":6},{"damage":1,"enemies":"Centurion and Healer","floor":31,"turns":5},{"damage":1,"enemies":"Champ","floor":33,"turns":12},{"damage":13,"enemies":"3 Darklings","floor":35,"turns":5},{"damage":0,"enemies":"Mind Bloom Boss Battle","floor":37,"turns":4},{"damage":0,"enemies":"Orb Walker","floor":38,"turns":3},{"damage":7,"enemies":"Reptomancer","floor":42,"turns":6},{"damage":0,"enemies":"4 Shapes","floor":45,"turns":5},{"damage":0,"enemies":"Transient","floor":47,"turns":5},{"damage":25,"enemies":"Maw","floor":48,"turns":9},{"damage":39,"enemies":"Donu and Deca","floor":50,"turns":10},{"damage":19,"enemies":"Shield and Spear","floor":54,"turns":6},{"damage":70,"enemies":"The Heart","floor":55,"turns":6}],"seed_played":"2189205362353642552","potions_obtained":[{"floor":8,"key":"Fire Potion"},{"floor":12,"key":"Regen Potion"},{"floor":13,"key":"Ancient Potion"},{"floor":21,"key":"Swift Potion"},{"floor":25,"key":"Poison Potion"},{"floor":33,"key":"Energy Potion"},{"floor":35,"key":"FearPotion"},{"floor":42,"key":"Explosive Potion"},{"floor":47,"key":"LiquidBronze"},{"floor":48,"key":"SpeedPotion"}],"is_trial":false,"path_per_floor":["?","?","T","?","?","?","?","?","M"],"character_chosen":"THE_SILENT","items_purchased":["Underhanded Strike","Concentrate","Calculated Gamble","Backflip","Underhanded Strike","PowerPotion"],"campfire_rested":2,"item_purchase_floors":[19,19,19,24,30,39],"current_hp_per_floor":[70,70,70,56,56,56,70,68,68,68,68,68,65,57,57,67,70,65,65,63,62,58,58,58,58,58,41,62,62,62,61,61,69,70,57,57,70,70,70,70,70,63,63,63,63,63,66,41,60,31,66,66,66,51,0],"gold":115,"neow_bonus":"TRANSFORM_CARD","is_prod":false,"is_daily":false,"chose_seed":false,"campfire_upgraded":7,"win_rate":0,"timestamp":1556569094,"path_taken":["M","M","M","?","M","R","?","M","T","R","?","M","E","?","R","BOSS","M","$","M","M","M","R","$","E","T","E","R","M","$","M","R","BOSS","M","?","?","M","$","R","?","E","T","R","M","?","M","?","R","BOSS","R","$","E","BOSS"],"build_version":"2019-01-23","purchased_purges":3,"victory":false,"max_hp_per_floor":[70,70,70,70,70,70,70,70,70,70,70,70,70,70,70,70,70,70,70,70,70,70,70,70,70,70,70,70,70,70,70,70,70,70,70,70,70,70,70,70,70,70,70,70,70,66,66,66,66,66,66,66,66,66,66],"card_choices":[{"not_picked":["PiercingWail","Dagger Spray"],"picked":"Cloak And Dagger","floor":1},{"not_picked":["Deflect","PiercingWail","Bane"],"picked":"SKIP","floor":2},{"not_picked":["Slice","PiercingWail"],"picked":"Underhanded Strike","floor":3},{"not_picked":["Dodge and Roll","Flechettes"],"picked":"Flying Knee","floor":5},{"not_picked":["Masterful Stab","Slice"],"picked":"Infinite Blades","floor":8},{"not_picked":["Eviscerate","Crippling Poison","Reflex"],"picked":"SKIP","floor":12},{"not_picked":["Riddle With Holes","Tactician"],"picked":"Blade Dance","floor":13},{"not_picked":["Catalyst","Underhanded Strike"],"picked":"Backflip","floor":14},{"not_picked":["Glass Knife","Grand Finale"],"picked":"Adrenaline","floor":16},{"not_picked":["Setup+1","Prepared+1"],"picked":"Footwork+1","floor":18},{"not_picked":["Quick Slash+1","Deadly Poison"],"picked":"Prepared+1","floor":20},{"not_picked":["Quick Slash","Endless Agony"],"picked":"Caltrops","floor":21},{"not_picked":["Heel Hook+1","Catalyst"],"picked":"Outmaneuver","floor":22},{"not_picked":["Well Laid Plans","Eviscerate+1"],"picked":"Infinite Blades+1","floor":25},{"not_picked":["Infinite Blades","Deflect"],"picked":"Underhanded Strike","floor":27},{"not_picked":["Riddle With Holes","Dagger Throw"],"picked":"Prepared","floor":28},{"not_picked":["Distraction","Outmaneuver"],"picked":"Phantasmal Killer","floor":29},{"not_picked":["Skewer+1","Deflect","Sucker Punch"],"picked":"SKIP","floor":31},{"not_picked":["Glass Knife","Wraith Form v2"],"picked":"Die Die Die","floor":33},{"not_picked":["Backstab","Calculated Gamble"],"picked":"Reflex","floor":35},{"not_picked":["Transmutation","Violence"],"picked":"Bandage Up","floor":36},{"not_picked":["Sucker Punch","Eviscerate+1"],"picked":"Blade Dance","floor":37},{"not_picked":["Dagger Throw","Deadly Poison","Distraction+1"],"picked":"SKIP","floor":38},{"not_picked":["Setup","Backflip","Skewer+1"],"picked":"SKIP","floor":42},{"not_picked":["Predator+1","Bane+1"],"picked":"Concentrate+1","floor":45},{"not_picked":["Dash+1","Blade Dance"],"picked":"Prepared+1","floor":47},{"not_picked":["Predator+1","Heel Hook+1"],"picked":"Acrobatics","floor":48},{"not_picked":["Poisoned Stab+1","Choke+1"],"picked":"Doppelganger","floor":54}],"player_experience":428267,"relics_obtained":[{"floor":9,"key":"Sundial"},{"floor":11,"key":"Ornamental Fan"},{"floor":13,"key":"Pantograph"},{"floor":14,"key":"Odd Mushroom"},{"floor":25,"key":"Bottled Tornado"},{"floor":26,"key":"Ancient Tea Set"},{"floor":27,"key":"Dream Catcher"},{"floor":37,"key":"Tough Bandages"},{"floor":42,"key":"Molten Egg 2"},{"floor":54,"key":"Pocketwatch"}],"event_choices":[{"damage_healed":0,"gold_gain":0,"player_choice":"Entered Light","damage_taken":14,"max_hp_gain":0,"max_hp_loss":0,"event_name":"Shining Light","floor":4,"gold_loss":0,"cards_upgraded":["Strike_G","Defend_G"]},{"damage_healed":17,"gold_gain":0,"player_choice":"Healed","damage_taken":0,"max_hp_gain":0,"max_hp_loss":0,"event_name":"The Cleric","floor":7,"gold_loss":35},{"damage_healed":0,"gold_gain":0,"player_choice":"Fought Mushrooms","damage_taken":0,"max_hp_gain":0,"max_hp_loss":0,"event_name":"Mushrooms","floor":14,"gold_loss":0},{"damage_healed":0,"gold_gain":0,"player_choice":"Memory 1","damage_taken":0,"max_hp_gain":0,"max_hp_loss":0,"event_name":"SensoryStone","floor":36,"gold_loss":0},{"damage_healed":0,"gold_gain":0,"player_choice":"Fight","damage_taken":0,"max_hp_gain":0,"max_hp_loss":0,"event_name":"MindBloom","floor":37,"gold_loss":0},{"damage_healed":0,"gold_gain":0,"player_choice":"Paid","damage_taken":0,"relics_obtained":["Red Mask"],"max_hp_gain":0,"max_hp_loss":0,"event_name":"Tomb of Lord Red Mask","floor":41,"gold_loss":79},{"damage_healed":0,"gold_gain":0,"player_choice":"Max HP","damage_taken":0,"max_hp_gain":0,"max_hp_loss":4,"event_name":"Winding Halls","floor":46,"gold_loss":0}],"is_beta":false,"boss_relics":[{"not_picked":["Tiny House","Runic Dome"],"picked":"Runic Pyramid"},{"not_picked":["Fusion Hammer","Philosopher\u0027s Stone"],"picked":"WristBlade"}],"items_purged_floors":[19,30,39],"is_endless":false,"potions_floor_spawned":[8,12,13,14,21,22,25,33,35,42,47,48],"killed_by":"The Heart","ascension_level":0}