{"gold_per_floor":[113,16,16,28,28,28,61,76,76,76,100,100,129,142,142,243,243,261,279,279,296,31,31,31],"floor_reached":24,"playtime":739,"items_purged":[],"score":305,"play_id":"216dfa4a-e8c9-4186-8192-38254fb51611","local_time":"20190519183840","is_ascension_mode":true,"campfire_choices":[{"data":"Discovery","floor":6.0,"key":"SMITH"},{"data":"Buffer","floor":10.0,"key":"SMITH"},{"data":"Static Discharge","floor":12.0,"key":"SMITH"},{"data":"Zap","floor":15.0,"key":"SMITH"},{"data":"Heatsinks","floor":23,"key":"SMITH"}],"neow_cost":"NONE","seed_source_timestamp":25164474000019,"circlet_count":0,"master_deck":["Strike_B","Strike_B","Strike_B","Defend_B","Defend_B","Defend_B","Defend_B","Zap+1","Dualcast","Static Discharge+1","Discovery+1","Buffer+1","Undo","Rebound","Leap","Seek","Conserve Battery+1","Barrage+1","Heatsinks+1"],"special_seed":0,"relics":["Cracked Core","NeowsBlessing","DataDisk","Juzu Bracelet","Matryoshka","Odd Mushroom","Bottled Flame","Inserter","Regal Pillow","Strange Spoon"],"potions_floor_usage":[],"damage_taken":[{"damage":0.0,"enemies":"Cultist","floor":1.0,"turns":1.0},{"damage":0.0,"enemies":"2 Louse","floor":4.0,"turns":1.0},{"damage":0.0,"enemies":"Gremlin Nob","floor":7.0,"turns":1.0},{"damage":0.0,"enemies":"Small Slimes","floor":8.0,"turns":3.0},{"damage":11.0,"enemies":"The Mushroom Lair","floor":11.0,"turns":4.0},{"damage":0.0,"enemies":"Lagavulin","floor":13.0,"turns":7.0},{"damage":12.0,"enemies":"2 Fungi Beasts","floor":14.0,"turns":2.0},{"damage":30.0,"enemies":"Hexaghost","floor":16.0,"turns":6.0},{"damage":11.0,"enemies":"Chosen","floor":18.0,"turns":4.0},{"damage":2.0,"enemies":"Shell Parasite","floor":19.0,"turns":8.0},{"damage":24,"enemies":"Centurion and Healer","floor":21,"turns":8},{"damage":41,"enemies":"Gremlin Leader","floor":24,"turns":4}],"seed_played":"2226689081602235060","potions_obtained":[{"floor":7.0,"key":"Block Potion"},{"floor":11.0,"key":"FocusPotion"},{"floor":16.0,"key":"Strength Potion"}],"is_trial":false,"path_per_floor":["M","$","T","M","?","R","E","M","T","R","?","R","E","M","R","B",null,"M","M","?","M","$","R","E"],"character_chosen":"DEFECT","items_purchased":["Discovery","Strange Spoon","Heatsinks"],"campfire_rested":0,"item_purchase_floors":[2,22,22],"current_hp_per_floor":[75,75,75,75,75,75,75,75,75,75,64,64,64,52,52,22,75,64,62,62,38,38,38,0],"gold":31,"neow_bonus":"THREE_ENEMY_KILL","is_prod":false,"is_daily":false,"chose_seed":false,"campfire_upgraded":5,"win_rate":0,"timestamp":1558283920,"path_taken":["M","$","?","M","?","R","E","M","T","R","?","R","E","M","R","BOSS","M","M","?","M","$","R","E"],"build_version":"2019-01-23","purchased_purges":0,"victory":false,"max_hp_per_floor":[75,75,75,75,75,75,75,75,75,75,75,75,75,75,75,75,75,75,75,75,75,75,75,75],"card_choices":[{"not_picked":["Ball Lightning","Stack"],"picked":"Static Discharge","floor":1.0},{"not_picked":["Streamline","Barrage","Double Energy"],"picked":"SKIP","floor":4.0},{"not_picked":["Streamline","Barrage","Double Energy"],"picked":"SKIP","floor":4.0},{"not_picked":["Consume","Steam","Streamline"],"picked":"SKIP","floor":7.0},{"not_picked":["Streamline","Steam Power"],"picked":"Undo","floor":8.0},{"not_picked":["Conserve Battery","Turbo"],"picked":"Rebound","floor":13.0},{"not_picked":["Darkness","Hello World"],"picked":"Leap","floor":14.0},{"not_picked":["Buffer","All For One"],"picked":"Seek","floor":16.0},{"not_picked":["Turbo+1","Hologram+1","Steam"],"picked":"SKIP","floor":18.0},{"not_picked":["Hologram+1","Conserve Battery+1","Coolheaded"],"picked":"SKIP","floor":19.0},{"not_picked":["Hologram+1","Coolheaded"],"picked":"Conserve Battery+1","floor":19.0},{"not_picked":["Glacier","Fission"],"picked":"Barrage+1","floor":21}],"player_experience":74118,"relics_obtained":[{"floor":3.0,"key":"DataDisk"},{"floor":7.0,"key":"Juzu Bracelet"},{"floor":9.0,"key":"Matryoshka"},{"floor":11.0,"key":"Odd Mushroom"},{"floor":13.0,"key":"Bottled Flame"}],"event_choices":[{"damage_healed":0.0,"max_hp_gain":0.0,"max_hp_loss":0.0,"gold_gain":0.0,"cards_transformed":["Strike_B"],"event_name":"Transmorgrifier","player_choice":"Transformed","floor":5.0,"gold_loss":0.0,"damage_taken":0.0,"cards_obtained":["Buffer"]},{"damage_healed":0.0,"max_hp_gain":0.0,"max_hp_loss":0.0,"gold_gain":0.0,"event_name":"Mushrooms","player_choice":"Fought Mushrooms","floor":11.0,"gold_loss":0.0,"damage_taken":0.0},{"damage_healed":0.0,"max_hp_gain":0.0,"max_hp_loss":0.0,"gold_gain":0.0,"event_name":"The Mausoleum","player_choice":"Opened","floor":20.0,"gold_loss":0.0,"damage_taken":0.0,"relics_obtained":["Regal Pillow"]}],"is_beta":false,"boss_relics":[{"not_picked":["Nuclear Battery","Coffee Dripper"],"picked":"Inserter"}],"items_purged_floors":[],"is_endless":false,"potions_floor_spawned":[7,11,16,18],"killed_by":"Gremlin Leader","ascension_level":4}