{"gold_per_floor":[117,117,128,128,141,141,153,153,153,153,169,13,39,58,58,158,158,170,21,36,51,1,1,18,18,18,18,18],"floor_reached":28,"playtime":976,"items_purged":["Strike_R","Perfected Strike+1"],"score":351,"play_id":"03c980cb-6770-4feb-a7cb-efce00ebb0c8","local_time":"20190531143254","is_ascension_mode":true,"campfire_choices":[{"data":"Bash","floor":6,"key":"SMITH"},{"data":"Perfected Strike","floor":8,"key":"SMITH"},{"data":"Battle Trance","floor":10,"key":"SMITH"},{"data":"Rampage","floor":15,"key":"SMITH"},{"data":"Whirlwind","floor":23,"key":"SMITH"}],"neow_cost":"NONE","seed_source_timestamp":10773353588295,"circlet_count":0,"master_deck":["Strike_R","Strike_R","Strike_R","Strike_R","Defend_R","Defend_R","Defend_R","Bash+1","Battle Trance+1","Rampage+1","Whirlwind+1","Double Tap","Headbutt"],"relics":["Burning Blood","Meat on the Bone","Frozen Egg 2","Coffee Dripper","Art of War","Centennial Puzzle"],"potions_floor_usage":[14,27,27],"damage_taken":[{"damage":12,"enemies":"Small Slimes","floor":1,"turns":6},{"damage":7,"enemies":"2 Louse","floor":3,"turns":2},{"damage":7,"enemies":"Jaw Worm","floor":5,"turns":2},{"damage":9,"enemies":"3 Louse","floor":7,"turns":3},{"damage":40,"enemies":"Gremlin Gang","floor":11,"turns":6},{"damage":45,"enemies":"3 Sentries","floor":13,"turns":9},{"damage":4,"enemies":"2 Fungi Beasts","floor":14,"turns":3},{"damage":0,"enemies":"Slime Boss","floor":16,"turns":7},{"damage":17,"enemies":"2 Thieves","floor":18,"turns":3},{"damage":20,"enemies":"Shell Parasite","floor":20,"turns":4},{"damage":8,"enemies":"Cultist and Chosen","floor":21,"turns":4},{"damage":37,"enemies":"3 Cultists","floor":24,"turns":5},{"damage":21,"enemies":"Colosseum Slavers","floor":27,"turns":3},{"damage":38,"enemies":"Shelled Parasite and Fungi","floor":28,"turns":4}],"seed_played":"7116344048907683014","potions_obtained":[{"floor":13,"key":"FearPotion"},{"floor":14,"key":"Strength Potion"},{"floor":21,"key":"Weak Potion"}],"is_trial":false,"path_per_floor":["M","?","M","?","M","R","M","R","T","R","M","$","E","M","R","B",null,"M","$","M","M","?","R","M","?","T","?","M"],"character_chosen":"IRONCLAD","items_purchased":["Rampage","Energy Potion"],"campfire_rested":0,"item_purchase_floors":[12,19],"current_hp_per_floor":[74,67,66,88,87,87,84,84,84,84,62,62,35,49,49,55,80,69,69,55,53,53,53,34,34,34,31,0],"gold":18,"neow_bonus":"TEN_PERCENT_HP_BONUS","is_prod":false,"is_daily":false,"chose_seed":false,"campfire_upgraded":5,"win_rate":0,"timestamp":1559305974,"path_taken":["M","?","M","?","M","R","M","R","T","R","?","$","E","M","R","BOSS","M","$","M","M","?","R","?","?","T","?","M"],"build_version":"2019-01-23","purchased_purges":2,"victory":false,"max_hp_per_floor":[88,88,88,88,88,88,88,88,88,88,88,88,88,88,88,88,88,88,88,88,88,88,88,88,88,88,88,88],"card_choices":[{"not_picked":["Flex","Clash"],"picked":"Perfected Strike","floor":1},{"not_picked":["True Grit","Rage"],"picked":"Battle Trance","floor":3},{"not_picked":["Clothesline","Heavy Blade","Bloodletting"],"picked":"SKIP","floor":5},{"not_picked":["Clothesline","Heavy Blade","Bloodletting"],"picked":"SKIP","floor":5},{"not_picked":["Warcry","Armaments","Sword Boomerang"],"picked":"SKIP","floor":7},{"not_picked":["Corruption","Perfected Strike","True Grit"],"picked":"SKIP","floor":11},{"not_picked":["Barricade","Second Wind"],"picked":"Whirlwind","floor":13},{"not_picked":["Iron Wave","Blood for Blood","Twin Strike"],"picked":"SKIP","floor":14},{"not_picked":["Feed","Bludgeon"],"picked":"Double Tap","floor":16},{"not_picked":["Dropkick","Clash"],"picked":"Headbutt","floor":18},{"not_picked":["Havoc","Headbutt","Ghostly Armor"],"picked":"SKIP","floor":20},{"not_picked":["Warcry","Twin Strike","Feel No Pain+1"],"picked":"SKIP","floor":21},{"not_picked":["Anger","Dark Embrace+1","Perfected Strike"],"picked":"SKIP","floor":24}],"player_experience":101160,"relics_obtained":[{"floor":9,"key":"Meat on the Bone"},{"floor":13,"key":"Frozen Egg 2"},{"floor":26,"key":"Centennial Puzzle"}],"event_choices":[{"cards_removed":["Defend_R"],"damage_healed":0,"gold_gain":0,"player_choice":"Card Removal","damage_taken":7,"max_hp_gain":0,"max_hp_loss":0,"event_name":"Golden Wing","floor":2,"gold_loss":0},{"damage_healed":29,"gold_gain":0,"player_choice":"Banana","damage_taken":0,"max_hp_gain":0,"max_hp_loss":0,"event_name":"Big Fish","floor":4,"gold_loss":0},{"damage_healed":0,"gold_gain":0,"player_choice":"Paid Gold","damage_taken":0,"relics_obtained":["Art of War"],"max_hp_gain":0,"max_hp_loss":0,"event_name":"WeMeetAgain","floor":22,"gold_loss":50},{"damage_healed":0,"gold_gain":0,"player_choice":"Fight","damage_taken":0,"max_hp_gain":0,"max_hp_loss":0,"event_name":"Colosseum","floor":27,"gold_loss":0},{"damage_healed":0,"gold_gain":0,"player_choice":"Fled From Nobs","damage_taken":0,"max_hp_gain":0,"max_hp_loss":0,"event_name":"Colosseum","floor":27,"gold_loss":0}],"is_beta":false,"boss_relics":[{"not_picked":["Philosopher\u0027s Stone","Empty Cage"],"picked":"Coffee Dripper"}],"items_purged_floors":[12,19],"is_endless":false,"potions_floor_spawned":[13,14,21,24],"killed_by":"Shelled Parasite and Fungi","ascension_level":6}