{"gold_per_floor":[115,134,134,234,250,250,260,260,284,284,298,316,336,366,366,461,461,478,403,403,172,72,106,106,125,148,166,166,166,166,192,192,297,297,312,357,126,126,49,79,95,95,95,109,109,129,129,146,146,146,146,146,96,131,131],"floor_reached":56,"playtime":3803,"items_purged":["Strike_R","Strike_R"],"score":1240,"play_id":"f2187b9f-789f-4587-8d02-bf5299f7fcdb","local_time":"20190305001320","is_ascension_mode":false,"campfire_choices":[{"data":"Twin Strike","floor":6.0,"key":"SMITH"},{"data":"Iron Wave","floor":8.0,"key":"SMITH"},{"data":"Spot Weakness","floor":15,"key":"SMITH"},{"data":"Spot Weakness","floor":24,"key":"SMITH"},{"data":"Heavy Blade","floor":30,"key":"SMITH"},{"data":"Inflame","floor":32,"key":"SMITH"},{"floor":42,"key":"RECALL"},{"data":"Limit Break","floor":47,"key":"SMITH"},{"data":"Sword Boomerang","floor":49,"key":"SMITH"},{"data":"Sword Boomerang","floor":52,"key":"SMITH"}],"neow_cost":"PERCENT_DAMAGE","seed_source_timestamp":0,"circlet_count":0,"master_deck":["Strike_R+1","Defend_R","Defend_R","Defend_R","Defend_R","Bash","Twin Strike+1","Inflame+1","Iron Wave+1","Spot Weakness+1","Iron Wave","Sword Boomerang+1","Shrug It Off","Sword Boomerang+1","Reaper+1","Inflame+1","RitualDagger+1","Spot Weakness+1","Disarm","Heavy Blade+1","Thunderclap","Limit Break+1","Cleave+1","Reaper","Limit Break+1","Sword Boomerang+1","Rage","Sword Boomerang+1","Shrug It Off+1","Shrug It Off+1","Spot Weakness"],"special_seed":0,"relics":["Burning Blood","Incense Burner","Regal Pillow","Ancient Tea Set","Mark of Pain","Whetstone","Mercury Hourglass","Lantern","Runic Pyramid","Prayer Wheel","Singing Bowl","PreservedInsect","Ornamental Fan","Bag of Preparation"],"potions_floor_usage":[14,14,23,23,33,50,54,55],"damage_taken":[{"damage":5.0,"enemies":"Small Slimes","floor":1.0,"turns":4.0},{"damage":1.0,"enemies":"Jaw Worm","floor":2.0,"turns":3.0},{"damage":0.0,"enemies":"Cultist","floor":5.0,"turns":2.0},{"damage":11.0,"enemies":"3 Louse","floor":7.0,"turns":3.0},{"damage":2.0,"enemies":"Blue Slaver","floor":11.0,"turns":3.0},{"damage":4.0,"enemies":"Exordium Wildlife","floor":12.0,"turns":4.0},{"damage":3,"enemies":"Red Slaver","floor":13,"turns":5},{"damage":6,"enemies":"Gremlin Nob","floor":14,"turns":4},{"damage":25,"enemies":"Hexaghost","floor":16,"turns":8},{"damage":31,"enemies":"2 Thieves","floor":18,"turns":4},{"damage":20,"enemies":"Book of Stabbing","floor":23,"turns":5},{"damage":10,"enemies":"Spheric Guardian","floor":25,"turns":3},{"damage":21,"enemies":"Centurion and Healer","floor":27,"turns":3},{"damage":0,"enemies":"Gremlin Leader","floor":31,"turns":4},{"damage":45,"enemies":"Collector","floor":33,"turns":7},{"damage":33,"enemies":"3 Darklings","floor":35,"turns":5},{"damage":24,"enemies":"2 Orb Walkers","floor":36,"turns":4},{"damage":49,"enemies":"Nemesis","floor":40,"turns":5},{"damage":12,"enemies":"3 Shapes","floor":41,"turns":4},{"damage":39,"enemies":"3 Darklings","floor":44,"turns":5},{"damage":65,"enemies":"Writhing Mass","floor":46,"turns":5},{"damage":35,"enemies":"Spire Growth","floor":48,"turns":5},{"damage":114,"enemies":"Donu and Deca","floor":50,"turns":8},{"damage":59,"enemies":"Shield and Spear","floor":54,"turns":6},{"damage":113,"enemies":"The Heart","floor":55,"turns":7}],"seed_played":"5328005048543990821","potions_obtained":[{"floor":2.0,"key":"Block Potion"},{"floor":5.0,"key":"Dexterity Potion"},{"floor":12,"key":"Poison Potion"},{"floor":14,"key":"Swift Potion"},{"floor":16,"key":"BloodPotion"},{"floor":18,"key":"Energy Potion"},{"floor":27,"key":"PowerPotion"},{"floor":31,"key":"Dexterity Potion"},{"floor":40,"key":"SkillPotion"}],"is_trial":false,"path_per_floor":["M","M","?","?","M","R","M","R","T","?","M","M","M","E","R","B",null,"M","?","?","$","$","E","R","M","T","M","?","?","R","E","R","B",null,"M","?","$","?","?","E","M","R","T","M","?","M","R","M","R","B",null,"R","$","E","B",null],"character_chosen":"IRONCLAD","items_purchased":["Whetstone","Reaper","Limit Break","SteroidPotion"],"campfire_rested":0,"item_purchase_floors":[21,37,37,53],"current_hp_per_floor":[57,62,46,46,52,52,47,47,47,47,51,53,56,56,56,37,80,63,63,57,57,57,64,64,60,60,65,50,50,50,56,56,17,85,72,69,69,69,69,26,57,57,57,73,73,79,79,89,89,89,89,89,89,82,16],"gold":131,"neow_bonus":"ONE_RARE_RELIC","is_prod":false,"is_daily":false,"chose_seed":false,"campfire_upgraded":9,"win_rate":0,"timestamp":1551766400,"path_taken":["M","M","?","?","?","R","M","R","T","?","M","M","M","E","R","BOSS","M","?","?","?","$","E","R","M","T","?","?","?","R","E","R","BOSS","M","?","$","?","?","E","?","R","T","M","?","M","R","M","R","BOSS","R","$","E","BOSS"],"build_version":"2019-01-23","purchased_purges":2,"victory":true,"max_hp_per_floor":[80,80,80,80,80,80,80,80,80,80,80,80,80,80,80,80,80,80,80,80,80,80,80,80,80,80,80,85,85,85,85,85,85,85,85,85,85,81,81,81,83,83,83,85,85,85,85,89,89,89,89,89,89,89,89],"card_choices":[{"not_picked":["Clothesline","Sever Soul"],"picked":"Twin Strike","floor":1.0},{"not_picked":["Pommel Strike","Heavy Blade"],"picked":"Inflame","floor":2.0},{"not_picked":["Shrug It Off","Corruption"],"picked":"Iron Wave","floor":5.0},{"not_picked":["Iron Wave","Flex"],"picked":"Spot Weakness","floor":7.0},{"not_picked":["Impervious","Headbutt"],"picked":"Iron Wave","floor":11.0},{"not_picked":["Clothesline","Clash"],"picked":"Sword Boomerang","floor":12},{"not_picked":["Rampage","Havoc"],"picked":"Shrug It Off","floor":13},{"not_picked":["Rupture","Bloodletting"],"picked":"Sword Boomerang","floor":14},{"not_picked":["Offering","Berserk"],"picked":"Reaper","floor":16},{"not_picked":["Wild Strike+1","Reckless Charge"],"picked":"Inflame","floor":18},{"not_picked":["Clothesline","Shrug It Off+1"],"picked":"Spot Weakness","floor":23},{"not_picked":["Headbutt","Pommel Strike"],"picked":"Disarm","floor":25},{"not_picked":["Dual Wield","Dropkick"],"picked":"Heavy Blade","floor":27},{"not_picked":["True Grit","Second Wind"],"picked":"Thunderclap","floor":31},{"not_picked":["Berserk","Impervious"],"picked":"Limit Break","floor":33},{"not_picked":["Evolve","Havoc+1","Warcry"],"picked":"SKIP","floor":35},{"not_picked":["Havoc","Entrench+1"],"picked":"Cleave+1","floor":36},{"not_picked":["Iron Wave","Whirlwind"],"picked":"Sword Boomerang+1","floor":40},{"not_picked":["Cleave","Warcry","Armaments"],"picked":"Singing Bowl","floor":41},{"not_picked":["Clash+1","Immolate"],"picked":"Rage","floor":41},{"not_picked":["Headbutt+1","Warcry","Havoc"],"picked":"Singing Bowl","floor":44},{"not_picked":["True Grit+1","Anger+1"],"picked":"Sword Boomerang+1","floor":44},{"not_picked":["Thunderclap+1","Perfected Strike"],"picked":"Shrug It Off+1","floor":46},{"not_picked":["Perfected Strike+1","Clothesline+1"],"picked":"Shrug It Off+1","floor":46},{"not_picked":["Pommel Strike","Reaper","Body Slam"],"picked":"Singing Bowl","floor":48},{"not_picked":["Anger","Perfected Strike+1","Bloodletting"],"picked":"Singing Bowl","floor":48},{"not_picked":["Power Through+1","Warcry"],"picked":"Spot Weakness","floor":54}],"player_experience":191731,"relics_obtained":[{"floor":9.0,"key":"Regal Pillow"},{"floor":14,"key":"Ancient Tea Set"},{"floor":23,"key":"Mercury Hourglass"},{"floor":31,"key":"Lantern"},{"floor":36,"key":"Prayer Wheel"},{"floor":40,"key":"PreservedInsect"},{"floor":43,"key":"Ornamental Fan"},{"floor":54,"key":"Bag of Preparation"}],"event_choices":[{"damage_healed":0.0,"max_hp_gain":0.0,"max_hp_loss":0.0,"gold_gain":0.0,"event_name":"Shining Light","player_choice":"Entered Light","floor":3.0,"gold_loss":0.0,"damage_taken":16.0,"cards_upgraded":["Strike_R","Inflame"]},{"damage_healed":0.0,"max_hp_gain":0.0,"max_hp_loss":0.0,"gold_gain":100.0,"event_name":"Golden Shrine","player_choice":"Pray","floor":4.0,"gold_loss":0.0,"damage_taken":0.0},{"cards_removed":["Strike_R"],"damage_healed":0.0,"max_hp_gain":0.0,"max_hp_loss":0.0,"gold_gain":0.0,"event_name":"Living Wall","player_choice":"Forget","floor":10.0,"gold_loss":0.0,"damage_taken":0.0},{"cards_removed":["Strike_R"],"damage_healed":0,"gold_gain":0,"player_choice":"Gave Gold","damage_taken":0,"max_hp_gain":0,"max_hp_loss":0,"event_name":"Beggar","floor":19,"gold_loss":75},{"damage_healed":0,"gold_gain":0,"player_choice":"Joined the Cult","damage_taken":6,"max_hp_gain":0,"max_hp_loss":0,"event_name":"Nest","floor":20,"gold_loss":0,"cards_obtained":["RitualDagger"]},{"damage_healed":0,"gold_gain":0,"player_choice":"Shed Blood","damage_taken":20,"max_hp_gain":5,"max_hp_loss":0,"event_name":"Forgotten Altar","floor":28,"gold_loss":0},{"damage_healed":0,"gold_gain":0,"player_choice":"Ignored","damage_taken":0,"max_hp_gain":0,"max_hp_loss":0,"event_name":"Vampires","floor":29,"gold_loss":0},{"damage_healed":0,"gold_gain":0,"player_choice":"Fight","damage_taken":0,"max_hp_gain":0,"max_hp_loss":0,"event_name":"Mysterious Sphere","floor":36,"gold_loss":0},{"damage_healed":0,"gold_gain":0,"player_choice":"Max HP","damage_taken":0,"max_hp_gain":0,"max_hp_loss":4,"event_name":"Winding Halls","floor":38,"gold_loss":0},{"damage_healed":0,"gold_gain":0,"player_choice":"Paid Gold","damage_taken":0,"relics_obtained":["Singing Bowl"],"max_hp_gain":0,"max_hp_loss":0,"event_name":"WeMeetAgain","floor":39,"gold_loss":77},{"damage_healed":0,"gold_gain":0,"player_choice":"Forge","damage_taken":0,"max_hp_gain":0,"max_hp_loss":0,"event_name":"Accursed Blacksmith","floor":45,"gold_loss":0,"cards_upgraded":["Limit Break"]}],"is_beta":false,"boss_relics":[{"not_picked":["Black Star","Orrery"],"picked":"Mark of Pain"},{"not_picked":["Busted Crown","Fusion Hammer"],"picked":"Runic Pyramid"}],"items_purged_floors":[21,22],"is_endless":false,"potions_floor_spawned":[2,5,12,14,16,18,27,31,40,44,46],"ascension_level":0}