{"gold_per_floor":[110,125,75,91,108,133,308,41,66,82,32,32,32,32,32,32],"floor_reached":16,"playtime":998,"items_purged":["Doubt"],"score":125,"play_id":"d65acdaf-0ebd-401d-9d80-615efd10e3e1","local_time":"20190218175906","is_ascension_mode":false,"campfire_choices":[{"data":"Infernal Blade","floor":15,"key":"SMITH"}],"neow_cost":"CURSE","seed_source_timestamp":507199164612533,"circlet_count":0,"master_deck":["Strike_R","Strike_R","Strike_R","Strike_R","Strike_R","Defend_R","Defend_R","Defend_R","Defend_R","Bash","Disarm","Infernal Blade+1","Rupture","Fire Breathing","Heavy Blade","Seeing Red","Metallicize","Shrug It Off"],"relics":["Burning Blood","Strawberry","Blood Vial","Smiling Mask","Pen Nib"],"potions_floor_usage":[6],"damage_taken":[{"damage":0,"enemies":"2 Louse","floor":1,"turns":3},{"damage":8,"enemies":"Small Slimes","floor":2,"turns":6},{"damage":3,"enemies":"Jaw Worm","floor":4,"turns":5},{"damage":8,"enemies":"Looter","floor":5,"turns":4},{"damage":19,"enemies":"Gremlin Nob","floor":6,"turns":4},{"damage":15,"enemies":"3 Louse","floor":10,"turns":5},{"damage":35,"enemies":"Slime Boss","floor":16,"turns":7}],"seed_played":"3034871679548915104","potions_obtained":[{"floor":1,"key":"SkillPotion"},{"floor":4,"key":"SpeedPotion"},{"floor":5,"key":"Energy Potion"}],"is_trial":false,"path_per_floor":["?","?","$","?","$"],"character_chosen":"IRONCLAD","items_purchased":["Seeing Red","Metallicize","Blood Vial"],"campfire_rested":0,"item_purchase_floors":[8,8,8],"current_hp_per_floor":[96,94,94,96,94,88,88,88,88,81,81,81,69,69,69,36],"gold":32,"neow_bonus":"TWENTY_PERCENT_HP_BONUS","is_prod":false,"is_daily":false,"chose_seed":false,"campfire_upgraded":1,"win_rate":0.0,"timestamp":1550530746,"path_taken":["M","M","?","M","M","E","?","$","T","M","?","$","?","?","R","BOSS"],"build_version":"2019-01-23","purchased_purges":1,"victory":false,"max_hp_per_floor":[96,96,96,96,96,103,103,103,103,103,103,103,103,103,103,103],"card_choices":[{"not_picked":["Pommel Strike","Warcry"],"picked":"Disarm","floor":1},{"not_picked":["Sword Boomerang","Thunderclap"],"picked":"Infernal Blade","floor":2},{"not_picked":["True Grit","Hemokinesis"],"picked":"Rupture","floor":4},{"not_picked":["Headbutt","Body Slam"],"picked":"Fire Breathing","floor":5},{"not_picked":["Battle Trance","Perfected Strike"],"picked":"Heavy Blade","floor":6},{"not_picked":["Body Slam","Sword Boomerang"],"picked":"Shrug It Off","floor":10}],"player_experience":104209,"relics_obtained":[{"floor":6,"key":"Strawberry"},{"floor":9,"key":"Smiling Mask"}],"event_choices":[{"cards_removed":["Normality"],"damage_healed":0,"gold_gain":0,"player_choice":"Card Removal","damage_taken":0,"max_hp_gain":0,"max_hp_loss":0,"event_name":"The Cleric","floor":3,"gold_loss":50},{"damage_healed":0,"gold_gain":175,"player_choice":"AGREE","damage_taken":0,"max_hp_gain":0,"max_hp_loss":0,"event_name":"Liars Game","floor":7,"gold_loss":0,"cards_obtained":["Doubt"]},{"damage_healed":0,"gold_gain":0,"player_choice":"Success","damage_taken":12,"relics_obtained":["Pen Nib"],"max_hp_gain":0,"max_hp_loss":0,"event_name":"Scrap Ooze","floor":13,"gold_loss":0}],"is_beta":false,"boss_relics":[],"items_purged_floors":[11],"is_endless":false,"potions_floor_spawned":[1,4,5],"killed_by":"Slime Boss","ascension_level":0}