{"gold_per_floor":[116,132,132,143,156,156,187,187,210,210,229,245,263,279,279,374,374,391,236,151,171,187,219,235,235,307,55,55,70,169,181,181,286,286,299,311,65,85,85,146,146,146,196,13,31,31,61,61,61,61,61,61,61,96,96],"floor_reached":55,"playtime":4347,"items_purged":["Strike_G","Strike_G"],"score":751,"play_id":"2cb9c405-77f3-4e5a-9931-bd23e88e49ae","local_time":"20190306235829","is_ascension_mode":false,"campfire_choices":[{"data":"Accuracy","floor":6.0,"key":"SMITH"},{"data":"Blade Dance","floor":8.0,"key":"SMITH"},{"data":"Terror","floor":10.0,"key":"SMITH"},{"data":"Accuracy","floor":15,"key":"SMITH"},{"data":"After Image","floor":25,"key":"SMITH"},{"floor":28,"key":"REST"},{"data":"Noxious Fumes","floor":32,"key":"SMITH"},{"floor":46,"key":"REST"},{"floor":49,"key":"RECALL"},{"data":"After Image","floor":52,"key":"SMITH"}],"neow_cost":"NONE","seed_source_timestamp":0,"circlet_count":0,"master_deck":["Defend_G","Defend_G","Defend_G","Defend_G","Defend_G","Survivor","Neutralize","Accuracy+1","Blade Dance+1","Terror+1","PiercingWail","PiercingWail","Acrobatics","Dodge and Roll","Accuracy+1","Night Terror","Finisher","Noxious Fumes+1","Cloak And Dagger+1","Blade Dance","PiercingWail+1","After Image+1","Setup","Flying Knee+1","Burst","Infinite Blades+1","PiercingWail","PiercingWail","Good Instincts","Enlightenment","Blind","After Image+1","Noxious Fumes","Well Laid Plans+1","Slice+1"],"special_seed":0,"relics":["Ring of the Snake","Vajra","Bag of Marbles","Bronze Scales","Empty Cage","Unceasing Top","Blue Candle","Molten Egg 2","Kunai","Runic Dome","Anchor","Tiny Chest","Strawberry","Bottled Flame"],"potions_floor_usage":[22,23,24,31,33,38,50,55,55],"damage_taken":[{"damage":5.0,"enemies":"Jaw Worm","floor":1.0,"turns":7.0},{"damage":6.0,"enemies":"Cultist","floor":2.0,"turns":5.0},{"damage":0.0,"enemies":"2 Louse","floor":4.0,"turns":3.0},{"damage":1.0,"enemies":"2 Fungi Beasts","floor":5.0,"turns":4.0},{"damage":14.0,"enemies":"Gremlin Nob","floor":7.0,"turns":3.0},{"damage":2.0,"enemies":"Looter","floor":11.0,"turns":2.0},{"damage":0.0,"enemies":"Lots of Slimes","floor":12.0,"turns":3.0},{"damage":2.0,"enemies":"Blue Slaver","floor":13.0,"turns":3.0},{"damage":0.0,"enemies":"Exordium Thugs","floor":14.0,"turns":4.0},{"damage":11,"enemies":"Hexaghost","floor":16,"turns":9},{"damage":0,"enemies":"Shell Parasite","floor":18,"turns":3},{"damage":6,"enemies":"Spheric Guardian","floor":21,"turns":5},{"damage":3,"enemies":"Snake Plant","floor":22,"turns":4},{"damage":38,"enemies":"Gremlin Leader","floor":23,"turns":5},{"damage":10,"enemies":"Centurion and Healer","floor":24,"turns":5},{"damage":0,"enemies":"3 Cultists","floor":29,"turns":6},{"damage":12,"enemies":"Cultist and Chosen","floor":31,"turns":6},{"damage":28,"enemies":"Collector","floor":33,"turns":7},{"damage":0,"enemies":"3 Shapes","floor":35,"turns":7},{"damage":4,"enemies":"Orb Walker","floor":36,"turns":3},{"damage":0,"enemies":"4 Shapes","floor":38,"turns":5},{"damage":37,"enemies":"Nemesis","floor":40,"turns":7},{"damage":0,"enemies":"Maw","floor":45,"turns":6},{"damage":4,"enemies":"Reptomancer","floor":47,"turns":4},{"damage":1,"enemies":"Donu and Deca","floor":50,"turns":8},{"damage":38,"enemies":"Shield and Spear","floor":54,"turns":8},{"damage":43,"enemies":"The Heart","floor":55,"turns":2}],"seed_played":"-4061569924691769941","potions_obtained":[{"floor":1.0,"key":"Strength Potion"},{"floor":5.0,"key":"GamblersBrew"},{"floor":7.0,"key":"Weak Potion"},{"floor":12.0,"key":"FearPotion"},{"floor":13.0,"key":"Regen Potion"},{"floor":24,"key":"Weak Potion"},{"floor":31,"key":"Dexterity Potion"},{"floor":33,"key":"PowerPotion"},{"floor":36,"key":"Swift Potion"}],"is_trial":false,"path_per_floor":["M","M","?","M","M","R","E","R","T","R","M","M","M","M","R","B",null,"M","$","?","M","M","E","M","R","T","$","R","M","?","M","R","B",null,"M","M","$","M","?","E","?","?","T","$","M","R","E","?","R","B",null,"R","$","E","B"],"character_chosen":"THE_SILENT","items_purchased":["Noxious Fumes","Kunai","Anchor","Noxious Fumes","SkillPotion","Strength Potion"],"campfire_rested":2,"item_purchase_floors":[19,27,37,44,44,44],"current_hp_per_floor":[65,59,59,59,58,58,44,44,44,44,42,42,40,40,40,29,70,70,70,70,64,61,23,25,25,25,25,46,46,46,34,34,6,70,70,66,66,66,66,29,24,24,24,24,24,43,46,46,46,45,73,73,73,35,0],"gold":96,"neow_bonus":"REMOVE_CARD","is_prod":false,"is_daily":false,"chose_seed":false,"campfire_upgraded":7,"win_rate":0,"timestamp":1551938309,"path_taken":["M","M","?","?","M","R","E","R","T","R","M","M","M","M","R","BOSS","M","$","?","M","M","E","M","R","T","$","R","M","?","M","R","BOSS","M","M","$","M","?","E","?","?","T","$","?","R","E","?","R","BOSS","R","$","E","BOSS"],"build_version":"2019-01-23","purchased_purges":2,"victory":false,"max_hp_per_floor":[70,70,70,70,70,70,70,70,70,70,70,70,70,70,70,70,70,70,70,70,70,70,70,70,70,70,70,70,70,70,70,70,70,70,70,70,70,70,66,66,66,66,66,66,66,66,73,73,73,73,73,73,73,73,73],"card_choices":[{"not_picked":["Concentrate","Deadly Poison"],"picked":"Accuracy","floor":1.0},{"not_picked":["Distraction","Caltrops"],"picked":"Blade Dance","floor":2.0},{"not_picked":["Predator","Bane","Outmaneuver"],"picked":"SKIP","floor":4.0},{"not_picked":["Wraith Form v2","Sucker Punch"],"picked":"Terror","floor":5.0},{"not_picked":["Flying Knee","Dagger Spray"],"picked":"PiercingWail","floor":7.0},{"not_picked":["Terror","All Out Attack"],"picked":"PiercingWail","floor":11.0},{"not_picked":["Slice","Skewer"],"picked":"Acrobatics","floor":12.0},{"not_picked":["Dagger Throw","PiercingWail"],"picked":"Dodge and Roll","floor":13.0},{"not_picked":["Slice","Escape Plan"],"picked":"Accuracy","floor":14.0},{"not_picked":["Die Die Die","Bullet Time"],"picked":"Night Terror","floor":16},{"not_picked":["Dash","Outmaneuver"],"picked":"Finisher","floor":18},{"not_picked":["Backflip","Setup+1"],"picked":"Cloak And Dagger+1","floor":21},{"not_picked":["Sucker Punch","Masterful Stab"],"picked":"Blade Dance","floor":22},{"not_picked":["Bouncing Flask","Riddle With Holes"],"picked":"PiercingWail+1","floor":23},{"not_picked":["Underhanded Strike","Dagger Spray+1"],"picked":"After Image","floor":24},{"not_picked":["All Out Attack+1","Quick Slash+1"],"picked":"Setup","floor":29},{"not_picked":["Riddle With Holes+1","Underhanded Strike+1"],"picked":"Flying Knee+1","floor":31},{"not_picked":["Glass Knife+1","A Thousand Cuts"],"picked":"Burst","floor":33},{"not_picked":["Underhanded Strike+1","Deadly Poison+1"],"picked":"Infinite Blades+1","floor":35},{"not_picked":["Skewer+1","Prepared"],"picked":"PiercingWail","floor":36},{"not_picked":["Flechettes+1","Deflect"],"picked":"PiercingWail","floor":38},{"not_picked":["Outmaneuver+1","Flying Knee+1","Predator+1"],"picked":"SKIP","floor":40},{"not_picked":["Deep Breath","Magnetism"],"picked":"Good Instincts","floor":41},{"not_picked":["PanicButton","Blind"],"picked":"Enlightenment","floor":41},{"not_picked":["Poisoned Stab+1","Underhanded Strike+1"],"picked":"Well Laid Plans+1","floor":45},{"not_picked":["Dagger Spray+1","All Out Attack+1"],"picked":"Slice+1","floor":47},{"not_picked":["Dodge and Roll","Dagger Spray+1","Acrobatics"],"picked":"SKIP","floor":54}],"player_experience":197504,"relics_obtained":[{"floor":7.0,"key":"Bag of Marbles"},{"floor":9.0,"key":"Bronze Scales"},{"floor":23,"key":"Blue Candle"},{"floor":26,"key":"Molten Egg 2"},{"floor":40,"key":"Tiny Chest"},{"floor":47,"key":"Strawberry"},{"floor":54,"key":"Bottled Flame"}],"event_choices":[{"damage_healed":0.0,"max_hp_gain":0.0,"max_hp_loss":0.0,"gold_gain":0.0,"event_name":"WeMeetAgain","player_choice":"Gave Potion","floor":3.0,"gold_loss":0.0,"damage_taken":0.0,"relics_obtained":["Vajra"]},{"damage_healed":0,"gold_gain":0,"player_choice":"Obtained Relic","damage_taken":0,"relics_obtained":["Unceasing Top"],"max_hp_gain":0,"max_hp_loss":0,"event_name":"Addict","floor":20,"gold_loss":85},{"damage_healed":0,"gold_gain":99,"player_choice":"Stole From Cult","damage_taken":0,"max_hp_gain":0,"max_hp_loss":0,"event_name":"Nest","floor":30,"gold_loss":0},{"damage_healed":0,"gold_gain":0,"player_choice":"Max HP","damage_taken":0,"max_hp_gain":0,"max_hp_loss":4,"event_name":"Winding Halls","floor":39,"gold_loss":0},{"damage_healed":0,"gold_gain":0,"player_choice":"Memory 2","damage_taken":5,"max_hp_gain":0,"max_hp_loss":0,"event_name":"SensoryStone","floor":41,"gold_loss":0},{"damage_healed":0,"gold_gain":0,"player_choice":"2 cards matched","damage_taken":0,"max_hp_gain":0,"max_hp_loss":0,"event_name":"Match and Keep!","floor":42,"gold_loss":0,"cards_obtained":["Blind","After Image"]},{"damage_healed":0,"gold_gain":0,"player_choice":"Ignored","damage_taken":0,"max_hp_gain":0,"max_hp_loss":0,"event_name":"SecretPortal","floor":48,"gold_loss":0}],"is_beta":false,"boss_relics":[{"not_picked":["Runic Pyramid","Busted Crown"],"picked":"Empty Cage"},{"not_picked":["Pandora\u0027s Box","Tiny House"],"picked":"Runic Dome"}],"items_purged_floors":[19,37],"is_endless":false,"potions_floor_spawned":[1,5,7,12,13,21,24,31,33,36,45],"killed_by":"The Heart","ascension_level":0}