{"gold_per_floor":[116,130,1,20,20,63,63,88,113,113,113,151,172,190,190,320,320,339,357,375,396,417,417,437,142,142,0,0,0,0,0,0,96,96,107,0,19,33,33,33,7,7,7,7,7,7,7,22,22,22],"floor_reached":50,"playtime":4579,"items_purged":["Strike_R","Strike_R"],"score":620,"play_id":"93be7ca4-236d-4a92-a53a-d8ccbd73cdf2","local_time":"20190529030257","is_ascension_mode":true,"campfire_choices":[{"data":"True Grit","floor":7.0,"key":"SMITH"},{"data":"Bludgeon","floor":11.0,"key":"SMITH"},{"floor":15.0,"key":"REST"},{"floor":23.0,"key":"REST"},{"floor":28.0,"key":"REST"},{"floor":32.0,"key":"REST"},{"data":"Barricade","floor":40.0,"key":"SMITH"},{"data":"Body Slam","floor":42.0,"key":"SMITH"},{"data":"Body Slam","floor":44.0,"key":"SMITH"},{"floor":46.0,"key":"RECALL"},{"floor":49.0,"key":"REST"}],"neow_cost":"TEN_PERCENT_HP_LOSS","seed_source_timestamp":1952017626873487,"circlet_count":0,"master_deck":["Strike_R","Defend_R","Defend_R","Defend_R","Bash","Bludgeon+1","Juggernaut","Body Slam+1","Reckless Charge","Shrug It Off","Cleave","Injury","True Grit+1","Flame Barrier","Evolve","Body Slam+1","Barricade+1","Warcry+1","Whirlwind","Inflame","True Grit","Battle Trance","Limit Break","Demon Form","Heavy Blade+1","True Grit"],"special_seed":0,"relics":["Burning Blood","Bloody Idol","Strawberry","Pen Nib","Oddly Smooth Stone","Sozu","Busted Crown","Red Mask","Question Card"],"potions_floor_usage":[],"damage_taken":[{"damage":1.0,"enemies":"Cultist","floor":1.0,"turns":3.0},{"damage":4.0,"enemies":"Small Slimes","floor":2.0,"turns":3.0},{"damage":7.0,"enemies":"Jaw Worm","floor":4.0,"turns":2.0},{"damage":25.0,"enemies":"3 Sentries","floor":6.0,"turns":6.0},{"damage":1.0,"enemies":"2 Fungi Beasts","floor":8.0,"turns":3.0},{"damage":25.0,"enemies":"Gremlin Nob","floor":12.0,"turns":4.0},{"damage":7.0,"enemies":"3 Louse","floor":13.0,"turns":3.0},{"damage":0.0,"enemies":"Blue Slaver","floor":14.0,"turns":3.0},{"damage":38.0,"enemies":"The Guardian","floor":16.0,"turns":11.0},{"damage":3.0,"enemies":"3 Byrds","floor":18.0,"turns":3.0},{"damage":16.0,"enemies":"Shell Parasite","floor":19.0,"turns":5.0},{"damage":25.0,"enemies":"Sentry and Sphere","floor":20.0,"turns":6.0},{"damage":10.0,"enemies":"Shelled Parasite and Fungi","floor":21.0,"turns":4.0},{"damage":31.0,"enemies":"Chosen and Byrds","floor":22.0,"turns":6.0},{"damage":27.0,"enemies":"Snecko","floor":24.0,"turns":4.0},{"damage":62.0,"enemies":"Automaton","floor":33.0,"turns":13.0},{"damage":20.0,"enemies":"3 Shapes","floor":35.0,"turns":4.0},{"damage":25.0,"enemies":"3 Darklings","floor":37.0,"turns":5.0},{"damage":17.0,"enemies":"Spire Growth","floor":38.0,"turns":4.0},{"damage":27.0,"enemies":"Jaw Worm Horde","floor":48.0,"turns":6.0},{"damage":67,"enemies":"Awakened One","floor":50,"turns":7}],"seed_played":"7537162752469650077","potions_obtained":[{"floor":2.0,"key":"PowerPotion"},{"floor":4.0,"key":"Swift Potion"},{"floor":6.0,"key":"Weak Potion"},{"floor":8.0,"key":"Regen Potion"}],"is_trial":false,"path_per_floor":["M","M","$","M","?","E","R","M","T","?","R","E","M","M","R","B",null,"M","M","M","M","M","R","M","$","T","?","R","?","$","?","R","B",null,"M","?","M","M","?","R","$","R","T","R","?","R","?","M","R","B"],"character_chosen":"IRONCLAD","items_purchased":["Shrug It Off","Battle Trance","Limit Break","True Grit"],"campfire_rested":5,"item_purchase_floors":[3,25,25,41],"current_hp_per_floor":[72,72,72,71,71,59,59,64,64,57,57,38,37,43,66,34,68,71,61,42,38,13,36,27,27,27,27,50,50,50,50,73,22,65,56,56,42,36,36,36,36,36,36,36,36,36,66,50,66,0],"gold":22,"neow_bonus":"TRANSFORM_TWO_CARDS","is_prod":false,"is_daily":false,"chose_seed":false,"campfire_upgraded":5,"win_rate":0,"timestamp":1559113377,"path_taken":["M","M","?","M","?","E","R","M","T","?","R","E","M","M","R","BOSS","M","M","M","M","M","R","M","$","T","?","R","?","$","?","R","BOSS","M","?","M","M","?","R","$","R","T","R","?","R","?","M","R","BOSS"],"build_version":"2019-01-23","purchased_purges":2,"victory":false,"max_hp_per_floor":[72,72,72,72,72,79,79,79,79,79,79,79,79,79,79,79,79,79,79,79,79,79,79,79,79,79,79,79,79,79,79,79,79,79,79,79,79,79,79,79,79,79,79,79,75,75,66,66,66,66],"card_choices":[{"not_picked":["Cleave","Rage"],"picked":"Body Slam","floor":1.0},{"not_picked":["Sword Boomerang","Carnage"],"picked":"Reckless Charge","floor":2.0},{"not_picked":["Thunderclap","Sever Soul"],"picked":"Cleave","floor":4.0},{"not_picked":["Headbutt","Anger"],"picked":"True Grit","floor":6.0},{"not_picked":["Pommel Strike","Cleave"],"picked":"Flame Barrier","floor":8.0},{"not_picked":["Perfected Strike","Iron Wave"],"picked":"Evolve","floor":12.0},{"not_picked":["Perfected Strike","Corruption","Whirlwind"],"picked":"SKIP","floor":13.0},{"not_picked":["Double Tap","Rage"],"picked":"Body Slam","floor":14.0},{"not_picked":["Fiend Fire","Impervious"],"picked":"Barricade","floor":16.0},{"not_picked":["Havoc+1","Headbutt"],"picked":"Warcry+1","floor":18.0},{"not_picked":["Cleave","Flex"],"picked":"Whirlwind","floor":19.0},{"not_picked":["Pommel Strike","Clash","Hemokinesis"],"picked":"SKIP","floor":20.0},{"not_picked":["Dark Embrace","Perfected Strike+1"],"picked":"Inflame","floor":21.0},{"not_picked":["Sword Boomerang","Body Slam","Havoc"],"picked":"SKIP","floor":22.0},{"not_picked":["Heavy Blade","Flex+1"],"picked":"True Grit","floor":24.0},{"not_picked":["Berserk","Reaper"],"picked":"Demon Form","floor":33.0},{"not_picked":[],"picked":"Heavy Blade+1","floor":35.0},{"not_picked":["Thunderclap+1"],"picked":"SKIP","floor":37.0},{"not_picked":["Flex"],"picked":"SKIP","floor":38.0},{"not_picked":["Anger+1","Wild Strike+1"],"picked":"SKIP","floor":48.0}],"player_experience":292504,"relics_obtained":[{"floor":6.0,"key":"Strawberry"},{"floor":9.0,"key":"Pen Nib"},{"floor":12.0,"key":"Oddly Smooth Stone"},{"floor":43.0,"key":"Question Card"}],"event_choices":[{"damage_healed":0.0,"max_hp_gain":0.0,"max_hp_loss":0.0,"gold_gain":0.0,"event_name":"Golden Idol","player_choice":"Take Wound","floor":5.0,"gold_loss":0.0,"damage_taken":0.0,"relics_obtained":["Golden Idol"],"cards_obtained":["Injury"]},{"cards_removed":["Strike_R"],"damage_healed":0.0,"max_hp_gain":0.0,"max_hp_loss":0.0,"gold_gain":0.0,"event_name":"Golden Wing","player_choice":"Card Removal","floor":10.0,"gold_loss":0.0,"damage_taken":7.0},{"damage_healed":0.0,"max_hp_gain":0.0,"max_hp_loss":0.0,"gold_gain":0.0,"event_name":"Masked Bandits","player_choice":"Paid Fearfully","floor":27.0,"gold_loss":142.0,"damage_taken":0.0},{"damage_healed":0.0,"max_hp_gain":0.0,"max_hp_loss":0.0,"gold_gain":0.0,"event_name":"Forgotten Altar","player_choice":"Gave Idol","floor":29.0,"relics_lost":["Golden Idol"],"gold_loss":0.0,"damage_taken":0.0,"relics_obtained":["Bloody Idol"]},{"damage_healed":0.0,"max_hp_gain":0.0,"max_hp_loss":0.0,"gold_gain":0.0,"event_name":"Vampires","player_choice":"Ignored","floor":31.0,"gold_loss":0.0,"damage_taken":0.0},{"damage_healed":0.0,"max_hp_gain":0.0,"max_hp_loss":0.0,"gold_gain":0.0,"event_name":"Tomb of Lord Red Mask","player_choice":"Paid","floor":36.0,"gold_loss":107.0,"damage_taken":0.0,"relics_obtained":["Red Mask"]},{"damage_healed":0.0,"max_hp_gain":0.0,"max_hp_loss":0.0,"gold_gain":0.0,"event_name":"Mysterious Sphere","player_choice":"Ignored","floor":39.0,"gold_loss":0.0,"damage_taken":0.0},{"damage_healed":0.0,"max_hp_gain":0.0,"max_hp_loss":4.0,"gold_gain":0.0,"event_name":"Winding Halls","player_choice":"Max HP","floor":45.0,"gold_loss":0.0,"damage_taken":0.0},{"damage_healed":66.0,"max_hp_gain":0.0,"max_hp_loss":9.0,"gold_gain":0.0,"event_name":"The Moai Head","player_choice":"Heal","floor":47.0,"gold_loss":0.0,"damage_taken":0.0}],"is_beta":false,"boss_relics":[{"not_picked":["Pandora\u0027s Box","Fusion Hammer"],"picked":"Sozu"},{"not_picked":["Black Star","Cursed Key"],"picked":"Busted Crown"}],"items_purged_floors":[3,25],"is_endless":false,"potions_floor_spawned":[2,4,6,8,19,21,24,35,38],"killed_by":"Awakened One","ascension_level":6}