{"gold_per_floor":[109,109,109,128,0,0,0,32,58,58,69,69,100,113,113,208,208,218,233,233,233,333,333,358,358,358,392,409,409,15,15,15,120,120,131,149,165,176,76,76,110,130,130,146,158,158,158,171,171,171],"floor_reached":51,"playtime":1283,"items_purged":["Strike_R"],"score":975,"play_id":"c5f88e60-e347-4a43-b792-84d0f0e0ff47","local_time":"20190519152226","is_ascension_mode":true,"campfire_choices":[{"data":"Whirlwind","floor":6.0,"key":"SMITH"},{"data":"Pommel Strike","floor":10.0,"key":"SMITH"},{"data":"Defend_R","floor":12.0,"key":"SMITH"},{"data":"Defend_R","floor":15.0,"key":"SMITH"},{"floor":23.0,"key":"REST"},{"floor":25.0,"key":"REST"},{"floor":29.0,"key":"REST"},{"floor":32.0,"key":"REST"},{"floor":40.0,"key":"REST"},{"floor":49,"key":"REST"}],"neow_cost":"NONE","seed_source_timestamp":13019159121417,"circlet_count":0,"master_deck":["Strike_R+1","Strike_R+1","Strike_R","Defend_R","Defend_R+1","Defend_R+1","Defend_R+1","Bash+1","Whirlwind+1","Pommel Strike+1","Berserk","Flex+1","Headbutt","Limit Break","Battle Trance","Shrug It Off","Limit Break","Reaper","Pummel+1","Pummel+1","Spot Weakness+1","Offering"],"special_seed":0,"relics":["Burning Blood","Paper Frog","Ancient Tea Set","Dream Catcher","Fusion Hammer","MutagenicStrength","WingedGreaves","The Courier","Ginger","Mummified Hand","Omamori","Red Skull","Orichalcum","PreservedInsect","Runic Pyramid","Anchor","Happy Flower"],"potions_floor_usage":[50,50],"damage_taken":[{"damage":0.0,"enemies":"Small Slimes","floor":1.0,"turns":3.0},{"damage":0.0,"enemies":"Cultist","floor":4.0,"turns":4.0},{"damage":8.0,"enemies":"Gremlin Nob","floor":8.0,"turns":3.0},{"damage":0.0,"enemies":"Jaw Worm","floor":11.0,"turns":2.0},{"damage":0.0,"enemies":"3 Sentries","floor":13.0,"turns":1.0},{"damage":5.0,"enemies":"Exordium Thugs","floor":14.0,"turns":3.0},{"damage":0.0,"enemies":"Slime Boss","floor":16.0,"turns":6.0},{"damage":11.0,"enemies":"2 Thieves","floor":18.0,"turns":3.0},{"damage":1.0,"enemies":"Shell Parasite","floor":19.0,"turns":5.0},{"damage":27.0,"enemies":"Colosseum Slavers","floor":22.0,"turns":2.0},{"damage":46.0,"enemies":"Colosseum Nobs","floor":22.0,"turns":4.0},{"damage":15.0,"enemies":"Slavers","floor":24.0,"turns":3.0},{"damage":33.0,"enemies":"Gremlin Leader","floor":27.0,"turns":3.0},{"damage":17.0,"enemies":"Centurion and Healer","floor":28.0,"turns":3.0},{"damage":44.0,"enemies":"Collector","floor":33.0,"turns":5.0},{"damage":14.0,"enemies":"Orb Walker","floor":35.0,"turns":3.0},{"damage":5.0,"enemies":"3 Darklings","floor":36.0,"turns":3.0},{"damage":10.0,"enemies":"Sphere and 2 Shapes","floor":37.0,"turns":3.0},{"damage":40.0,"enemies":"4 Shapes","floor":38.0,"turns":3.0},{"damage":25.0,"enemies":"Reptomancer","floor":41.0,"turns":4.0},{"damage":0,"enemies":"3 Darklings","floor":42,"turns":1},{"damage":9,"enemies":"Writhing Mass","floor":44,"turns":3},{"damage":7,"enemies":"Sphere and 2 Shapes","floor":45,"turns":3},{"damage":10,"enemies":"Maw","floor":48,"turns":5},{"damage":47,"enemies":"Awakened One","floor":50,"turns":4}],"seed_played":"552618268845592441","potions_obtained":[{"floor":4.0,"key":"Swift Potion"},{"floor":8.0,"key":"Explosive Potion"},{"floor":13.0,"key":"AttackPotion"},{"floor":18.0,"key":"BloodPotion"},{"floor":24.0,"key":"Block Potion"},{"floor":27.0,"key":"Weak Potion"},{"floor":33.0,"key":"Swift Potion"},{"floor":38.0,"key":"Explosive Potion"},{"floor":41.0,"key":"PowerPotion"}],"is_trial":false,"path_per_floor":["M","?","?","M","$","R","?","E","T","R","M","R","E","M","R","B",null,"M","M","?","?","?","R","E","R","T","E","M","R","$","?","R","B",null,"M","M","M","M","$","R","E","M","T","M","M","?","?","M","R","B",null],"character_chosen":"IRONCLAD","items_purchased":["Whirlwind","SteroidPotion","Red Skull","Orichalcum","PreservedInsect","Shrug It Off","SpeedPotion"],"campfire_rested":6,"item_purchase_floors":[5,5,30,30,30,30,39],"current_hp_per_floor":[80,64,64,70,70,70,70,68,68,68,74,74,80,80,80,80,80,75,80,80,80,19,43,34,58,58,31,20,44,44,44,68,38,80,75,80,80,54,54,78,80,80,80,77,76,76,76,72,80,71],"gold":171,"neow_bonus":"UPGRADE_CARD","is_prod":false,"is_daily":false,"chose_seed":false,"campfire_upgraded":4,"win_rate":0,"timestamp":1558272146,"path_taken":["M","?","?","M","$","R","?","E","T","R","M","R","E","?","R","BOSS","M","M","?","?","?","R","E","R","T","E","?","R","?","?","R","BOSS","M","?","M","M","$","R","E","?","T","?","M","?","?","?","R","BOSS"],"build_version":"2019-01-23","purchased_purges":1,"victory":true,"max_hp_per_floor":[80,80,80,80,80,80,80,80,80,80,80,80,80,80,80,80,80,80,80,80,80,80,80,80,80,80,80,80,80,80,80,80,80,80,80,80,80,80,80,80,80,80,80,80,80,80,80,80,80,80],"card_choices":[{"not_picked":["Heavy Blade","Warcry","Shockwave"],"picked":"SKIP","floor":1.0},{"not_picked":["Heavy Blade","Warcry","Shockwave"],"picked":"SKIP","floor":1.0},{"not_picked":["Bloodletting","Dual Wield","Sword Boomerang"],"picked":"SKIP","floor":4.0},{"not_picked":["Fire Breathing","Corruption"],"picked":"Pommel Strike","floor":8.0},{"not_picked":["Metallicize","Heavy Blade","Combust"],"picked":"SKIP","floor":11.0},{"not_picked":["Twin Strike","Sever Soul","Havoc"],"picked":"SKIP","floor":13.0},{"not_picked":["Blood for Blood","Pommel Strike","Carnage"],"picked":"SKIP","floor":14.0},{"not_picked":["Brutality","Offering"],"picked":"Berserk","floor":16.0},{"not_picked":["Clothesline","Pommel Strike","Blood for Blood"],"picked":"SKIP","floor":18.0},{"not_picked":["Entrench+1","Clothesline"],"picked":"Flex+1","floor":19.0},{"not_picked":["Clothesline","True Grit"],"picked":"Limit Break","floor":23.0},{"not_picked":["Thunderclap+1","Second Wind+1","Cleave"],"picked":"SKIP","floor":24.0},{"not_picked":["Carnage","Clash"],"picked":"Battle Trance","floor":27.0},{"not_picked":["Rampage","Warcry","Offering"],"picked":"SKIP","floor":28.0},{"not_picked":["Immolate","Fiend Fire"],"picked":"Reaper","floor":33.0},{"not_picked":["Twin Strike","Clash+1"],"picked":"Pummel+1","floor":35.0},{"not_picked":["Havoc","Heavy Blade+1"],"picked":"Pummel+1","floor":36.0},{"not_picked":["Body Slam","Disarm","Barricade"],"picked":"SKIP","floor":37.0},{"not_picked":["Body Slam","Disarm","Barricade"],"picked":"SKIP","floor":37.0},{"not_picked":["Clash","Twin Strike+1","Bloodletting"],"picked":"SKIP","floor":38.0},{"not_picked":["Disarm","Power Through+1","Clothesline+1"],"picked":"SKIP","floor":41.0},{"not_picked":["Reckless Charge","Infernal Blade+1"],"picked":"Spot Weakness+1","floor":42},{"not_picked":["Corruption","Warcry+1","True Grit"],"picked":"SKIP","floor":44},{"not_picked":["Clothesline+1","Clash+1"],"picked":"Offering","floor":45},{"not_picked":["Carnage","Perfected Strike","Feel No Pain+1"],"picked":"SKIP","floor":48}],"player_experience":70530,"relics_obtained":[{"floor":8.0,"key":"Paper Frog"},{"floor":9.0,"key":"Ancient Tea Set"},{"floor":13.0,"key":"Dream Catcher"},{"floor":22.0,"key":"WingedGreaves"},{"floor":22.0,"key":"The Courier"},{"floor":24.0,"key":"Ginger"},{"floor":26.0,"key":"Mummified Hand"},{"floor":27.0,"key":"Omamori"},{"floor":41.0,"key":"Anchor"},{"floor":43,"key":"Happy Flower"}],"event_choices":[{"damage_healed":0.0,"max_hp_gain":0.0,"max_hp_loss":0.0,"gold_gain":0.0,"event_name":"Shining Light","player_choice":"Entered Light","floor":2.0,"gold_loss":0.0,"damage_taken":16.0,"cards_upgraded":["Strike_R","Strike_R"]},{"damage_healed":0.0,"max_hp_gain":0.0,"max_hp_loss":0.0,"gold_gain":0.0,"event_name":"Living Wall","player_choice":"Grow","floor":3.0,"gold_loss":0.0,"damage_taken":0.0,"cards_upgraded":["Defend_R"]},{"cards_removed":["Strike_R"],"damage_healed":0.0,"max_hp_gain":0.0,"max_hp_loss":0.0,"gold_gain":0.0,"event_name":"Purifier","player_choice":"Purged","floor":7.0,"gold_loss":0.0,"damage_taken":0.0},{"damage_healed":0.0,"max_hp_gain":0.0,"max_hp_loss":0.0,"gold_gain":0.0,"event_name":"The Library","player_choice":"Read","floor":20.0,"gold_loss":0.0,"damage_taken":0.0,"cards_obtained":["Headbutt"]},{"damage_healed":0.0,"max_hp_gain":0.0,"max_hp_loss":0.0,"gold_gain":0.0,"event_name":"Drug Dealer","player_choice":"Inject Mutagens","floor":21.0,"gold_loss":0.0,"damage_taken":0.0,"relics_obtained":["MutagenicStrength"]},{"damage_healed":0.0,"max_hp_gain":0.0,"max_hp_loss":0.0,"gold_gain":0.0,"event_name":"Colosseum","player_choice":"Fight","floor":22.0,"gold_loss":0.0,"damage_taken":0.0},{"damage_healed":0.0,"max_hp_gain":0.0,"max_hp_loss":0.0,"gold_gain":0.0,"event_name":"Colosseum","player_choice":"Fought Nobs","floor":22.0,"gold_loss":0.0,"damage_taken":0.0},{"damage_healed":0.0,"max_hp_gain":0.0,"max_hp_loss":0.0,"gold_gain":0.0,"event_name":"Duplicator","player_choice":"Copied","floor":31.0,"gold_loss":0.0,"damage_taken":0.0,"cards_obtained":["Limit Break"]},{"damage_healed":0,"gold_gain":0,"player_choice":"Memory 1","damage_taken":0,"max_hp_gain":0,"max_hp_loss":0,"event_name":"SensoryStone","floor":46,"gold_loss":0},{"damage_healed":0,"gold_gain":0,"player_choice":"Ignored","damage_taken":0,"max_hp_gain":0,"max_hp_loss":0,"event_name":"Mysterious Sphere","floor":47,"gold_loss":0}],"is_beta":false,"boss_relics":[{"not_picked":["Runic Cube","Eternal Feather"],"picked":"Fusion Hammer"},{"not_picked":["Runic Dome","Velvet Choker"],"picked":"Runic Pyramid"}],"items_purged_floors":[39],"is_endless":false,"potions_floor_spawned":[4,8,13,18,24,27,33,38,41,44],"ascension_level":4}