{"gold_per_floor":[109,125,143,159,159,159,175,195,222,222,251,263,275,297,309,416,428,452,464,496,195,195,220,220,120,143,158,175,195,195,211,211,211],"floor_reached":33,"playtime":4054,"items_purged":["Strike_R+1","Defend_R+1"],"score":352,"play_id":"f23495d1-6c1a-401e-9eff-6c60f60cc178","local_time":"20190529175827","is_ascension_mode":true,"campfire_choices":[{"data":"Bash","floor":6.0,"key":"SMITH"},{"data":"Sword Boomerang","floor":10.0,"key":"SMITH"},{"data":"Shrug It Off","floor":12.0,"key":"SMITH"},{"data":"Shrug It Off","floor":15.0,"key":"SMITH"},{"data":"Limit Break","floor":24.0,"key":"SMITH"},{"floor":30.0,"key":"RECALL"},{"floor":32.0,"key":"REST"}],"neow_cost":"NONE","seed_source_timestamp":2006781636092247,"circlet_count":0,"master_deck":["Strike_R+1","Strike_R+1","Strike_R+1","Defend_R+1","Defend_R+1","Bash+1","Shrug It Off+1","Headbutt","Battle Trance","Sword Boomerang+1","Shrug It Off+1","Limit Break+1","Headbutt","Seeing Red+1","Twin Strike+1"],"special_seed":0,"relics":["Burning Blood","Happy Flower","Bag of Preparation","MawBank","Sozu","Frozen Egg 2","Lantern"],"potions_floor_usage":[33,33,33],"damage_taken":[{"damage":4.0,"enemies":"Jaw Worm","floor":1.0,"turns":4.0},{"damage":2.0,"enemies":"Cultist","floor":2.0,"turns":4.0},{"damage":0.0,"enemies":"2 Louse","floor":3.0,"turns":2.0},{"damage":6.0,"enemies":"2 Fungi Beasts","floor":4.0,"turns":3.0},{"damage":14.0,"enemies":"Gremlin Gang","floor":7.0,"turns":5.0},{"damage":9.0,"enemies":"Looter","floor":8.0,"turns":3.0},{"damage":25.0,"enemies":"3 Sentries","floor":11.0,"turns":14.0},{"damage":0.0,"enemies":"2 Fungi Beasts","floor":14.0,"turns":4.0},{"damage":22.0,"enemies":"Hexaghost","floor":16.0,"turns":8.0},{"damage":11.0,"enemies":"Spheric Guardian","floor":18.0,"turns":4.0},{"damage":6.0,"enemies":"2 Thieves","floor":20.0,"turns":4.0},{"damage":34.0,"enemies":"Book of Stabbing","floor":23.0,"turns":7.0},{"damage":4.0,"enemies":"Cultist and Chosen","floor":27.0,"turns":4.0},{"damage":0.0,"enemies":"Snecko","floor":28.0,"turns":3.0},{"damage":0.0,"enemies":"Centurion and Healer","floor":29.0,"turns":4.0},{"damage":12.0,"enemies":"Cultist and Chosen","floor":31.0,"turns":4.0},{"damage":75,"enemies":"Champ","floor":33,"turns":9}],"seed_played":"-9182902635709231891","potions_obtained":[{"floor":2.0,"key":"Block Potion"},{"floor":3.0,"key":"Energy Potion"},{"floor":7.0,"key":"Fire Potion"},{"floor":14.0,"key":"PowerPotion"},{"floor":16.0,"key":"SkillPotion"}],"is_trial":false,"path_per_floor":["M","M","M","M","?","R","M","M","T","R","E","R","?","M","R","B",null,"M","?","M","$","?","E","R","$","T","M","M","M","R","M","R","B"],"character_chosen":"IRONCLAD","items_purchased":["Frozen Egg 2"],"campfire_rested":1,"item_purchase_floors":[21],"current_hp_per_floor":[74,78,80,80,80,80,72,69,69,69,50,50,50,56,56,40,70,65,65,65,65,65,37,37,37,37,39,45,51,51,45,69,0],"gold":211,"neow_bonus":"RANDOM_COMMON_RELIC","is_prod":false,"is_daily":false,"chose_seed":false,"campfire_upgraded":5,"win_rate":0,"timestamp":1559167107,"path_taken":["M","M","M","M","?","R","?","M","T","R","E","R","?","M","R","BOSS","M","?","M","$","?","E","R","$","T","M","?","M","R","M","R","BOSS"],"build_version":"2019-01-23","purchased_purges":2,"victory":false,"max_hp_per_floor":[80,80,80,80,80,80,80,80,80,80,80,80,80,80,80,80,80,80,80,80,80,80,80,80,80,80,80,80,80,80,80,80,80],"card_choices":[{"not_picked":["True Grit","Carnage"],"picked":"Shrug It Off","floor":1.0},{"not_picked":["Sever Soul","Armaments"],"picked":"Headbutt","floor":2.0},{"not_picked":["Bloodletting","Iron Wave"],"picked":"Battle Trance","floor":3.0},{"not_picked":["Thunderclap","Warcry"],"picked":"Sword Boomerang","floor":4.0},{"not_picked":["Reaper","Rupture","Anger"],"picked":"SKIP","floor":7.0},{"not_picked":["Inflame","Headbutt"],"picked":"Shrug It Off","floor":8.0},{"not_picked":["Thunderclap","Armaments","Fire Breathing"],"picked":"SKIP","floor":11.0},{"not_picked":["Sword Boomerang","Heavy Blade","Wild Strike"],"picked":"SKIP","floor":14.0},{"not_picked":["Impervious","Juggernaut"],"picked":"Limit Break","floor":16.0},{"not_picked":["Sword Boomerang","Havoc"],"picked":"Headbutt","floor":18.0},{"not_picked":["Ghostly Armor","Rage+1"],"picked":"Seeing Red+1","floor":20.0},{"not_picked":["Headbutt","Iron Wave","Flame Barrier"],"picked":"SKIP","floor":23.0},{"not_picked":["Headbutt","True Grit","Dual Wield"],"picked":"SKIP","floor":27.0},{"not_picked":["Sever Soul","Pommel Strike+1"],"picked":"Twin Strike+1","floor":28.0},{"not_picked":["Warcry","Armaments","Clash"],"picked":"SKIP","floor":29.0},{"not_picked":["Clothesline","Limit Break","Shrug It Off"],"picked":"SKIP","floor":31.0}],"player_experience":308557,"relics_obtained":[{"floor":9.0,"key":"Bag of Preparation"},{"floor":11.0,"key":"MawBank"},{"floor":23.0,"key":"Lantern"}],"event_choices":[{"cards_removed":["Defend_R"],"damage_healed":0.0,"max_hp_gain":0.0,"max_hp_loss":0.0,"gold_gain":0.0,"event_name":"Purifier","player_choice":"Purged","floor":5.0,"gold_loss":0.0,"damage_taken":0.0},{"cards_removed":["Strike_R"],"damage_healed":0.0,"max_hp_gain":0.0,"max_hp_loss":0.0,"gold_gain":0.0,"event_name":"Bonfire Elementals","player_choice":"Offered Basic","floor":13.0,"gold_loss":0.0,"damage_taken":0.0},{"damage_healed":0.0,"max_hp_gain":0.0,"max_hp_loss":0.0,"gold_gain":0.0,"event_name":"Back to Basics","player_choice":"Simplicity","floor":19.0,"gold_loss":0.0,"damage_taken":0.0,"cards_upgraded":["Strike_R","Strike_R","Strike_R","Strike_R","Defend_R","Defend_R","Defend_R"]},{"damage_healed":0.0,"max_hp_gain":0.0,"max_hp_loss":0.0,"gold_gain":0.0,"event_name":"Lab","player_choice":"Got Potions","floor":22.0,"gold_loss":0.0,"damage_taken":0.0}],"is_beta":false,"boss_relics":[{"not_picked":["Astrolabe","Eternal Feather"],"picked":"Sozu"}],"items_purged_floors":[21,25],"is_endless":false,"potions_floor_spawned":[2,3,7,14,16,23,28,31],"killed_by":"Champ","ascension_level":6}