{"gold_per_floor":[112,112,126,201,214,252,252,292,292,292],"floor_reached":10,"playtime":545,"items_purged":[],"score":103,"play_id":"ddeffab5-92f3-4ea9-b69d-1fc9285b9590","local_time":"20190524053401","is_ascension_mode":true,"campfire_choices":[{"floor":7.0,"key":"REST"}],"neow_cost":"NONE","seed_source_timestamp":438322200608626,"circlet_count":0,"master_deck":["Strike_R","Strike_R","Strike_R+1","Strike_R","Strike_R","Defend_R","Defend_R","Defend_R","Defend_R","Bash+1","Inflame","Inflame"],"special_seed":0,"relics":["Burning Blood","Golden Idol","Regal Pillow","Shuriken","Whetstone"],"potions_floor_usage":[10],"damage_taken":[{"damage":0.0,"enemies":"Small Slimes","floor":1.0,"turns":3.0},{"damage":9.0,"enemies":"2 Louse","floor":3.0,"turns":3.0},{"damage":7.0,"enemies":"Jaw Worm","floor":5.0,"turns":6.0},{"damage":30.0,"enemies":"Gremlin Nob","floor":6.0,"turns":5.0},{"damage":36.0,"enemies":"Lagavulin","floor":8.0,"turns":8.0},{"damage":40,"enemies":"3 Sentries","floor":10,"turns":6}],"seed_played":"7592507850171752026","potions_obtained":[{"floor":1.0,"key":"LiquidBronze"},{"floor":5.0,"key":"Ancient Potion"},{"floor":6.0,"key":"GamblersBrew"},{"floor":8.0,"key":"SkillPotion"}],"is_trial":false,"path_per_floor":["M","?","M","?","M","E","R","E","T","E"],"character_chosen":"IRONCLAD","items_purchased":[],"campfire_rested":1,"item_purchase_floors":[],"current_hp_per_floor":[86,64,61,50,49,25,66,36,36,0],"gold":292,"neow_bonus":"TEN_PERCENT_HP_BONUS","is_prod":false,"is_daily":false,"chose_seed":false,"campfire_upgraded":0,"win_rate":0,"timestamp":1558656241,"path_taken":["M","?","M","?","M","E","R","E","T","E"],"build_version":"2019-01-23","purchased_purges":0,"victory":false,"max_hp_per_floor":[88,88,88,88,88,88,88,88,88,88],"card_choices":[{"not_picked":["Evolve","Body Slam"],"picked":"Inflame","floor":1.0},{"not_picked":["Warcry","Body Slam","Iron Wave"],"picked":"SKIP","floor":3.0},{"not_picked":["Warcry","Body Slam","Iron Wave"],"picked":"SKIP","floor":3.0},{"not_picked":["Warcry","Body Slam","Iron Wave"],"picked":"SKIP","floor":3.0},{"not_picked":["Pummel","Perfected Strike","Havoc"],"picked":"SKIP","floor":5.0},{"not_picked":["Rupture","Reckless Charge"],"picked":"Inflame","floor":6.0},{"not_picked":["Fire Breathing","Rage","Rupture"],"picked":"SKIP","floor":8.0}],"player_experience":695501,"relics_obtained":[{"floor":6.0,"key":"Regal Pillow"},{"floor":8.0,"key":"Shuriken"},{"floor":9.0,"key":"Whetstone"}],"event_choices":[{"damage_healed":0.0,"max_hp_gain":0.0,"max_hp_loss":0.0,"gold_gain":0.0,"event_name":"Golden Idol","player_choice":"Take Damage","floor":2.0,"gold_loss":0.0,"damage_taken":22.0,"relics_obtained":["Golden Idol"]},{"damage_healed":0.0,"max_hp_gain":0.0,"max_hp_loss":0.0,"gold_gain":75.0,"event_name":"World of Goop","player_choice":"Gather Gold","floor":4.0,"gold_loss":0.0,"damage_taken":11.0}],"is_beta":false,"boss_relics":[],"items_purged_floors":[],"is_endless":false,"potions_floor_spawned":[1,5,6,8],"killed_by":"3 Sentries","ascension_level":7}