{"gold_per_floor":[113,124,124,142,160,160,179,192,246,246,121,135,150,181,181,259,259,278,278,51,66,76,76,126,126],"floor_reached":25,"playtime":830,"items_purged":["Strike_R","Bash"],"score":383,"play_id":"ba21ac9e-350a-4b6f-8687-792d9d180379","local_time":"20190413040039","is_ascension_mode":true,"campfire_choices":[{"data":"Shockwave","floor":6,"key":"SMITH"},{"data":"Immolate","floor":10,"key":"SMITH"},{"data":"Armaments","floor":15,"key":"SMITH"},{"floor":23,"key":"REST"}],"neow_cost":"NONE","seed_source_timestamp":538033191797350,"circlet_count":0,"master_deck":["AscendersBane","Strike_R","Defend_R","Defend_R","Defend_R","Clothesline","Iron Wave","Shockwave+1","Immolate+1","Flame Barrier","Armaments+1","Burning Pact","Shrug It Off","Offering","Thunderclap+1","Headbutt+1","Uppercut+1","Infernal Blade","Feel No Pain","Power Through+1"],"special_seed":0,"relics":["Burning Blood","Bag of Marbles","Charon\u0027s Ashes","Astrolabe","Toxic Egg 2"],"potions_floor_usage":[],"damage_taken":[{"damage":12.0,"enemies":"Jaw Worm","floor":1.0,"turns":3.0},{"damage":1.0,"enemies":"Cultist","floor":2.0,"turns":3.0},{"damage":5,"enemies":"Small Slimes","floor":4,"turns":3},{"damage":6,"enemies":"Looter","floor":5,"turns":4},{"damage":23,"enemies":"3 Louse","floor":7,"turns":5},{"damage":7,"enemies":"Blue Slaver","floor":8,"turns":4},{"damage":0,"enemies":"2 Fungi Beasts","floor":12,"turns":1},{"damage":3,"enemies":"3 Louse","floor":13,"turns":2},{"damage":19,"enemies":"3 Sentries","floor":14,"turns":3},{"damage":6,"enemies":"The Guardian","floor":16,"turns":15},{"damage":26,"enemies":"2 Thieves","floor":18,"turns":4},{"damage":34,"enemies":"Shell Parasite","floor":21,"turns":6},{"damage":10,"enemies":"Chosen and Byrds","floor":22,"turns":5},{"damage":39,"enemies":"Book of Stabbing","floor":25,"turns":4}],"seed_played":"-1219293568998202618","potions_obtained":[{"floor":1.0,"key":"Regen Potion"},{"floor":8,"key":"SpeedPotion"}],"is_trial":false,"path_per_floor":["M","M","?","M","M","R","M","M","T","R","$","M","M","E","R","B",null,"M","?","$","M","M","R","?","E"],"character_chosen":"IRONCLAD","items_purchased":["Armaments","Feel No Pain","Power Through+1"],"campfire_rested":1,"item_purchase_floors":[11,20,20],"current_hp_per_floor":[62,67,67,68,68,68,51,50,50,50,50,56,59,46,46,46,68,48,48,48,20,16,38,38,0],"gold":126,"neow_bonus":"TRANSFORM_CARD","is_prod":false,"is_daily":false,"chose_seed":false,"campfire_upgraded":3,"win_rate":0,"timestamp":1555095639,"path_taken":["M","M","?","?","M","R","M","M","T","R","$","M","M","E","R","BOSS","M","?","$","M","?","R","?","E"],"build_version":"2019-01-23","purchased_purges":2,"victory":false,"max_hp_per_floor":[75,75,75,75,75,75,75,75,75,75,75,75,75,75,75,75,75,75,75,75,75,75,75,75,75],"card_choices":[{"not_picked":["Second Wind","Hemokinesis"],"picked":"Iron Wave","floor":1.0},{"not_picked":["Headbutt","Havoc"],"picked":"Shockwave","floor":2.0},{"not_picked":["Anger","Whirlwind","Sentinel"],"picked":"SKIP","floor":4},{"not_picked":["Blood for Blood","Havoc","Thunderclap"],"picked":"SKIP","floor":5},{"not_picked":["Dropkick","Anger"],"picked":"Immolate","floor":7},{"not_picked":["Sword Boomerang","Clash"],"picked":"Flame Barrier","floor":8},{"not_picked":["Clothesline","Intimidate","Body Slam"],"picked":"SKIP","floor":12},{"not_picked":["Power Through","Havoc"],"picked":"Burning Pact","floor":13},{"not_picked":["Reckless Charge","Rupture"],"picked":"Shrug It Off","floor":14},{"not_picked":["Immolate","Juggernaut"],"picked":"Offering","floor":16},{"not_picked":["Pommel Strike+1","Uppercut"],"picked":"Infernal Blade","floor":18},{"not_picked":["Iron Wave","Blood for Blood","Uppercut"],"picked":"SKIP","floor":21},{"not_picked":["Thunderclap","Cleave+1","Iron Wave"],"picked":"SKIP","floor":22}],"player_experience":444622,"relics_obtained":[{"floor":9,"key":"Bag of Marbles"},{"floor":14,"key":"Charon\u0027s Ashes"}],"event_choices":[{"damage_healed":0,"gold_gain":0,"player_choice":"0 cards matched","damage_taken":0,"max_hp_gain":0,"max_hp_loss":0,"event_name":"Match and Keep!","floor":3,"gold_loss":0,"cards_obtained":[]},{"damage_healed":0,"gold_gain":0,"player_choice":"Gave Potion","damage_taken":0,"relics_obtained":["Toxic Egg 2"],"max_hp_gain":0,"max_hp_loss":0,"event_name":"WeMeetAgain","floor":19,"gold_loss":0},{"damage_healed":0,"gold_gain":50,"player_choice":"Stole From Cult","damage_taken":0,"max_hp_gain":0,"max_hp_loss":0,"event_name":"Nest","floor":24,"gold_loss":0}],"is_beta":false,"boss_relics":[{"not_picked":["Philosopher\u0027s Stone","Ectoplasm"],"picked":"Astrolabe"}],"items_purged_floors":[11,20],"is_endless":false,"potions_floor_spawned":[1,8,12,13,18],"killed_by":"Book of Stabbing","ascension_level":17}