{"gold_per_floor":[118,137,137,212,362,394,394,405,405,422,86,106,36,54,54,131,131,141,158,174,174],"floor_reached":21,"playtime":597,"items_purged":["Doubt"],"score":406,"play_id":"a55d6edd-898e-4fd9-9880-57f8e5450e4d","local_time":"20190427162722","is_ascension_mode":true,"campfire_choices":[{"data":"Uppercut","floor":7.0,"key":"SMITH"},{"data":"Armaments","floor":15.0,"key":"SMITH"}],"neow_cost":"NONE","seed_source_timestamp":1212263239716765,"circlet_count":0,"master_deck":["AscendersBane","Strike_R","Strike_R","Strike_R","Strike_R","Strike_R","Defend_R+1","Defend_R","Defend_R","Defend_R","Bash","Uppercut+1","Entrench+1","Inflame","Second Wind","Iron Wave","Spot Weakness","Flash of Steel","Ghostly Armor","Armaments+1","Double Tap","Pummel","Sword Boomerang","Sword Boomerang"],"special_seed":0,"relics":["Burning Blood","NeowsBlessing","Mummified Hand","The Courier","Bag of Preparation","Velvet Choker"],"potions_floor_usage":[20],"damage_taken":[{"damage":0.0,"enemies":"Small Slimes","floor":1.0,"turns":1.0},{"damage":0.0,"enemies":"2 Louse","floor":2.0,"turns":1.0},{"damage":0.0,"enemies":"Gremlin Nob","floor":6.0,"turns":1.0},{"damage":4.0,"enemies":"Cultist","floor":8.0,"turns":3.0},{"damage":6.0,"enemies":"3 Louse","floor":10.0,"turns":3.0},{"damage":28.0,"enemies":"Gremlin Gang","floor":12.0,"turns":4.0},{"damage":4.0,"enemies":"Looter","floor":14.0,"turns":3.0},{"damage":27.0,"enemies":"The Guardian","floor":16.0,"turns":13.0},{"damage":28.0,"enemies":"3 Byrds","floor":18.0,"turns":6.0},{"damage":16.0,"enemies":"Shell Parasite","floor":19.0,"turns":2.0},{"damage":22,"enemies":"Chosen and Byrds","floor":20,"turns":5},{"damage":12,"enemies":"Shelled Parasite and Fungi","floor":21,"turns":2}],"seed_played":"5453569213333503311","potions_obtained":[{"floor":1.0,"key":"BloodPotion"},{"floor":2.0,"key":"LiquidBronze"},{"floor":8.0,"key":"PowerPotion"},{"floor":14.0,"key":"Energy Potion"},{"floor":16.0,"key":"Poison Potion"},{"floor":18.0,"key":"LiquidBronze"}],"is_trial":false,"path_per_floor":["M","M","?","?","?","E","R","M","T","M","$","M","$","M","R","B",null,"M","M","M","M"],"character_chosen":"IRONCLAD","items_purchased":["Bag of Preparation","Spot Weakness","Flash of Steel","Ghostly Armor"],"campfire_rested":0,"item_purchase_floors":[11,11,11,13],"current_hp_per_floor":[74,75,52,41,41,47,47,49,49,49,49,27,27,36,36,15,60,38,28,12,0],"gold":174,"neow_bonus":"THREE_ENEMY_KILL","is_prod":false,"is_daily":false,"chose_seed":false,"campfire_upgraded":2,"win_rate":0,"timestamp":1556350042,"path_taken":["M","M","?","?","?","E","R","M","T","M","$","M","?","M","R","BOSS","M","M","M","?"],"build_version":"2019-01-23","purchased_purges":1,"victory":false,"max_hp_per_floor":[75,75,75,75,75,75,75,75,75,75,75,75,75,75,75,75,75,75,75,75,75],"card_choices":[{"not_picked":["Anger","Dual Wield"],"picked":"Uppercut","floor":1.0},{"not_picked":["True Grit","Second Wind"],"picked":"Entrench","floor":2.0},{"not_picked":["Pommel Strike","Dropkick"],"picked":"Inflame","floor":6.0},{"not_picked":["Thunderclap","Iron Wave"],"picked":"Second Wind","floor":8.0},{"not_picked":["Fire Breathing","Intimidate"],"picked":"Iron Wave","floor":10.0},{"not_picked":["Thunderclap","Pommel Strike","Headbutt"],"picked":"SKIP","floor":12.0},{"not_picked":["Flex","Uppercut"],"picked":"Armaments","floor":14.0},{"not_picked":["Berserk","Bludgeon"],"picked":"Double Tap","floor":16.0},{"not_picked":["Clothesline+1","Infernal Blade"],"picked":"Pummel","floor":18.0},{"not_picked":["Evolve","Heavy Blade"],"picked":"Sword Boomerang","floor":19.0},{"not_picked":["Reckless Charge","Sword Boomerang","Heavy Blade"],"picked":"SKIP","floor":20},{"not_picked":["Reckless Charge","Heavy Blade"],"picked":"Sword Boomerang","floor":20}],"player_experience":464376,"relics_obtained":[{"floor":6.0,"key":"Mummified Hand"},{"floor":9.0,"key":"The Courier"}],"event_choices":[{"damage_healed":0.0,"max_hp_gain":0.0,"max_hp_loss":0.0,"gold_gain":0.0,"event_name":"Shining Light","player_choice":"Entered Light","floor":3.0,"gold_loss":0.0,"damage_taken":23.0,"cards_upgraded":["Entrench","Defend_R"]},{"damage_healed":0.0,"max_hp_gain":0.0,"max_hp_loss":0.0,"gold_gain":75.0,"event_name":"World of Goop","player_choice":"Gather Gold","floor":4.0,"gold_loss":0.0,"damage_taken":11.0},{"damage_healed":0.0,"max_hp_gain":0.0,"max_hp_loss":0.0,"gold_gain":150.0,"event_name":"Liars Game","player_choice":"AGREE","floor":5.0,"gold_loss":0.0,"damage_taken":0.0,"cards_obtained":["Doubt"]}],"is_beta":false,"boss_relics":[{"not_picked":["Busted Crown","Sozu"],"picked":"Velvet Choker"}],"items_purged_floors":[11],"is_endless":false,"potions_floor_spawned":[1,2,8,14,16,18],"killed_by":"Shelled Parasite and Fungi","ascension_level":19}