{"gold_per_floor":[110,34,46,46,46,85,105,143,143,179,193,193,216,239,239,358,358,283,296,296,306,326,326],"floor_reached":23,"playtime":1791,"items_purged":[],"score":321,"play_id":"55b06c65-d72f-4338-b5dd-4f0f75304667","local_time":"20190524100346","is_ascension_mode":true,"campfire_choices":[{"floor":15.0,"key":"REST"}],"neow_cost":"NONE","seed_source_timestamp":452432772487078,"circlet_count":0,"master_deck":["Defend_G","Defend_G","Defend_G","Defend_G","Defend_G","Strike_G","Strike_G","Strike_G","Strike_G","Survivor","Neutralize","Cloak And Dagger","Noxious Fumes","Malaise","Footwork","Noxious Fumes","Crippling Poison","Backstab","Blur","Bouncing Flask","After Image","Terror+1","Cloak And Dagger","Noxious Fumes","Endless Agony+1"],"special_seed":0,"relics":["Ring of the Snake","NeowsBlessing","Bloody Idol","The Courier","Boot","Kunai","Nunchaku","Ginger","Runic Dome"],"potions_floor_usage":[18,22],"damage_taken":[{"damage":0.0,"enemies":"Small Slimes","floor":1.0,"turns":1.0},{"damage":0.0,"enemies":"2 Louse","floor":3.0,"turns":1.0},{"damage":0.0,"enemies":"3 Sentries","floor":6.0,"turns":1.0},{"damage":0.0,"enemies":"Cultist","floor":7.0,"turns":6.0},{"damage":10.0,"enemies":"Gremlin Nob","floor":8.0,"turns":5.0},{"damage":9.0,"enemies":"3 Sentries","floor":10.0,"turns":7.0},{"damage":7.0,"enemies":"Looter","floor":11.0,"turns":5.0},{"damage":3.0,"enemies":"Exordium Wildlife","floor":13.0,"turns":4.0},{"damage":0.0,"enemies":"3 Louse","floor":14.0,"turns":3.0},{"damage":1.0,"enemies":"The Guardian","floor":16.0,"turns":8.0},{"damage":11,"enemies":"2 Thieves","floor":18,"turns":5},{"damage":6,"enemies":"Spheric Guardian","floor":19,"turns":4},{"damage":24,"enemies":"Cultist and Chosen","floor":21,"turns":8},{"damage":3,"enemies":"Snake Plant","floor":22,"turns":4},{"damage":30,"enemies":"Slavers","floor":23,"turns":2}],"seed_played":"-8856347668806034630","potions_obtained":[{"floor":3.0,"key":"EssenceOfSteel"},{"floor":7.0,"key":"Fire Potion"},{"floor":11.0,"key":"FairyPotion"},{"floor":16.0,"key":"Swift Potion"},{"floor":19,"key":"PowerPotion"},{"floor":22,"key":"Swift Potion"}],"is_trial":false,"path_per_floor":["M","$","M","?","?","E","M","E","T","E","M","?","M","M","R","B",null,"M","M","?","M","M","E"],"character_chosen":"THE_SILENT","items_purchased":["Noxious Fumes"],"campfire_rested":1,"item_purchase_floors":[2],"current_hp_per_floor":[63,63,63,63,56,56,56,46,46,37,30,30,27,27,46,45,60,49,43,43,24,26,0],"gold":326,"neow_bonus":"THREE_ENEMY_KILL","is_prod":false,"is_daily":false,"chose_seed":false,"campfire_upgraded":0,"win_rate":0,"timestamp":1558672426,"path_taken":["M","$","M","?","?","E","M","E","T","E","M","?","?","M","R","BOSS","M","M","?","M","M","E"],"build_version":"2019-01-23","purchased_purges":0,"victory":false,"max_hp_per_floor":[70,70,70,65,65,65,65,65,65,65,65,65,65,65,65,65,65,65,65,65,65,65,65],"card_choices":[{"not_picked":["Bane","PiercingWail"],"picked":"Cloak And Dagger","floor":1.0},{"not_picked":["Blade Dance","Setup"],"picked":"Malaise","floor":3.0},{"not_picked":["Backflip","Quick Slash"],"picked":"Footwork","floor":6.0},{"not_picked":["Blade Dance","Deadly Poison"],"picked":"Noxious Fumes","floor":7.0},{"not_picked":["Slice","Night Terror"],"picked":"Crippling Poison","floor":8.0},{"not_picked":["Caltrops","Outmaneuver","Dodge and Roll"],"picked":"SKIP","floor":10.0},{"not_picked":["Quick Slash","PiercingWail"],"picked":"Backstab","floor":11.0},{"not_picked":["Prepared","Endless Agony"],"picked":"Blur","floor":13.0},{"not_picked":["Reflex","Prepared"],"picked":"Bouncing Flask","floor":14.0},{"not_picked":["Glass Knife","Grand Finale"],"picked":"After Image","floor":16.0},{"not_picked":["Quick Slash","Bane+1"],"picked":"Terror+1","floor":18},{"not_picked":["Expertise","Poisoned Stab"],"picked":"Cloak And Dagger","floor":19},{"not_picked":["Deflect","Tactician"],"picked":"Noxious Fumes","floor":21},{"not_picked":["Underhanded Strike","Crippling Poison"],"picked":"Endless Agony+1","floor":22}],"player_experience":704014,"relics_obtained":[{"floor":6.0,"key":"The Courier"},{"floor":8.0,"key":"Boot"},{"floor":9.0,"key":"Kunai"},{"floor":10.0,"key":"Nunchaku"}],"event_choices":[{"damage_healed":0.0,"max_hp_gain":0.0,"max_hp_loss":5.0,"gold_gain":0.0,"event_name":"Golden Idol","player_choice":"Lose Max HP","floor":4.0,"gold_loss":0.0,"damage_taken":0.0,"relics_obtained":["Golden Idol"]},{"cards_removed":["Strike_G"],"damage_healed":0.0,"max_hp_gain":0.0,"max_hp_loss":0.0,"gold_gain":0.0,"event_name":"Golden Wing","player_choice":"Card Removal","floor":5.0,"gold_loss":0.0,"damage_taken":7.0},{"damage_healed":0.0,"max_hp_gain":0.0,"max_hp_loss":0.0,"gold_gain":0.0,"event_name":"WeMeetAgain","player_choice":"Gave Potion","floor":12.0,"gold_loss":0.0,"damage_taken":0.0,"relics_obtained":["Ginger"]},{"damage_healed":0,"gold_gain":0,"player_choice":"Gave Idol","damage_taken":0,"relics_obtained":["Bloody Idol"],"max_hp_gain":0,"max_hp_loss":0,"event_name":"Forgotten Altar","floor":20,"relics_lost":["Golden Idol"],"gold_loss":0}],"is_beta":false,"boss_relics":[{"not_picked":["Fusion Hammer","Lizard Tail"],"picked":"Runic Dome"}],"items_purged_floors":[],"is_endless":false,"potions_floor_spawned":[3,7,11,16,19,22],"killed_by":"Slavers","ascension_level":7}