{"gold_per_floor":[115,38,53,71,87,87,102,122,122,122,135,152,152,166,166,271,271,245,245,264,283,295,295,310,337,337,337,348,358,457,19,19,115,115,135,0,0,0,0,0,16,45,91,103,103,119,119,137,137,137],"floor_reached":50,"playtime":6078,"items_purged":["Defend_R"],"score":642,"play_id":"22afb1e5-b83d-4877-9615-529b2fc0bf6d","local_time":"20190109230624","is_ascension_mode":false,"campfire_choices":[{"data":"Pommel Strike","floor":6.0,"key":"SMITH"},{"data":"Inflame","floor":10.0,"key":"SMITH"},{"data":"True Grit","floor":13.0,"key":"SMITH"},{"data":"True Grit","floor":15.0,"key":"SMITH"},{"floor":23.0,"key":"REST"},{"data":"Body Slam","floor":27.0,"key":"SMITH"},{"floor":32.0,"key":"REST"},{"data":"Body Slam","floor":40,"key":"SMITH"},{"data":"Barricade","floor":45,"key":"SMITH"},{"data":"Forethought","floor":47,"key":"SMITH"},{"data":"Shockwave","floor":49,"key":"SMITH"}],"neow_cost":"PERCENT_DAMAGE","seed_source_timestamp":0,"circlet_count":0,"master_deck":["Strike_R","Strike_R","Strike_R","Defend_R","Defend_R","Defend_R","Bash","Pommel Strike+1","True Grit+1","True Grit+1","Inflame+1","Reaper","Shrug It Off","Shrug It Off","Barricade+1","Body Slam+1","Cleave","Spot Weakness+1","Shockwave+1","Entrench+1","Body Slam+1","Forethought+1","Flex","Offering","Bloodletting+1","Heavy Blade+1"],"special_seed":0,"relics":["Burning Blood","Ancient Tea Set","Sundial","Lizard Tail","Bag of Marbles","Bottled Tornado","Shuriken","Coffee Dripper","Red Mask","Nunchaku","PreservedInsect"],"potions_floor_usage":[41,46,46,50,50],"damage_taken":[{"damage":12.0,"enemies":"Cultist","floor":1.0,"turns":5.0},{"damage":2.0,"enemies":"2 Louse","floor":3.0,"turns":2.0},{"damage":1.0,"enemies":"Jaw Worm","floor":4.0,"turns":3.0},{"damage":2.0,"enemies":"3 Louse","floor":5.0,"turns":6.0},{"damage":0.0,"enemies":"Looter","floor":7.0,"turns":2.0},{"damage":16.0,"enemies":"Exordium Wildlife","floor":8.0,"turns":6.0},{"damage":1.0,"enemies":"2 Fungi Beasts","floor":11.0,"turns":4.0},{"damage":7.0,"enemies":"Blue Slaver","floor":12.0,"turns":3.0},{"damage":1.0,"enemies":"Exordium Wildlife","floor":14.0,"turns":3.0},{"damage":65.0,"enemies":"The Guardian","floor":16.0,"turns":13.0},{"damage":29.0,"enemies":"2 Thieves","floor":18.0,"turns":5.0},{"damage":10.0,"enemies":"Chosen","floor":20.0,"turns":7.0},{"damage":42.0,"enemies":"Shelled Parasite and Fungi","floor":21.0,"turns":8.0},{"damage":66.0,"enemies":"3 Cultists","floor":22.0,"turns":9.0},{"damage":33.0,"enemies":"Chosen and Byrds","floor":24.0,"turns":10.0},{"damage":74.0,"enemies":"Slavers","floor":25.0,"turns":7.0},{"damage":10.0,"enemies":"Snecko","floor":28.0,"turns":5.0},{"damage":15.0,"enemies":"Centurion and Healer","floor":29.0,"turns":6.0},{"damage":24.0,"enemies":"Automaton","floor":33.0,"turns":12.0},{"damage":65.0,"enemies":"3 Darklings","floor":35.0,"turns":6.0},{"damage":6,"enemies":"3 Shapes","floor":41,"turns":2},{"damage":35,"enemies":"Reptomancer","floor":42,"turns":7},{"damage":48,"enemies":"Transient","floor":44,"turns":5},{"damage":0,"enemies":"Maw","floor":46,"turns":8},{"damage":22,"enemies":"Writhing Mass","floor":48,"turns":4},{"damage":30,"enemies":"Awakened One","floor":50,"turns":6}],"seed_played":"5435570015439784662","potions_obtained":[{"floor":4.0,"key":"SpeedPotion"},{"floor":5.0,"key":"Fruit Juice"},{"floor":7.0,"key":"LiquidBronze"},{"floor":11.0,"key":"Explosive Potion"},{"floor":16.0,"key":"Strength Potion"},{"floor":18.0,"key":"SneckoOil"},{"floor":22.0,"key":"Swift Potion"},{"floor":28.0,"key":"Ancient Potion"},{"floor":35.0,"key":"EssenceOfSteel"},{"floor":44,"key":"Weak Potion"},{"floor":48,"key":"EssenceOfSteel"}],"is_trial":false,"path_per_floor":["M","?","M","M","M","R","M","M","T","R","M","M","R","M","R","B",null,"M","?","M","M","M","R","M","E","T","R","M","M","?","$","R","B",null,"M","?","?","$","?","R","M","E","T","M","R","M","R","M","R","B"],"character_chosen":"IRONCLAD","items_purchased":["Forethought","Flex","Shuriken"],"campfire_rested":2,"item_purchase_floors":[31,31,31],"current_hp_per_floor":[50,50,54,59,63,63,69,59,59,59,69,75,75,84,84,35,85,76,76,79,48,9,34,14,37,37,37,43,34,34,34,59,41,85,48,48,48,48,48,48,81,52,52,19,19,25,25,9,9,0],"gold":137,"neow_bonus":"REMOVE_TWO","is_prod":false,"is_daily":false,"chose_seed":false,"campfire_upgraded":9,"win_rate":0.0,"timestamp":1547096784,"path_taken":["M","?","M","?","M","R","M","M","T","R","M","M","R","M","R","BOSS","M","?","?","M","M","R","M","E","T","R","M","M","?","$","R","BOSS","M","?","?","?","?","R","M","E","T","?","R","M","R","M","R","BOSS"],"build_version":"2019-01-03v4","purchased_purges":1,"victory":false,"max_hp_per_floor":[80,80,80,80,80,80,80,80,80,80,85,85,85,85,85,85,85,85,85,85,85,85,85,85,85,85,85,85,85,85,85,85,85,85,85,85,85,85,81,81,81,81,81,81,81,81,81,81,81,81],"card_choices":[{"not_picked":["Clash","Shrug It Off"],"picked":"Pommel Strike","floor":1.0},{"not_picked":["Thunderclap","Clothesline"],"picked":"True Grit","floor":3.0},{"not_picked":["Anger","Dropkick"],"picked":"True Grit","floor":4.0},{"not_picked":["Clothesline","Anger","Perfected Strike"],"picked":"SKIP","floor":5.0},{"not_picked":["Second Wind","Intimidate","Sever Soul"],"picked":"SKIP","floor":7.0},{"not_picked":["Flex","Body Slam"],"picked":"Inflame","floor":8.0},{"not_picked":["Shockwave","Warcry"],"picked":"Reaper","floor":11.0},{"not_picked":["Sword Boomerang","Armaments"],"picked":"Shrug It Off","floor":12.0},{"not_picked":["Anger","Armaments"],"picked":"Shrug It Off","floor":14.0},{"not_picked":["Feed","Demon Form"],"picked":"Barricade","floor":16.0},{"not_picked":["Inflame","Shockwave"],"picked":"Body Slam","floor":18.0},{"not_picked":["Iron Wave","Headbutt","Sever Soul+1"],"picked":"SKIP","floor":20.0},{"not_picked":["Intimidate+1","Headbutt"],"picked":"Cleave","floor":21.0},{"not_picked":["Bloodletting","True Grit+1"],"picked":"Heavy Blade","floor":22.0},{"not_picked":["Cleave","Thunderclap"],"picked":"Spot Weakness+1","floor":24.0},{"not_picked":["Offering","Armaments"],"picked":"Shockwave","floor":25.0},{"not_picked":["Seeing Red","Metallicize"],"picked":"Entrench+1","floor":28.0},{"not_picked":["Reckless Charge","Twin Strike"],"picked":"Body Slam","floor":29.0},{"not_picked":["Feed","Juggernaut"],"picked":"Offering","floor":33.0},{"not_picked":["Clothesline","Headbutt+1","Thunderclap"],"picked":"SKIP","floor":35.0},{"not_picked":["Thunderclap+1","Twin Strike","Flex+1"],"picked":"SKIP","floor":41},{"not_picked":["Hemokinesis","Burning Pact"],"picked":"Bloodletting+1","floor":42},{"not_picked":["True Grit","Offering"],"picked":"Heavy Blade+1","floor":44},{"not_picked":["Twin Strike+1","Warcry+1","Armaments"],"picked":"SKIP","floor":46},{"not_picked":["Heavy Blade+1","Cleave","Bludgeon"],"picked":"SKIP","floor":48}],"player_experience":38809,"relics_obtained":[{"floor":9.0,"key":"Sundial"},{"floor":25.0,"key":"Bag of Marbles"},{"floor":26.0,"key":"Bottled Tornado"},{"floor":42,"key":"Nunchaku"},{"floor":43,"key":"PreservedInsect"}],"event_choices":[{"damage_healed":0.0,"max_hp_gain":0.0,"max_hp_loss":0.0,"gold_gain":0.0,"event_name":"WeMeetAgain","player_choice":"Paid Gold","floor":2.0,"gold_loss":77.0,"damage_taken":0.0,"relics_obtained":["Ancient Tea Set"]},{"damage_healed":0.0,"max_hp_gain":0.0,"max_hp_loss":0.0,"gold_gain":0.0,"event_name":"The Woman in Blue","player_choice":"Bought 0 Potions","floor":19.0,"gold_loss":0.0,"damage_taken":0.0},{"damage_healed":0.0,"max_hp_gain":0.0,"max_hp_loss":0.0,"gold_gain":99.0,"event_name":"Nest","player_choice":"Stole From Cult","floor":30.0,"gold_loss":0.0,"damage_taken":0.0},{"damage_healed":0.0,"max_hp_gain":0.0,"max_hp_loss":0.0,"gold_gain":0.0,"event_name":"Tomb of Lord Red Mask","player_choice":"Paid","floor":36.0,"gold_loss":135.0,"damage_taken":0.0,"relics_obtained":["Red Mask"]},{"cards_removed":["Heavy Blade"],"damage_healed":0.0,"max_hp_gain":0.0,"max_hp_loss":0.0,"gold_gain":0.0,"event_name":"Falling","player_choice":"Removed Attack","floor":37.0,"gold_loss":0.0,"damage_taken":0.0},{"damage_healed":0,"gold_gain":0,"player_choice":"Max HP","damage_taken":0,"max_hp_gain":0,"max_hp_loss":4,"event_name":"Winding Halls","floor":39,"gold_loss":0}],"is_beta":false,"boss_relics":[{"not_picked":["Calling Bell","Orrery"],"picked":"Lizard Tail"},{"not_picked":["White Beast Statue","Runic Cube"],"picked":"Coffee Dripper"}],"items_purged_floors":[31],"is_endless":false,"potions_floor_spawned":[4,5,7,11,14,16,18,21,22,28,35,44,48],"killed_by":"Awakened One","ascension_level":0}