{"gold_per_floor":[116,116,116,116,136,136,166,177,177,193,225,190,67,67,67,143,143,157,171,86,106,123,123,150,163,163,174,186,186,186,215,215,288,288,303,303,303,323,623,655,323,350,350,350,362,362,192,226,226,226],"floor_reached":51,"playtime":1803,"items_purged":["Writhe"],"score":1708,"play_id":"13bf7a59-c802-426a-a51e-37faf39c4078","local_time":"20190407162521","is_ascension_mode":true,"campfire_choices":[{"data":"Carnage","floor":6.0,"key":"SMITH"},{"floor":15.0,"key":"DIG"},{"floor":23.0,"key":"REST"},{"floor":29.0,"key":"DIG"},{"floor":32.0,"key":"REST"},{"floor":44,"key":"REST"},{"floor":49,"key":"DIG"}],"neow_cost":"NONE","seed_source_timestamp":62917914894884,"circlet_count":0,"master_deck":["AscendersBane","Strike_R+1","Strike_R","Strike_R","Defend_R","Defend_R","Defend_R","Defend_R","Bash","Headbutt+1","Decay","Carnage+1","Sever Soul","Uppercut","Shrug It Off","Burning Pact","Havoc","Immolate+1","Second Wind","Shrug It Off","True Grit","Battle Trance","Regret","Power Through","Power Through","Immolate+1","Armaments","Second Wind","Fiend Fire+1","Flame Barrier+1","Juggernaut","Corruption","Corruption","Corruption","Feel No Pain","True Grit","Evolve"],"special_seed":0,"relics":["Burning Blood","NeowsBlessing","Dead Branch","Shovel","Oddly Smooth Stone","Molten Egg 2","Cursed Key","Mercury Hourglass","Ornamental Fan","Strawberry","Smiling Mask","Red Skull","Runic Pyramid","Bag of Preparation","DollysMirror","Regal Pillow","Bottled Tornado","Art of War","Blue Candle"],"potions_floor_usage":[50],"damage_taken":[{"damage":8.0,"enemies":"2 Louse","floor":1.0,"turns":2.0},{"damage":0.0,"enemies":"Small Slimes","floor":5.0,"turns":1.0},{"damage":0.0,"enemies":"3 Sentries","floor":7.0,"turns":2.0},{"damage":3.0,"enemies":"Cultist","floor":8.0,"turns":3.0},{"damage":11.0,"enemies":"Looter","floor":10.0,"turns":2.0},{"damage":32.0,"enemies":"Lagavulin","floor":11.0,"turns":5.0},{"damage":6.0,"enemies":"Slime Boss","floor":16.0,"turns":8.0},{"damage":41.0,"enemies":"Shell Parasite","floor":18.0,"turns":7.0},{"damage":12.0,"enemies":"3 Byrds","floor":19.0,"turns":4.0},{"damage":2.0,"enemies":"Sentry and Sphere","floor":21.0,"turns":4.0},{"damage":15.0,"enemies":"Snecko","floor":22.0,"turns":4.0},{"damage":21.0,"enemies":"Book of Stabbing","floor":24.0,"turns":4.0},{"damage":12.0,"enemies":"Centurion and Healer","floor":25.0,"turns":7.0},{"damage":15.0,"enemies":"Chosen and Byrds","floor":27.0,"turns":4.0},{"damage":0.0,"enemies":"Snecko","floor":28.0,"turns":2.0},{"damage":20.0,"enemies":"Gremlin Leader","floor":31.0,"turns":5.0},{"damage":88.0,"enemies":"Collector","floor":33.0,"turns":8.0},{"damage":6.0,"enemies":"3 Darklings","floor":35.0,"turns":2.0},{"damage":6.0,"enemies":"3 Shapes","floor":38.0,"turns":4.0},{"damage":46.0,"enemies":"Giant Head","floor":40.0,"turns":7.0},{"damage":3,"enemies":"Nemesis","floor":42,"turns":3},{"damage":9,"enemies":"Spire Growth","floor":45,"turns":4},{"damage":0,"enemies":"Giant Head","floor":48,"turns":2},{"damage":2,"enemies":"Time Eater","floor":50,"turns":6}],"seed_played":"-7133294313545882921","potions_obtained":[{"floor":1.0,"key":"FairyPotion"},{"floor":10.0,"key":"Dexterity Potion"},{"floor":22.0,"key":"PowerPotion"},{"floor":25.0,"key":"BloodPotion"},{"floor":27.0,"key":"BloodPotion"},{"floor":33.0,"key":"Weak Potion"},{"floor":38.0,"key":"Explosive Potion"},{"floor":42,"key":"BloodPotion"}],"is_trial":false,"path_per_floor":["M","?","?","?","M","R","E","M","T","M","E","?","$","?","R","B",null,"M","M","?","M","M","R","E","M","T","M","M","R","?","E","R","B",null,"M","?","?","M","?","E","$","E","T","R","M","?","$","E","R","B",null],"character_chosen":"IRONCLAD","items_purchased":["Burning Pact","Havoc","Corruption","DollysMirror","Block Potion","Feel No Pain","True Grit"],"campfire_rested":3,"item_purchase_floors":[13,13,41,41,41,47,47],"current_hp_per_floor":[66,59,36,36,42,42,48,51,51,46,20,38,38,43,43,43,71,36,30,30,34,25,49,34,28,35,34,48,48,48,34,60,8,67,67,67,67,67,67,27,27,30,30,69,66,66,66,72,72,83],"gold":226,"neow_bonus":"THREE_ENEMY_KILL","is_prod":false,"is_daily":false,"chose_seed":false,"campfire_upgraded":1,"win_rate":0,"timestamp":1554621921,"path_taken":["M","?","?","?","?","R","E","M","T","M","E","?","$","?","R","BOSS","M","M","?","M","M","R","E","M","T","M","M","R","?","E","R","BOSS","M","?","?","?","?","E","$","E","T","R","?","?","$","E","R","BOSS"],"build_version":"2019-01-23","purchased_purges":1,"victory":true,"max_hp_per_floor":[75,75,75,75,75,75,75,75,75,75,75,75,75,80,80,80,80,80,80,80,80,80,80,80,80,87,87,87,87,87,87,87,87,87,87,83,83,83,83,83,83,83,83,83,83,83,83,83,83,83],"card_choices":[{"not_picked":["Whirlwind","Shrug It Off"],"picked":"Headbutt","floor":1.0},{"not_picked":["Cleave","Corruption"],"picked":"Carnage","floor":5.0},{"not_picked":["Rampage","Body Slam"],"picked":"Entrench","floor":7.0},{"not_picked":["Clash","Uppercut"],"picked":"Sever Soul","floor":8.0},{"not_picked":["Clash","Heavy Blade"],"picked":"Uppercut","floor":10.0},{"not_picked":["Double Tap","Heavy Blade"],"picked":"Shrug It Off","floor":11.0},{"not_picked":["Exhume","Demon Form"],"picked":"Immolate+1","floor":16.0},{"not_picked":["Sever Soul+1","Thunderclap+1"],"picked":"Second Wind","floor":18.0},{"not_picked":["Cleave+1","Perfected Strike+1"],"picked":"Shrug It Off","floor":19.0},{"not_picked":["Armaments","Headbutt+1"],"picked":"True Grit","floor":21.0},{"not_picked":["Clash+1","Shrug It Off","Dual Wield"],"picked":"SKIP","floor":22.0},{"not_picked":["Clash+1","Shrug It Off","Dual Wield"],"picked":"SKIP","floor":22.0},{"not_picked":["Sword Boomerang+1","Flex"],"picked":"Battle Trance","floor":24.0},{"not_picked":["Cleave+1","Iron Wave+1"],"picked":"Inflame","floor":25.0},{"not_picked":["Limit Break","Twin Strike+1"],"picked":"Power Through","floor":27.0},{"not_picked":["Metallicize","Power Through","Perfected Strike+1"],"picked":"SKIP","floor":28.0},{"not_picked":["Metallicize","Perfected Strike+1"],"picked":"Power Through","floor":28.0},{"not_picked":["Headbutt+1","Heavy Blade+1"],"picked":"Second Wind","floor":31.0},{"not_picked":["Brutality","Offering"],"picked":"Fiend Fire+1","floor":33.0},{"not_picked":["Perfected Strike+1","Heavy Blade+1","Armaments"],"picked":"SKIP","floor":35.0},{"not_picked":["Anger+1","Thunderclap+1"],"picked":"Flame Barrier+1","floor":38.0},{"not_picked":["Iron Wave+1","Shrug It Off+1"],"picked":"Juggernaut","floor":40.0},{"not_picked":["Inflame+1","Armaments","Anger+1"],"picked":"SKIP","floor":42},{"not_picked":["Pommel Strike+1","Sword Boomerang+1","Demon Form"],"picked":"SKIP","floor":45},{"not_picked":["Flame Barrier+1","Wild Strike+1"],"picked":"Evolve","floor":48}],"player_experience":434573,"relics_obtained":[{"floor":7.0,"key":"Dead Branch"},{"floor":9.0,"key":"Shovel"},{"floor":11.0,"key":"Oddly Smooth Stone"},{"floor":15.0,"key":"Molten Egg 2"},{"floor":24.0,"key":"Ornamental Fan"},{"floor":26.0,"key":"Strawberry"},{"floor":29.0,"key":"Smiling Mask"},{"floor":31.0,"key":"Red Skull"},{"floor":40.0,"key":"Bag of Preparation"},{"floor":42,"key":"Regal Pillow"},{"floor":43,"key":"Bottled Tornado"},{"floor":48,"key":"Art of War"},{"floor":49,"key":"Blue Candle"}],"event_choices":[{"cards_removed":["Strike_R"],"damage_healed":0.0,"max_hp_gain":0.0,"max_hp_loss":0.0,"gold_gain":0.0,"event_name":"Golden Wing","player_choice":"Card Removal","floor":2.0,"gold_loss":0.0,"damage_taken":7.0},{"damage_healed":0.0,"max_hp_gain":0.0,"max_hp_loss":0.0,"gold_gain":0.0,"event_name":"Shining Light","player_choice":"Entered Light","floor":3.0,"gold_loss":0.0,"damage_taken":23.0,"cards_upgraded":["Headbutt","Strike_R"]},{"damage_healed":0.0,"max_hp_gain":0.0,"max_hp_loss":0.0,"gold_gain":0.0,"event_name":"Wheel of Change","player_choice":"Cursed","floor":4.0,"gold_loss":0.0,"damage_taken":0.0,"cards_obtained":["Decay"]},{"damage_healed":18.0,"max_hp_gain":0.0,"max_hp_loss":0.0,"gold_gain":0.0,"event_name":"The Cleric","player_choice":"Healed","floor":12.0,"gold_loss":35.0,"damage_taken":0.0},{"damage_healed":0.0,"max_hp_gain":5.0,"max_hp_loss":0.0,"gold_gain":0.0,"event_name":"Big Fish","player_choice":"Donut","floor":14.0,"gold_loss":0.0,"damage_taken":0.0},{"damage_healed":0.0,"max_hp_gain":0.0,"max_hp_loss":0.0,"gold_gain":0.0,"event_name":"Addict","player_choice":"Obtained Relic","floor":20.0,"gold_loss":85.0,"damage_taken":0.0,"relics_obtained":["Mercury Hourglass"]},{"damage_healed":0.0,"max_hp_gain":0.0,"max_hp_loss":0.0,"gold_gain":0.0,"cards_transformed":["Inflame","Entrench"],"event_name":"Drug Dealer","player_choice":"Became Test Subject","floor":30.0,"gold_loss":0.0,"damage_taken":0.0,"cards_obtained":["Immolate","Armaments"]},{"damage_healed":0.0,"max_hp_gain":0.0,"max_hp_loss":4.0,"gold_gain":0.0,"event_name":"Winding Halls","player_choice":"Max HP","floor":36.0,"gold_loss":0.0,"damage_taken":0.0},{"damage_healed":0.0,"max_hp_gain":0.0,"max_hp_loss":0.0,"gold_gain":0.0,"event_name":"SecretPortal","player_choice":"Ignored","floor":37.0,"gold_loss":0.0,"damage_taken":0.0},{"damage_healed":0.0,"max_hp_gain":0.0,"max_hp_loss":0.0,"gold_gain":300.0,"event_name":"Wheel of Change","player_choice":"Gold","floor":39.0,"gold_loss":0.0,"damage_taken":0.0},{"damage_healed":0,"gold_gain":0,"cards_transformed":["Strike_R"],"player_choice":"Transformed","damage_taken":0,"max_hp_gain":0,"max_hp_loss":0,"event_name":"Transmorgrifier","floor":46,"gold_loss":0,"cards_obtained":["Corruption"]}],"is_beta":false,"boss_relics":[{"not_picked":["Runic Cube","Black Blood"],"picked":"Cursed Key"},{"not_picked":["Fusion Hammer","Eternal Feather"],"picked":"Runic Pyramid"}],"items_purged_floors":[47],"is_endless":false,"potions_floor_spawned":[1,10,11,21,22,25,27,33,38,42,45,48],"ascension_level":15}