{"gold_per_floor":[116,291,303,115,125,152,152,179,179,210,210,241,253,353,353,458,458,476,496,596,175,187,216,248,248,248,248,258,285,300,329,329,426,426,439,456,470,470,486,516,531,557,557,571,606,606,606,624,624,624,624,624,17,42,42],"floor_reached":56,"playtime":10773,"items_purged":["Doubt","Strike_R"],"score":2039,"play_id":"640da50a-ac33-4048-92d0-bfbf6acbc506","local_time":"20190530095136","is_ascension_mode":true,"campfire_choices":[{"data":"Clothesline","floor":7.0,"key":"SMITH"},{"floor":11.0,"key":"REST"},{"floor":15.0,"key":"REST"},{"data":"Armaments","floor":25.0,"key":"SMITH"},{"data":"Feel No Pain","floor":27.0,"key":"SMITH"},{"data":"Bash","floor":32.0,"key":"SMITH"},{"floor":49.0,"key":"RECALL"},{"floor":52.0,"key":"REST"}],"neow_cost":"TEN_PERCENT_HP_LOSS","seed_source_timestamp":932798672876673,"circlet_count":0,"master_deck":["AscendersBane","Strike_R","Strike_R","Strike_R","Defend_R","Defend_R","Defend_R","Defend_R","Bash+1","Feel No Pain+1","Battle Trance","Hemokinesis","Clothesline+1","Impervious","Armaments+1","Metallicize","Sword Boomerang","Immolate","Battle Trance+1","Reckless Charge+1","Flame Barrier","Pummel+1","Evolve+1","Shrug It Off","Spot Weakness","Berserk+1","Warcry+1","Havoc+1","Reaper+1","Pummel+1","Inflame+1","Parasite","Intimidate","Writhe","Corruption","Master of Strategy","Impervious"],"special_seed":0,"relics":["Burning Blood","WingedGreaves","Shuriken","Pocketwatch","Bird Faced Urn","Oddly Smooth Stone","Art of War","Mark of Pain","Charon\u0027s Ashes","Mercury Hourglass","Molten Egg 2","Letter Opener","FossilizedHelix","Dead Branch","Vajra","Potion Belt","Fusion Hammer","Pantograph","PreservedInsect","Du-Vu Doll","Bag of Preparation","Gremlin Horn"],"potions_floor_usage":[55,55,55,55,55],"damage_taken":[{"damage":2.0,"enemies":"2 Louse","floor":1.0,"turns":4.0},{"damage":18.0,"enemies":"Jaw Worm","floor":3.0,"turns":5.0},{"damage":4.0,"enemies":"Cultist","floor":5.0,"turns":3.0},{"damage":23.0,"enemies":"3 Sentries","floor":6.0,"turns":11.0},{"damage":20.0,"enemies":"Gremlin Nob","floor":8.0,"turns":4.0},{"damage":39.0,"enemies":"Lagavulin","floor":10.0,"turns":6.0},{"damage":24.0,"enemies":"Gremlin Nob","floor":12.0,"turns":6.0},{"damage":2.0,"enemies":"3 Louse","floor":13.0,"turns":4.0},{"damage":26.0,"enemies":"Hexaghost","floor":16.0,"turns":14.0},{"damage":3.0,"enemies":"3 Byrds","floor":18.0,"turns":4.0},{"damage":34.0,"enemies":"Spheric Guardian","floor":19.0,"turns":6.0},{"damage":6.0,"enemies":"Colosseum Slavers","floor":20.0,"turns":4.0},{"damage":16.0,"enemies":"Colosseum Nobs","floor":20.0,"turns":5.0},{"damage":10.0,"enemies":"Snecko","floor":22.0,"turns":4.0},{"damage":9.0,"enemies":"Book of Stabbing","floor":23.0,"turns":6.0},{"damage":5.0,"enemies":"Slavers","floor":24.0,"turns":4.0},{"damage":9.0,"enemies":"Centurion and Healer","floor":28.0,"turns":5.0},{"damage":0.0,"enemies":"Book of Stabbing","floor":29.0,"turns":5.0},{"damage":0.0,"enemies":"Cultist and Chosen","floor":30.0,"turns":5.0},{"damage":10.0,"enemies":"Gremlin Leader","floor":31.0,"turns":5.0},{"damage":0.0,"enemies":"Champ","floor":33.0,"turns":8.0},{"damage":0.0,"enemies":"3 Darklings","floor":35.0,"turns":4.0},{"damage":0.0,"enemies":"3 Shapes","floor":36.0,"turns":2.0},{"damage":3.0,"enemies":"Transient","floor":37.0,"turns":5.0},{"damage":0.0,"enemies":"Jaw Worm Horde","floor":39.0,"turns":2.0},{"damage":20.0,"enemies":"Reptomancer","floor":40.0,"turns":5.0},{"damage":0.0,"enemies":"Maw","floor":41.0,"turns":5.0},{"damage":0.0,"enemies":"Nemesis","floor":42.0,"turns":5.0},{"damage":0.0,"enemies":"Writhing Mass","floor":44.0,"turns":5.0},{"damage":13.0,"enemies":"Reptomancer","floor":45.0,"turns":5.0},{"damage":0.0,"enemies":"3 Darklings","floor":48.0,"turns":2.0},{"damage":75.0,"enemies":"Awakened One","floor":50.0,"turns":9.0},{"damage":10.0,"enemies":"Shield and Spear","floor":54.0,"turns":4.0},{"damage":44,"enemies":"The Heart","floor":55,"turns":6}],"seed_played":"-5767197954275423707","potions_obtained":[{"floor":1.0,"key":"BloodPotion"},{"floor":5.0,"key":"SneckoOil"},{"floor":6.0,"key":"Strength Potion"},{"floor":16.0,"key":"Block Potion"},{"floor":18.0,"key":"Strength Potion"},{"floor":22.0,"key":"Energy Potion"},{"floor":23.0,"key":"Energy Potion"},{"floor":28.0,"key":"Strength Potion"},{"floor":31.0,"key":"Poison Potion"},{"floor":39.0,"key":"BloodPotion"},{"floor":41.0,"key":"SkillPotion"},{"floor":45.0,"key":"SkillPotion"},{"floor":48.0,"key":"BloodPotion"},{"floor":54.0,"key":"PowerPotion"}],"is_trial":false,"path_per_floor":["M","?","M","$","M","E","R","E","T","E","R","E","M","?","R","B",null,"M","M","?","$","M","E","E","R","T","R","M","E","M","E","R","B",null,"M","M","M","?","M","E","M","E","T","M","E","?","?","M","R","B",null,"R","$","E","B",null],"character_chosen":"IRONCLAD","items_purchased":["Battle Trance","Hemokinesis","Molten Egg 2","Flame Barrier","Bag of Preparation","Corruption","Master of Strategy","EntropicBrew","Impervious"],"campfire_rested":3,"item_purchase_floors":[4,4,21,21,53,53,53,53,53],"current_hp_per_floor":[72,72,60,60,62,45,45,31,31,7,28,10,16,16,37,21,59,62,38,32,32,30,31,38,38,38,38,43,55,67,67,67,72,72,72,72,72,72,72,71,72,72,72,72,72,72,72,72,72,27,61,72,72,72,36],"gold":42,"neow_bonus":"ONE_RARE_RELIC","is_prod":false,"is_daily":false,"chose_seed":false,"campfire_upgraded":4,"win_rate":0,"timestamp":1559190096,"path_taken":["M","?","M","$","M","E","R","E","T","E","R","E","M","?","R","BOSS","M","?","?","$","M","E","E","R","T","R","M","E","M","E","R","BOSS","M","M","M","?","?","E","M","E","T","M","E","?","?","M","R","BOSS","R","$","E","BOSS"],"build_version":"2019-01-23","purchased_purges":2,"victory":true,"max_hp_per_floor":[72,72,72,72,72,72,72,72,72,72,72,72,72,72,72,72,72,72,72,72,72,72,72,72,72,72,72,72,72,72,72,72,72,72,72,72,72,72,72,72,72,72,72,72,72,72,72,72,72,72,72,72,72,72,72],"card_choices":[{"not_picked":["Heavy Blade","Body Slam"],"picked":"Feel No Pain","floor":1.0},{"not_picked":["Body Slam","Bloodletting","Heavy Blade"],"picked":"SKIP","floor":3.0},{"not_picked":["Pummel","Iron Wave"],"picked":"Clothesline","floor":5.0},{"not_picked":["Heavy Blade","Pommel Strike","Body Slam"],"picked":"SKIP","floor":6.0},{"not_picked":["Iron Wave","Intimidate"],"picked":"Impervious","floor":8.0},{"not_picked":["Iron Wave","Infernal Blade"],"picked":"Armaments","floor":10.0},{"not_picked":["Twin Strike","Power Through"],"picked":"Metallicize","floor":12.0},{"not_picked":["Havoc","Reckless Charge"],"picked":"Sword Boomerang","floor":13.0},{"not_picked":["Bludgeon","Impervious"],"picked":"Immolate","floor":16.0},{"not_picked":["Rupture","Warcry+1"],"picked":"Battle Trance+1","floor":18.0},{"not_picked":["Anger","Fire Breathing+1","Headbutt"],"picked":"SKIP","floor":19.0},{"not_picked":["Dual Wield+1","Havoc+1"],"picked":"Reckless Charge+1","floor":20.0},{"not_picked":["Flex","Sword Boomerang+1"],"picked":"Pummel+1","floor":22.0},{"not_picked":["Sword Boomerang+1","Burning Pact"],"picked":"Evolve+1","floor":23.0},{"not_picked":["Rage+1","Headbutt+1"],"picked":"Shrug It Off","floor":24.0},{"not_picked":["Wild Strike+1","Thunderclap+1"],"picked":"Spot Weakness","floor":28.0},{"not_picked":["Clothesline+1","Thunderclap+1"],"picked":"Berserk","floor":29.0},{"not_picked":["Headbutt+1","Havoc"],"picked":"Warcry+1","floor":30.0},{"not_picked":["Wild Strike+1","Thunderclap+1"],"picked":"Havoc+1","floor":31.0},{"not_picked":["Exhume","Bludgeon+1"],"picked":"Reaper+1","floor":33.0},{"not_picked":["Metallicize+1","Pommel Strike+1","Headbutt+1"],"picked":"SKIP","floor":35.0},{"not_picked":["Havoc+1","Flex+1","Rupture+1"],"picked":"SKIP","floor":36.0},{"not_picked":["Armaments","Twin Strike+1"],"picked":"Pummel+1","floor":37.0},{"not_picked":["Cleave+1","Perfected Strike+1","Clash+1"],"picked":"SKIP","floor":39.0},{"not_picked":["Carnage+1","Armaments+1"],"picked":"Inflame+1","floor":40.0},{"not_picked":["Bludgeon+1","Perfected Strike+1","Power Through+1"],"picked":"SKIP","floor":41.0},{"not_picked":["Pommel Strike+1","Second Wind","True Grit"],"picked":"SKIP","floor":42.0},{"not_picked":["Bludgeon+1","Feel No Pain"],"picked":"Intimidate","floor":44.0},{"not_picked":["Armaments","Spot Weakness","Sword Boomerang+1"],"picked":"SKIP","floor":45.0},{"not_picked":["Infernal Blade","Anger+1","Combust"],"picked":"SKIP","floor":48.0},{"not_picked":["Rupture","Pommel Strike+1","Cleave+1"],"picked":"SKIP","floor":54.0}],"player_experience":945082,"relics_obtained":[{"floor":6.0,"key":"Shuriken"},{"floor":8.0,"key":"Pocketwatch"},{"floor":9.0,"key":"Bird Faced Urn"},{"floor":10.0,"key":"Oddly Smooth Stone"},{"floor":12.0,"key":"Art of War"},{"floor":20.0,"key":"Charon\u0027s Ashes"},{"floor":20.0,"key":"Mercury Hourglass"},{"floor":23.0,"key":"Letter Opener"},{"floor":24.0,"key":"FossilizedHelix"},{"floor":26.0,"key":"Dead Branch"},{"floor":29.0,"key":"Vajra"},{"floor":31.0,"key":"Potion Belt"},{"floor":40.0,"key":"Pantograph"},{"floor":42.0,"key":"PreservedInsect"},{"floor":45.0,"key":"Du-Vu Doll"},{"floor":54.0,"key":"Gremlin Horn"}],"event_choices":[{"damage_healed":0.0,"max_hp_gain":0.0,"max_hp_loss":0.0,"gold_gain":175.0,"event_name":"Liars Game","player_choice":"AGREE","floor":2.0,"gold_loss":0.0,"damage_taken":0.0,"cards_obtained":["Doubt"]},{"damage_healed":0.0,"max_hp_gain":0.0,"max_hp_loss":0.0,"gold_gain":100.0,"event_name":"Golden Shrine","player_choice":"Pray","floor":14.0,"gold_loss":0.0,"damage_taken":0.0},{"damage_healed":0.0,"max_hp_gain":0.0,"max_hp_loss":0.0,"gold_gain":0.0,"event_name":"Colosseum","player_choice":"Fight","floor":20.0,"gold_loss":0.0,"damage_taken":0.0},{"damage_healed":0.0,"max_hp_gain":0.0,"max_hp_loss":0.0,"gold_gain":0.0,"event_name":"Colosseum","player_choice":"Fought Nobs","floor":20.0,"gold_loss":0.0,"damage_taken":0.0},{"damage_healed":0.0,"max_hp_gain":0.0,"max_hp_loss":0.0,"gold_gain":0.0,"event_name":"Upgrade Shrine","player_choice":"Upgraded","floor":38.0,"gold_loss":0.0,"damage_taken":0.0,"cards_upgraded":["Berserk"]},{"damage_healed":18.0,"max_hp_gain":0.0,"max_hp_loss":0.0,"gold_gain":0.0,"event_name":"Winding Halls","player_choice":"Writhe","floor":46.0,"gold_loss":0.0,"damage_taken":0.0,"cards_obtained":["Writhe"]},{"cards_removed":["Strike_R"],"damage_healed":0.0,"max_hp_gain":0.0,"max_hp_loss":0.0,"gold_gain":0.0,"event_name":"Falling","player_choice":"Removed Attack","floor":47.0,"gold_loss":0.0,"damage_taken":0.0}],"is_beta":false,"boss_relics":[{"not_picked":["Philosopher\u0027s Stone","Snecko Eye"],"picked":"Mark of Pain"},{"not_picked":["Astrolabe","Pandora\u0027s Box"],"picked":"Fusion Hammer"}],"items_purged_floors":[4,21],"is_endless":false,"potions_floor_spawned":[1,5,6,16,18,20,22,23,28,31,39,41,45,48,54],"ascension_level":11}