{"gold_per_floor":[119,130,130,148,158,158,175,244,268,13,13,32,32,42,42,142,142,161,178,188,206,206,206,225,225,225,225,225,225,225,235,235,335,335,350,350,124,144,0,0,0,0,0,25,40,40,56,75,75,75],"floor_reached":51,"playtime":5567,"items_purged":["Strike_R","Strike_R"],"score":646,"play_id":"f1a81cde-26d7-468d-9079-85df6085e199","local_time":"20190110235416","is_ascension_mode":false,"campfire_choices":[{"data":"Bash","floor":6,"key":"SMITH"},{"data":"Pommel Strike","floor":13,"key":"SMITH"},{"data":"Body Slam","floor":15,"key":"SMITH"},{"data":"Burning Pact","floor":23,"key":"SMITH"},{"floor":25,"key":"DIG"},{"floor":30,"key":"DIG"},{"floor":32,"key":"REST"},{"data":"Limit Break","floor":40,"key":"SMITH"},{"data":"Body Slam","floor":42,"key":"SMITH"},{"data":"Impervious","floor":46,"key":"SMITH"},{"data":"Dark Embrace","floor":49,"key":"SMITH"}],"neow_cost":"NONE","seed_source_timestamp":90108482927112,"circlet_count":0,"master_deck":["Strike_R","Defend_R","Defend_R","Defend_R","Bash+1","Ghostly Armor","Disarm","Pommel Strike+1","Secret Technique","Body Slam+1","Burning Pact+1","Impervious+1","Flex","Flex+1","Thunderclap+1","Inflame","Pommel Strike+1","Limit Break+1","Body Slam+1","Good Instincts","Shrug It Off","Feel No Pain","Flex+1","Body Slam+1","Dark Embrace+1"],"relics":["Burning Blood","Sundial","PreservedInsect","Shovel","Sozu","Potion Belt","Juzu Bracelet","Turnip","Dream Catcher","Runic Pyramid","Red Mask","Meat on the Bone","Boot"],"potions_floor_usage":[16,16],"damage_taken":[{"damage":2,"enemies":"2 Louse","floor":1,"turns":4},{"damage":1,"enemies":"Jaw Worm","floor":2,"turns":3},{"damage":1,"enemies":"Cultist","floor":4,"turns":4},{"damage":18,"enemies":"Exordium Thugs","floor":5,"turns":6},{"damage":9,"enemies":"2 Fungi Beasts","floor":7,"turns":5},{"damage":15,"enemies":"Exordium Wildlife","floor":12,"turns":6},{"damage":10,"enemies":"Exordium Thugs","floor":14,"turns":4},{"damage":21,"enemies":"Hexaghost","floor":16,"turns":9},{"damage":3,"enemies":"Shell Parasite","floor":18,"turns":5},{"damage":12,"enemies":"Chosen","floor":19,"turns":6},{"damage":9,"enemies":"3 Cultists","floor":20,"turns":6},{"damage":15,"enemies":"Snake Plant","floor":21,"turns":5},{"damage":16,"enemies":"Centurion and Healer","floor":24,"turns":5},{"damage":8,"enemies":"Colosseum Slavers","floor":27,"turns":4},{"damage":9,"enemies":"Snecko","floor":31,"turns":6},{"damage":60,"enemies":"Champ","floor":33,"turns":10},{"damage":12,"enemies":"3 Darklings","floor":35,"turns":4},{"damage":5,"enemies":"Orb Walker","floor":38,"turns":3},{"damage":1,"enemies":"Reptomancer","floor":44,"turns":5},{"damage":3,"enemies":"Sphere and 2 Shapes","floor":45,"turns":4},{"damage":18,"enemies":"Jaw Worm Horde","floor":47,"turns":4},{"damage":4,"enemies":"3 Darklings","floor":48,"turns":4},{"damage":49,"enemies":"Donu and Deca","floor":50,"turns":6}],"seed_played":"-3398602509146675426","potions_obtained":[{"floor":4,"key":"FearPotion"},{"floor":5,"key":"LiquidBronze"},{"floor":12,"key":"EssenceOfSteel"},{"floor":16,"key":"FairyPotion"}],"is_trial":false,"path_per_floor":["M","M","?","M","M","R","M","T","T","$","?","M","R","M","R","B",null,"M","M","M","M","?","R","M","R","T","?","?","?","R","M","R","B",null,"M","?","$","M","?","R","$","R","T","E","M","R","M","M","R","B",null],"character_chosen":"IRONCLAD","items_purchased":["Secret Technique","Shrug It Off","Feel No Pain"],"campfire_rested":1,"item_purchase_floors":[10,37,37],"current_hp_per_floor":[80,80,80,80,68,68,65,65,65,65,62,53,53,49,49,34,80,80,74,71,62,62,62,52,52,52,50,50,50,50,47,71,17,80,74,74,74,75,75,75,75,75,75,80,80,80,68,70,70,39],"gold":75,"neow_bonus":"REMOVE_CARD","is_prod":false,"is_daily":false,"chose_seed":false,"campfire_upgraded":8,"win_rate":0.0,"timestamp":1547186056,"path_taken":["M","M","?","M","M","R","M","?","T","$","?","?","R","M","R","BOSS","M","M","M","M","?","R","M","R","T","?","?","?","R","M","R","BOSS","M","?","$","M","?","R","?","R","T","E","M","R","M","M","R","BOSS"],"build_version":"2019-01-10","purchased_purges":2,"victory":true,"max_hp_per_floor":[80,80,80,80,80,80,80,80,80,80,80,80,80,80,80,80,80,80,80,80,80,80,80,80,80,80,80,80,80,80,80,80,80,80,80,80,80,80,80,80,80,80,80,80,80,80,80,80,80,80],"card_choices":[{"not_picked":["Headbutt","Warcry","Flex"],"picked":"SKIP","floor":1},{"not_picked":["Wild Strike","Rupture"],"picked":"Ghostly Armor","floor":2},{"not_picked":["Twin Strike","Power Through","Heavy Blade"],"picked":"SKIP","floor":4},{"not_picked":["Sentinel","Rupture"],"picked":"Disarm","floor":5},{"not_picked":["Corruption","Warcry"],"picked":"Pommel Strike","floor":7},{"not_picked":["Sword Boomerang","Twin Strike"],"picked":"Body Slam","floor":12},{"not_picked":["Clash","Power Through"],"picked":"Burning Pact","floor":14},{"not_picked":["Bludgeon","Limit Break"],"picked":"Impervious","floor":16},{"not_picked":["Perfected Strike","Havoc"],"picked":"Flex","floor":18},{"not_picked":["Headbutt","Havoc"],"picked":"Flex+1","floor":19},{"not_picked":["Berserk","Sword Boomerang","Wild Strike"],"picked":"SKIP","floor":20},{"not_picked":["Havoc","Corruption"],"picked":"Thunderclap+1","floor":21},{"not_picked":["Searing Blow+1","Wild Strike"],"picked":"Inflame","floor":24},{"not_picked":["Perfected Strike","Thunderclap"],"picked":"Pommel Strike+1","floor":31},{"not_picked":["Bludgeon","Berserk"],"picked":"Limit Break","floor":33},{"not_picked":["Rage+1","Metallicize+1"],"picked":"Body Slam","floor":35},{"not_picked":["Blind","Discovery"],"picked":"Good Instincts","floor":36},{"not_picked":["Dropkick","Twin Strike+1"],"picked":"Flex+1","floor":38},{"not_picked":["Anger","Demon Form","Rage"],"picked":"SKIP","floor":44},{"not_picked":["Corruption+1","Searing Blow","Havoc+1"],"picked":"SKIP","floor":45},{"not_picked":["Perfected Strike+1","Clothesline"],"picked":"Body Slam+1","floor":47},{"not_picked":["Twin Strike","Perfected Strike+1"],"picked":"Dark Embrace","floor":48}],"player_experience":52446,"relics_obtained":[{"floor":8,"key":"Sundial"},{"floor":9,"key":"PreservedInsect"},{"floor":25,"key":"Juzu Bracelet"},{"floor":26,"key":"Turnip"},{"floor":30,"key":"Dream Catcher"},{"floor":43,"key":"Meat on the Bone"},{"floor":44,"key":"Boot"}],"event_choices":[{"cards_removed":["Defend_R"],"damage_healed":0,"gold_gain":0,"player_choice":"Forget","damage_taken":0,"max_hp_gain":0,"max_hp_loss":0,"event_name":"Living Wall","floor":3,"gold_loss":0},{"damage_healed":0,"gold_gain":0,"player_choice":"Success","damage_taken":3,"relics_obtained":["Shovel"],"max_hp_gain":0,"max_hp_loss":0,"event_name":"Scrap Ooze","floor":11,"gold_loss":0},{"damage_healed":0,"gold_gain":0,"player_choice":"Opened","damage_taken":0,"relics_obtained":["Potion Belt"],"max_hp_gain":0,"max_hp_loss":0,"event_name":"The Mausoleum","floor":22,"gold_loss":0},{"damage_healed":0,"gold_gain":0,"player_choice":"Fight","damage_taken":0,"max_hp_gain":0,"max_hp_loss":0,"event_name":"Colosseum","floor":27,"gold_loss":0},{"damage_healed":0,"gold_gain":0,"player_choice":"Fled From Nobs","damage_taken":0,"max_hp_gain":0,"max_hp_loss":0,"event_name":"Colosseum","floor":27,"gold_loss":0},{"damage_healed":0,"gold_gain":0,"player_choice":"Got Potions","damage_taken":0,"max_hp_gain":0,"max_hp_loss":0,"event_name":"Lab","floor":28,"gold_loss":0},{"cards_removed":["Strike_R"],"damage_healed":0,"gold_gain":0,"player_choice":"Offered Basic","damage_taken":0,"max_hp_gain":0,"max_hp_loss":0,"event_name":"Bonfire Elementals","floor":29,"gold_loss":0},{"damage_healed":0,"gold_gain":0,"player_choice":"Memory 1","damage_taken":0,"max_hp_gain":0,"max_hp_loss":0,"event_name":"SensoryStone","floor":36,"gold_loss":0},{"damage_healed":0,"gold_gain":0,"player_choice":"Paid","damage_taken":0,"relics_obtained":["Red Mask"],"max_hp_gain":0,"max_hp_loss":0,"event_name":"Tomb of Lord Red Mask","floor":39,"gold_loss":144}],"is_beta":false,"boss_relics":[{"not_picked":["Orrery","Coffee Dripper"],"picked":"Sozu"},{"not_picked":["Lizard Tail","Black Star"],"picked":"Runic Pyramid"}],"items_purged_floors":[10,37],"is_endless":false,"potions_floor_spawned":[4,5,12,16,18,27,31,33,44,45],"ascension_level":0}