{"gold_per_floor":[118,135,150,160,180,180,196,210,210,210,48,48,148,177,177,277,327,347,9,29,43,56,56,71,85,85,111,130,149,149,149],"floor_reached":31,"playtime":5480,"items_purged":["Strike_G"],"score":270,"play_id":"fe5aef06-469a-4326-88d8-6d21d08254ab","local_time":"20190213213427","is_ascension_mode":false,"campfire_choices":[{"data":"Caltrops","floor":6,"key":"SMITH"},{"floor":10,"key":"REST"},{"data":"Adrenaline","floor":12,"key":"SMITH"},{"data":"Wraith Form v2","floor":15,"key":"SMITH"},{"data":"Adrenaline","floor":23,"key":"SMITH"}],"neow_cost":"NONE","seed_source_timestamp":83713967944284,"circlet_count":0,"master_deck":["Defend_G","Defend_G+1","Defend_G","Defend_G","Strike_G","Strike_G","Strike_G","Strike_G","Survivor","Neutralize","Caltrops+1","Choke","Dash","Adrenaline+1","Backflip","Flying Knee","Flying Knee","Bullet Time","Wraith Form v2+1","Adrenaline+1","PiercingWail","Flying Knee","Thinking Ahead","Discovery","Deflect+1","Choke","Choke","Bouncing Flask","Bouncing Flask","Night Terror","Flying Knee","Catalyst"],"relics":["Ring of the Snake","Vajra","Ninja Scroll","Gremlin Horn","Tiny House","Bottled Flame","Red Mask"],"potions_floor_usage":[],"damage_taken":[{"damage":1,"enemies":"Cultist","floor":1,"turns":4},{"damage":6,"enemies":"2 Louse","floor":2,"turns":3},{"damage":2,"enemies":"Small Slimes","floor":3,"turns":4},{"damage":6,"enemies":"Exordium Wildlife","floor":4,"turns":6},{"damage":0,"enemies":"Gremlin Gang","floor":5,"turns":5},{"damage":0,"enemies":"Red Slaver","floor":7,"turns":3},{"damage":8,"enemies":"Lots of Slimes","floor":8,"turns":5},{"damage":4,"enemies":"3 Sentries","floor":14,"turns":5},{"damage":21,"enemies":"Slime Boss","floor":16,"turns":9},{"damage":0,"enemies":"Chosen","floor":18,"turns":2},{"damage":3,"enemies":"Shell Parasite","floor":20,"turns":5},{"damage":2,"enemies":"Shelled Parasite and Fungi","floor":21,"turns":4},{"damage":0,"enemies":"Snake Plant","floor":22,"turns":4},{"damage":0,"enemies":"Cultist and Chosen","floor":24,"turns":6},{"damage":0,"enemies":"3 Cultists","floor":25,"turns":4},{"damage":1,"enemies":"Masked Bandits","floor":27,"turns":4},{"damage":1,"enemies":"Snecko","floor":28,"turns":4},{"damage":4,"enemies":"Snake Plant","floor":29,"turns":3},{"damage":70,"enemies":"Gremlin Leader","floor":31,"turns":4}],"seed_played":"-7637160520723970306","potions_obtained":[{"floor":1,"key":"SkillPotion"},{"floor":4,"key":"Energy Potion"},{"floor":8,"key":"Regen Potion"},{"floor":14,"key":"Poison Potion"},{"floor":18,"key":"Fire Potion"}],"is_trial":false,"path_per_floor":["M","?","?","?"],"character_chosen":"THE_SILENT","items_purchased":["Bullet Time","Thinking Ahead","Discovery"],"campfire_rested":1,"item_purchase_floors":[11,19,19],"current_hp_per_floor":[69,63,61,55,55,55,55,47,47,68,68,68,68,64,64,43,75,75,75,72,70,70,70,70,70,70,69,68,64,64,0],"gold":149,"neow_bonus":"RANDOM_COMMON_RELIC","is_prod":false,"is_daily":false,"chose_seed":false,"campfire_upgraded":4,"win_rate":0.0,"timestamp":1550111667,"path_taken":["M","?","M","M","M","R","M","M","T","R","$","R","?","E","R","BOSS","M","$","M","M","M","R","M","M","T","?","M","M","?","E"],"build_version":"2019-01-23","purchased_purges":1,"victory":false,"max_hp_per_floor":[70,70,70,70,70,70,70,70,70,70,70,70,70,70,70,70,75,75,75,75,75,75,75,75,75,75,75,75,75,75,75],"card_choices":[{"not_picked":["Deadly Poison","Blade Dance"],"picked":"Caltrops","floor":1},{"not_picked":["Masterful Stab","Flying Knee"],"picked":"Choke","floor":2},{"not_picked":["Masterful Stab","Blade Dance"],"picked":"Dash","floor":3},{"not_picked":["Escape Plan","Terror"],"picked":"Adrenaline","floor":4},{"not_picked":["Quick Slash","Distraction"],"picked":"Backflip","floor":5},{"not_picked":["Bane","Catalyst"],"picked":"Flying Knee","floor":7},{"not_picked":["Bane","Poisoned Stab"],"picked":"Flying Knee","floor":8},{"not_picked":["Deadly Poison","Terror"],"picked":"Wraith Form v2","floor":14},{"not_picked":["Unload","Venomology"],"picked":"Adrenaline","floor":16},{"not_picked":["Bane","Catalyst"],"picked":"PiercingWail","floor":17},{"not_picked":["Masterful Stab","Eviscerate+1"],"picked":"Flying Knee","floor":18},{"not_picked":["Poisoned Stab","Flechettes"],"picked":"Deflect+1","floor":20},{"not_picked":["Dodge and Roll","Calculated Gamble"],"picked":"Choke","floor":21},{"not_picked":["Crippling Poison","Terror"],"picked":"Choke","floor":22},{"not_picked":["Outmaneuver+1","PiercingWail"],"picked":"Bouncing Flask","floor":24},{"not_picked":["Distraction","Prepared"],"picked":"Bouncing Flask","floor":25},{"not_picked":["Dash","Heel Hook+1"],"picked":"Night Terror","floor":27},{"not_picked":["Blade Dance","PiercingWail"],"picked":"Flying Knee","floor":28},{"not_picked":["Masterful Stab","Terror"],"picked":"Catalyst","floor":29}],"player_experience":18790,"relics_obtained":[{"floor":9,"key":"Ninja Scroll"},{"floor":14,"key":"Gremlin Horn"},{"floor":26,"key":"Bottled Flame"},{"floor":27,"key":"Red Mask"}],"event_choices":[{"damage_healed":0,"gold_gain":100,"player_choice":"Pray","damage_taken":0,"max_hp_gain":0,"max_hp_loss":0,"event_name":"Golden Shrine","floor":13,"gold_loss":0},{"damage_healed":0,"gold_gain":0,"player_choice":"Fought Bandits","damage_taken":0,"max_hp_gain":0,"max_hp_loss":0,"event_name":"Masked Bandits","floor":27,"gold_loss":0},{"cards_removed":["Defend_G"],"damage_healed":0,"gold_gain":0,"player_choice":"Purged","damage_taken":0,"max_hp_gain":0,"max_hp_loss":0,"event_name":"Purifier","floor":30,"gold_loss":0}],"is_beta":false,"boss_relics":[{"not_picked":["Busted Crown","Coffee Dripper"],"picked":"Tiny House"}],"items_purged_floors":[19],"is_endless":false,"potions_floor_spawned":[1,4,8,14,18,21,24,25,28],"killed_by":"Gremlin Leader","ascension_level":0}