{"gold_per_floor":[117,133,147,147,147,178,178,196,241,241,5,53,69,34,34,34],"floor_reached":16,"playtime":681,"items_purged":["Strike_G"],"score":200,"play_id":"a5f89f14-b0b9-433f-88fa-b4d399ba0d19","local_time":"20190603235200","is_ascension_mode":true,"campfire_choices":[{"floor":7.0,"key":"REST"},{"floor":10.0,"key":"REST"},{"data":"Skewer","floor":15.0,"key":"SMITH"}],"neow_cost":"NONE","seed_source_timestamp":278680262241700,"circlet_count":0,"master_deck":["AscendersBane","Defend_G+1","Defend_G","Defend_G","Defend_G","Defend_G","Strike_G","Strike_G","Strike_G","Strike_G+1","Survivor","Neutralize","Skewer+1","Blur","Slice","Deadly Poison","Backflip"],"special_seed":0,"relics":["Ring of the Snake","Anchor","Golden Idol","Bottled Flame","Vajra","Lantern","Juzu Bracelet"],"potions_floor_usage":[16],"damage_taken":[{"damage":0.0,"enemies":"2 Louse","floor":1.0,"turns":3.0},{"damage":5.0,"enemies":"Jaw Worm","floor":2.0,"turns":6.0},{"damage":10.0,"enemies":"Small Slimes","floor":3.0,"turns":5.0},{"damage":23.0,"enemies":"3 Sentries","floor":6.0,"turns":13.0},{"damage":11.0,"enemies":"Exordium Wildlife","floor":8.0,"turns":4.0},{"damage":0.0,"enemies":"Large Slime","floor":13.0,"turns":5.0},{"damage":51,"enemies":"Slime Boss","floor":16,"turns":11}],"seed_played":"-8157930558130280610","potions_obtained":[{"floor":3.0,"key":"LiquidBronze"},{"floor":8.0,"key":"GhostInAJar"}],"is_trial":false,"path_per_floor":["M","M","M","?","?","E","R","M","T","R","$","T","M","?","R","B"],"character_chosen":"THE_SILENT","items_purchased":["Lantern"],"campfire_rested":2,"item_purchase_floors":[11],"current_hp_per_floor":[59,54,44,44,26,3,21,10,10,28,28,28,28,43,43,0],"gold":34,"neow_bonus":"RANDOM_COMMON_RELIC","is_prod":false,"is_daily":false,"chose_seed":false,"campfire_upgraded":1,"win_rate":0,"timestamp":1559620320,"path_taken":["M","M","M","?","?","E","R","M","T","R","$","?","M","?","R","BOSS"],"build_version":"2019-01-23","purchased_purges":1,"victory":false,"max_hp_per_floor":[66,66,66,60,60,60,60,60,60,60,60,60,60,60,60,60],"card_choices":[{"not_picked":["Dodge and Roll","Outmaneuver"],"picked":"Skewer","floor":1.0},{"not_picked":["Poisoned Stab","Skewer"],"picked":"Blur","floor":2.0},{"not_picked":["Dagger Throw","Cloak And Dagger"],"picked":"Slice","floor":3.0},{"not_picked":["Sucker Punch","Endless Agony"],"picked":"Deadly Poison","floor":6.0},{"not_picked":["Underhanded Strike","Sucker Punch"],"picked":"Backflip","floor":8.0},{"not_picked":["PiercingWail","Outmaneuver","Concentrate"],"picked":"SKIP","floor":13.0},{"not_picked":["PiercingWail","Outmaneuver","Concentrate"],"picked":"SKIP","floor":13.0}],"player_experience":769265,"relics_obtained":[{"floor":6.0,"key":"Bottled Flame"},{"floor":9.0,"key":"Vajra"},{"floor":12.0,"key":"Juzu Bracelet"}],"event_choices":[{"damage_healed":0.0,"max_hp_gain":0.0,"max_hp_loss":6.0,"gold_gain":0.0,"event_name":"Golden Idol","player_choice":"Lose Max HP","floor":4.0,"gold_loss":0.0,"damage_taken":0.0,"relics_obtained":["Golden Idol"]},{"damage_healed":0.0,"max_hp_gain":0.0,"max_hp_loss":0.0,"gold_gain":0.0,"event_name":"Shining Light","player_choice":"Entered Light","floor":5.0,"gold_loss":0.0,"damage_taken":18.0,"cards_upgraded":["Defend_G","Strike_G"]},{"damage_healed":15.0,"max_hp_gain":0.0,"max_hp_loss":0.0,"gold_gain":0.0,"event_name":"The Cleric","player_choice":"Healed","floor":14.0,"gold_loss":35.0,"damage_taken":0.0}],"is_beta":false,"boss_relics":[],"items_purged_floors":[11],"is_endless":false,"potions_floor_spawned":[3,8],"killed_by":"Slime Boss","ascension_level":20}