{"gold_per_floor":[112,129,141,157,332,358,358,373,373,406,434,465,481,51,51,156,156,171,182,199,219,232,263,263,291,291,306,339,339,358,370,370,474,474,491,506,606,124,143,143],"floor_reached":40,"playtime":5137,"items_purged":["Strike_G"],"score":655,"play_id":"7d5e5618-a38d-4182-b17d-2525d7a0f386","local_time":"20190520155149","is_ascension_mode":true,"campfire_choices":[{"data":"Terror","floor":7.0,"key":"SMITH"},{"floor":15.0,"key":"REST"},{"data":"Wraith Form v2","floor":24.0,"key":"SMITH"},{"data":"Blade Dance","floor":29.0,"key":"SMITH"},{"data":"Footwork","floor":32.0,"key":"SMITH"}],"neow_cost":"NONE","seed_source_timestamp":120697016235319,"circlet_count":0,"master_deck":["Defend_G","Defend_G","Defend_G","Defend_G","Defend_G","Strike_G","Strike_G","Strike_G","Strike_G","Survivor+1","Neutralize","Terror+1","Riddle With Holes","Bullet Time","Doubt","All Out Attack","Crippling Poison","Bouncing Flask+1","Blade Dance","Well Laid Plans","Wraith Form v2+1","Bouncing Flask","Footwork+1","Escape Plan+1","Escape Plan","Accuracy+1","Escape Plan+1","Blade Dance+1","Cloak And Dagger","Adrenaline","Blade Dance","Corpse Explosion","Footwork","Bandage Up"],"special_seed":0,"relics":["Ring of the Snake","Oddly Smooth Stone","Mummified Hand","Bag of Preparation","Odd Mushroom","Bottled Flame","Bag of Marbles","Chemical X","WristBlade","Matryoshka","War Paint","Turnip","Snake Skull","Smiling Mask","Busted Crown","Girya","Happy Flower","Ancient Tea Set"],"potions_floor_usage":[39,40,40],"damage_taken":[{"damage":0.0,"enemies":"Cultist","floor":1.0,"turns":4.0},{"damage":2.0,"enemies":"Jaw Worm","floor":2.0,"turns":5.0},{"damage":5.0,"enemies":"Small Slimes","floor":3.0,"turns":4.0},{"damage":0.0,"enemies":"2 Fungi Beasts","floor":4.0,"turns":4.0},{"damage":36.0,"enemies":"Lagavulin","floor":6.0,"turns":8.0},{"damage":0.0,"enemies":"3 Louse","floor":8.0,"turns":2.0},{"damage":21.0,"enemies":"3 Sentries","floor":10.0,"turns":9.0},{"damage":0.0,"enemies":"The Mushroom Lair","floor":11.0,"turns":3.0},{"damage":12.0,"enemies":"Lagavulin","floor":12.0,"turns":7.0},{"damage":0.0,"enemies":"Red Slaver","floor":13.0,"turns":2.0},{"damage":28.0,"enemies":"Slime Boss","floor":16.0,"turns":8.0},{"damage":1.0,"enemies":"3 Byrds","floor":18.0,"turns":5.0},{"damage":0.0,"enemies":"Shell Parasite","floor":19.0,"turns":4.0},{"damage":2.0,"enemies":"Cultist and Chosen","floor":20.0,"turns":6.0},{"damage":2.0,"enemies":"Chosen and Byrds","floor":21.0,"turns":5.0},{"damage":8.0,"enemies":"Centurion and Healer","floor":22.0,"turns":6.0},{"damage":0.0,"enemies":"Gremlin Leader","floor":23.0,"turns":5.0},{"damage":2.0,"enemies":"Book of Stabbing","floor":25.0,"turns":4.0},{"damage":3.0,"enemies":"Shelled Parasite and Fungi","floor":27.0,"turns":4.0},{"damage":0.0,"enemies":"Slavers","floor":28.0,"turns":3.0},{"damage":0.0,"enemies":"Snecko","floor":30.0,"turns":3.0},{"damage":0.0,"enemies":"Centurion and Healer","floor":31.0,"turns":4.0},{"damage":25.0,"enemies":"Collector","floor":33.0,"turns":6.0},{"damage":0.0,"enemies":"3 Darklings","floor":35.0,"turns":2.0},{"damage":2,"enemies":"Orb Walker","floor":36,"turns":2},{"damage":30,"enemies":"Mind Bloom Boss Battle","floor":37,"turns":5},{"damage":12,"enemies":"4 Shapes","floor":39,"turns":4},{"damage":44,"enemies":"Reptomancer","floor":40,"turns":4}],"seed_played":"6797818832707868851","potions_obtained":[{"floor":4.0,"key":"PowerPotion"},{"floor":6.0,"key":"GhostInAJar"},{"floor":8.0,"key":"Weak Potion"},{"floor":10.0,"key":"GamblersBrew"},{"floor":11.0,"key":"Regen Potion"},{"floor":12.0,"key":"Fire Potion"},{"floor":19.0,"key":"Poison Potion"},{"floor":22.0,"key":"GhostInAJar"},{"floor":27.0,"key":"Regen Potion"},{"floor":30.0,"key":"SpeedPotion"},{"floor":31.0,"key":"Swift Potion"},{"floor":33.0,"key":"Energy Potion"},{"floor":35.0,"key":"Ancient Potion"},{"floor":37,"key":"Ancient Potion"}],"is_trial":false,"path_per_floor":["M","M","M","M","?","E","R","M","T","E","?","E","M","$","R","B",null,"M","M","M","M","M","E","R","E","T","M","E","R","M","M","R","B",null,"M","M","?","$","M","E"],"character_chosen":"THE_SILENT","items_purchased":["Bag of Marbles","Chemical X","Well Laid Plans","Footwork","Happy Flower","Ancient Tea Set","Bandage Up"],"campfire_rested":1,"item_purchase_floors":[14,14,14,38,38,38,38],"current_hp_per_floor":[77,75,70,70,70,34,34,34,34,13,13,16,16,16,39,11,61,60,60,58,56,48,48,48,46,46,43,55,55,55,55,55,30,65,65,63,33,33,25,0],"gold":143,"neow_bonus":"TEN_PERCENT_HP_BONUS","is_prod":false,"is_daily":false,"chose_seed":false,"campfire_upgraded":4,"win_rate":0,"timestamp":1558347709,"path_taken":["M","M","M","M","?","E","R","M","T","E","?","E","M","$","R","BOSS","M","M","M","M","M","E","R","E","T","M","E","R","M","M","R","BOSS","M","M","?","$","M","E"],"build_version":"2019-01-23","purchased_purges":1,"victory":false,"max_hp_per_floor":[77,77,77,77,77,77,77,77,77,77,77,77,77,77,77,77,77,77,77,77,77,77,77,77,77,77,77,77,77,77,77,77,77,77,77,77,77,77,77,77],"card_choices":[{"not_picked":["Blade Dance","Flying Knee"],"picked":"Terror","floor":1.0},{"not_picked":["Caltrops","Acrobatics"],"picked":"Riddle With Holes","floor":2.0},{"not_picked":["Dodge and Roll","Distraction","Poisoned Stab"],"picked":"SKIP","floor":3.0},{"not_picked":["Flying Knee","Leg Sweep"],"picked":"Bullet Time","floor":4.0},{"not_picked":["Escape Plan","Unload"],"picked":"All Out Attack","floor":6.0},{"not_picked":["Underhanded Strike","Eviscerate","Deflect"],"picked":"SKIP","floor":8.0},{"not_picked":["Phantasmal Killer","Underhanded Strike"],"picked":"Crippling Poison","floor":10.0},{"not_picked":["Quick Slash","Cloak And Dagger"],"picked":"Bouncing Flask","floor":12.0},{"not_picked":["Choke","Quick Slash"],"picked":"Blade Dance","floor":13.0},{"not_picked":["Unload","Venomology"],"picked":"Wraith Form v2","floor":16.0},{"not_picked":["Dodge and Roll","Flying Knee","Dagger Spray"],"picked":"SKIP","floor":18.0},{"not_picked":["Caltrops","Deflect"],"picked":"Bouncing Flask","floor":19.0},{"not_picked":["Outmaneuver","Deflect"],"picked":"Footwork","floor":20.0},{"not_picked":["Bane","Outmaneuver"],"picked":"Escape Plan+1","floor":21.0},{"not_picked":["Blade Dance","Prepared"],"picked":"Escape Plan","floor":22.0},{"not_picked":["Escape Plan","Cloak And Dagger"],"picked":"Accuracy+1","floor":23.0},{"not_picked":["Endless Agony","Underhanded Strike+1"],"picked":"Escape Plan+1","floor":25.0},{"not_picked":["Acrobatics","Quick Slash"],"picked":"Blade Dance","floor":27.0},{"not_picked":["Reflex","Finisher"],"picked":"Cloak And Dagger","floor":28.0},{"not_picked":["Skewer","Dagger Spray+1"],"picked":"Adrenaline","floor":30.0},{"not_picked":["Dodge and Roll","Backflip"],"picked":"Blade Dance","floor":31.0},{"not_picked":["Phantasmal Killer","Tools of the Trade"],"picked":"Corpse Explosion","floor":33.0},{"not_picked":["Underhanded Strike"],"picked":"SKIP","floor":35.0},{"not_picked":["Flying Knee+1"],"picked":"SKIP","floor":36},{"not_picked":["Outmaneuver"],"picked":"SKIP","floor":39}],"player_experience":549957,"relics_obtained":[{"floor":6.0,"key":"Oddly Smooth Stone"},{"floor":9.0,"key":"Mummified Hand"},{"floor":10.0,"key":"Bag of Preparation"},{"floor":11.0,"key":"Odd Mushroom"},{"floor":12.0,"key":"Bottled Flame"},{"floor":23.0,"key":"Matryoshka"},{"floor":25.0,"key":"War Paint"},{"floor":26.0,"key":"Turnip"},{"floor":26.0,"key":"Snake Skull"},{"floor":28.0,"key":"Smiling Mask"},{"floor":37,"key":"Girya"}],"event_choices":[{"damage_healed":0.0,"max_hp_gain":0.0,"max_hp_loss":0.0,"gold_gain":175.0,"event_name":"Liars Game","player_choice":"AGREE","floor":5.0,"gold_loss":0.0,"damage_taken":0.0,"cards_obtained":["Doubt"]},{"damage_healed":0.0,"max_hp_gain":0.0,"max_hp_loss":0.0,"gold_gain":0.0,"event_name":"Mushrooms","player_choice":"Fought Mushrooms","floor":11.0,"gold_loss":0.0,"damage_taken":0.0},{"damage_healed":0,"gold_gain":0,"player_choice":"Fight","damage_taken":0,"max_hp_gain":0,"max_hp_loss":0,"event_name":"MindBloom","floor":37,"gold_loss":0}],"is_beta":false,"boss_relics":[{"not_picked":["Velvet Choker","HoveringKite"],"picked":"WristBlade"},{"not_picked":["Pandora\u0027s Box","Ring of the Serpent"],"picked":"Busted Crown"}],"items_purged_floors":[38],"is_endless":false,"potions_floor_spawned":[4,6,8,10,11,12,19,22,27,30,31,33,35,37],"killed_by":"Reptomancer","ascension_level":5}