{"gold_per_floor":[119,19,19,19,32,59,59,93,93,119,119,131,165,181,181,284,284,297,313,238,238,338,368,120,153,153,173,153,184,204,215,215,310,310,321,11,28,40,0,27,44,75,102,135,135,151,165,197,197,197,197,197,4,31,31],"floor_reached":56,"playtime":14941,"items_purged":["Strike_R","Strike_R+1"],"score":1856,"play_id":"deb9788d-7d27-4b51-9987-5ed7228aa910","local_time":"20190519152352","is_ascension_mode":true,"campfire_choices":[{"data":"Bash","floor":7.0,"key":"SMITH"},{"data":"Limit Break","floor":11.0,"key":"SMITH"},{"data":"Inflame","floor":15.0,"key":"SMITH"},{"data":"Exhume","floor":32.0,"key":"SMITH"},{"data":"Evolve","floor":45.0,"key":"SMITH"},{"floor":49,"key":"RECALL"},{"data":"Barricade","floor":52,"key":"SMITH"}],"neow_cost":"NONE","seed_source_timestamp":25725878383284,"circlet_count":0,"master_deck":["Strike_R+1","Strike_R+1","Defend_R+1","Defend_R+1","Defend_R+1","Bash+1","Inflame+1","Shrug It Off","Offering+1","Pommel Strike","Exhume+1","Limit Break+1","Metallicize","Ghostly Armor","Impervious+1","Metallicize","Pummel","Evolve+1","Sword Boomerang+1","Inflame","Barricade+1","Metallicize+1","Disarm","Inflame","Battle Trance+1","Parasite","Warcry+1"],"special_seed":0,"relics":["Burning Blood","NeowsBlessing","Singing Bowl","Mummified Hand","Centennial Puzzle","Orichalcum","The Courier","Mark of Pain","Calipers","Darkstone Periapt","Regal Pillow","Paper Frog","Bag of Preparation","Ornamental Fan","Mango","Coffee Dripper","War Paint","Red Mask","Pear","Ancient Tea Set","Dream Catcher","Dead Branch","Magic Flower","Bottled Flame","Red Skull"],"potions_floor_usage":[50,50],"damage_taken":[{"damage":0.0,"enemies":"2 Louse","floor":1.0,"turns":1.0},{"damage":0.0,"enemies":"Small Slimes","floor":5.0,"turns":1.0},{"damage":0.0,"enemies":"Lagavulin","floor":6.0,"turns":2.0},{"damage":13.0,"enemies":"3 Sentries","floor":8.0,"turns":9.0},{"damage":16.0,"enemies":"Gremlin Nob","floor":10.0,"turns":3.0},{"damage":0.0,"enemies":"Jaw Worm","floor":12.0,"turns":3.0},{"damage":25.0,"enemies":"Lagavulin","floor":13.0,"turns":6.0},{"damage":5.0,"enemies":"2 Fungi Beasts","floor":14.0,"turns":6.0},{"damage":21.0,"enemies":"Hexaghost","floor":16.0,"turns":7.0},{"damage":7.0,"enemies":"Shell Parasite","floor":18.0,"turns":7.0},{"damage":11.0,"enemies":"Chosen","floor":19.0,"turns":6.0},{"damage":14.0,"enemies":"Colosseum Slavers","floor":22.0,"turns":7.0},{"damage":9.0,"enemies":"Colosseum Nobs","floor":22.0,"turns":5.0},{"damage":12.0,"enemies":"Book of Stabbing","floor":23.0,"turns":5.0},{"damage":6.0,"enemies":"Gremlin Leader","floor":25.0,"turns":4.0},{"damage":7.0,"enemies":"Centurion and Healer","floor":27.0,"turns":4.0},{"damage":6.0,"enemies":"Slavers","floor":29.0,"turns":4.0},{"damage":6.0,"enemies":"Snake Plant","floor":30.0,"turns":2.0},{"damage":0.0,"enemies":"Sentry and Sphere","floor":31.0,"turns":6.0},{"damage":15.0,"enemies":"Automaton","floor":33.0,"turns":6.0},{"damage":0.0,"enemies":"3 Shapes","floor":35.0,"turns":6.0},{"damage":0.0,"enemies":"3 Darklings","floor":37.0,"turns":7.0},{"damage":0.0,"enemies":"Transient","floor":38.0,"turns":5.0},{"damage":12.0,"enemies":"Nemesis","floor":40.0,"turns":5.0},{"damage":13.0,"enemies":"Maw","floor":41.0,"turns":7.0},{"damage":36.0,"enemies":"Reptomancer","floor":42.0,"turns":5.0},{"damage":0.0,"enemies":"Giant Head","floor":44.0,"turns":6.0},{"damage":0,"enemies":"Writhing Mass","floor":46,"turns":6},{"damage":0,"enemies":"4 Shapes","floor":47,"turns":4},{"damage":0,"enemies":"Nemesis","floor":48,"turns":9},{"damage":6,"enemies":"Awakened One","floor":50,"turns":9},{"damage":28,"enemies":"Shield and Spear","floor":54,"turns":7},{"damage":99,"enemies":"The Heart","floor":55,"turns":6}],"seed_played":"119602833629188849","potions_obtained":[{"floor":1.0,"key":"Explosive Potion"},{"floor":5.0,"key":"Energy Potion"},{"floor":10.0,"key":"Swift Potion"},{"floor":14.0,"key":"Ancient Potion"},{"floor":18.0,"key":"Fire Potion"},{"floor":19.0,"key":"SteroidPotion"},{"floor":23.0,"key":"Block Potion"},{"floor":27.0,"key":"Regen Potion"},{"floor":28.0,"key":"Energy Potion"},{"floor":29.0,"key":"LiquidBronze"},{"floor":31.0,"key":"GamblersBrew"},{"floor":38.0,"key":"Strength Potion"},{"floor":41.0,"key":"Block Potion"},{"floor":47,"key":"Poison Potion"}],"is_trial":false,"path_per_floor":["M","$","?","?","M","E","R","E","T","E","R","M","E","M","R","B",null,"M","M","?","?","?","E","$","E","T","M","?","E","M","M","R","B",null,"M","$","M","M","?","E","M","E","T","E","R","M","M","E","R","B",null,"R","$","E","B",null],"character_chosen":"IRONCLAD","items_purchased":["Shrug It Off","Paper Frog","Evolve","Disarm","Inflame","War Paint","Bottled Flame"],"campfire_rested":0,"item_purchase_floors":[2,24,24,36,36,36,53],"current_hp_per_floor":[80,80,80,73,81,82,82,75,75,65,65,71,52,55,55,40,84,85,80,80,80,71,65,65,65,65,66,66,94,96,102,102,93,108,108,108,110,112,112,118,113,83,83,91,91,103,111,119,119,122,138,138,138,121,31],"gold":31,"neow_bonus":"THREE_ENEMY_KILL","is_prod":false,"is_daily":false,"chose_seed":false,"campfire_upgraded":6,"win_rate":0,"timestamp":1558259632,"path_taken":["M","$","?","?","M","E","R","E","T","E","R","M","E","M","R","BOSS","M","M","?","?","?","E","?","E","T","M","?","E","M","M","R","BOSS","M","$","M","?","?","E","M","E","T","E","R","M","M","E","R","BOSS","R","$","E","BOSS"],"build_version":"2019-01-23","purchased_purges":2,"victory":true,"max_hp_per_floor":[80,80,80,80,82,82,82,82,82,82,82,82,82,84,84,84,84,86,86,86,86,88,88,88,88,88,90,90,106,108,108,108,108,108,108,108,110,112,112,124,126,126,126,128,128,134,136,138,138,138,138,138,138,140,140],"card_choices":[{"not_picked":["Infernal Blade","Warcry"],"picked":"Inflame","floor":1.0},{"not_picked":["Searing Blow","Anger","Twin Strike"],"picked":"Singing Bowl","floor":5.0},{"not_picked":["Entrench","Combust"],"picked":"Pommel Strike","floor":6.0},{"not_picked":["Searing Blow","Warcry"],"picked":"Exhume","floor":8.0},{"not_picked":["Sword Boomerang","Iron Wave"],"picked":"Limit Break","floor":10.0},{"not_picked":["Clothesline","Perfected Strike"],"picked":"Metallicize","floor":12.0},{"not_picked":["Flex","Sentinel"],"picked":"Ghostly Armor","floor":13.0},{"not_picked":["Iron Wave","Wild Strike","Anger"],"picked":"Singing Bowl","floor":14.0},{"not_picked":["Bludgeon","Dark Embrace"],"picked":"Impervious","floor":16.0},{"not_picked":["Clash","Wild Strike+1","Pommel Strike"],"picked":"Singing Bowl","floor":18.0},{"not_picked":["Blood for Blood+1","Dual Wield"],"picked":"Metallicize","floor":19.0},{"not_picked":["Rampage","Feel No Pain","Dual Wield"],"picked":"Singing Bowl","floor":22.0},{"not_picked":["Havoc","Corruption+1"],"picked":"Pummel","floor":23.0},{"not_picked":["Perfected Strike","Headbutt"],"picked":"Sword Boomerang+1","floor":25.0},{"not_picked":["Flex","Bludgeon","Heavy Blade"],"picked":"Singing Bowl","floor":27.0},{"not_picked":["Pommel Strike","Thunderclap","Rampage"],"picked":"Singing Bowl","floor":29.0},{"not_picked":["Searing Blow","Warcry","Perfected Strike"],"picked":"Singing Bowl","floor":30.0},{"not_picked":["Twin Strike","Carnage"],"picked":"Inflame","floor":31.0},{"not_picked":["Brutality","Exhume"],"picked":"Barricade","floor":33.0},{"not_picked":["Heavy Blade+1","Cleave+1"],"picked":"Metallicize+1","floor":35.0},{"not_picked":["Ghostly Armor+1","Flex","Iron Wave+1"],"picked":"Singing Bowl","floor":37.0},{"not_picked":["Sword Boomerang+1","Feel No Pain+1","Cleave"],"picked":"Singing Bowl","floor":38.0},{"not_picked":["Shrug It Off","Searing Blow","Seeing Red"],"picked":"Singing Bowl","floor":40.0},{"not_picked":["Cleave","Body Slam+1","Thunderclap+1"],"picked":"Singing Bowl","floor":41.0},{"not_picked":["Dropkick+1","Feel No Pain+1"],"picked":"Battle Trance+1","floor":42.0},{"not_picked":["Flex","Barricade","Offering"],"picked":"Singing Bowl","floor":44.0},{"not_picked":["Clothesline","Havoc+1"],"picked":"Warcry+1","floor":46},{"not_picked":["Iron Wave+1","Second Wind","Cleave+1"],"picked":"Singing Bowl","floor":47},{"not_picked":["Bloodletting","Shrug It Off","Barricade"],"picked":"Singing Bowl","floor":48},{"not_picked":["Inflame","Blood for Blood","Uppercut"],"picked":"Singing Bowl","floor":54}],"player_experience":497287,"relics_obtained":[{"floor":6.0,"key":"Mummified Hand"},{"floor":8.0,"key":"Centennial Puzzle"},{"floor":10.0,"key":"Orichalcum"},{"floor":13.0,"key":"The Courier"},{"floor":22.0,"key":"Calipers"},{"floor":22.0,"key":"Darkstone Periapt"},{"floor":23.0,"key":"Regal Pillow"},{"floor":25.0,"key":"Bag of Preparation"},{"floor":26.0,"key":"Ornamental Fan"},{"floor":29.0,"key":"Mango"},{"floor":40.0,"key":"Pear"},{"floor":42.0,"key":"Ancient Tea Set"},{"floor":43.0,"key":"Dream Catcher"},{"floor":44.0,"key":"Dead Branch"},{"floor":48,"key":"Magic Flower"},{"floor":54,"key":"Red Skull"}],"event_choices":[{"damage_healed":0.0,"max_hp_gain":0.0,"max_hp_loss":0.0,"gold_gain":0.0,"cards_transformed":["Strike_R"],"event_name":"Living Wall","player_choice":"Change","floor":3.0,"gold_loss":0.0,"damage_taken":0.0,"cards_obtained":["Offering"]},{"damage_healed":0.0,"max_hp_gain":0.0,"max_hp_loss":0.0,"gold_gain":0.0,"event_name":"Scrap Ooze","player_choice":"Success","floor":4.0,"gold_loss":0.0,"damage_taken":7.0,"relics_obtained":["Singing Bowl"]},{"cards_removed":["Defend_R"],"damage_healed":0.0,"max_hp_gain":0.0,"max_hp_loss":0.0,"gold_gain":0.0,"event_name":"Beggar","player_choice":"Gave Gold","floor":20.0,"gold_loss":75.0,"damage_taken":0.0},{"damage_healed":0.0,"max_hp_gain":0.0,"max_hp_loss":0.0,"gold_gain":0.0,"event_name":"Back to Basics","player_choice":"Simplicity","floor":21.0,"gold_loss":0.0,"damage_taken":0.0,"cards_upgraded":["Strike_R","Strike_R","Strike_R","Defend_R","Defend_R","Defend_R"]},{"damage_healed":0.0,"max_hp_gain":0.0,"max_hp_loss":0.0,"gold_gain":0.0,"event_name":"Colosseum","player_choice":"Fight","floor":22.0,"gold_loss":0.0,"damage_taken":0.0},{"damage_healed":0.0,"max_hp_gain":0.0,"max_hp_loss":0.0,"gold_gain":0.0,"event_name":"Colosseum","player_choice":"Fought Nobs","floor":22.0,"gold_loss":0.0,"damage_taken":0.0},{"damage_healed":0.0,"max_hp_gain":0.0,"max_hp_loss":0.0,"gold_gain":0.0,"event_name":"The Woman in Blue","player_choice":"Bought 1 Potion","floor":28.0,"gold_loss":0.0,"damage_taken":0.0},{"damage_healed":0.0,"max_hp_gain":0.0,"max_hp_loss":0.0,"gold_gain":0.0,"event_name":"Tomb of Lord Red Mask","player_choice":"Paid","floor":39.0,"gold_loss":40.0,"damage_taken":0.0,"relics_obtained":["Red Mask"]}],"is_beta":false,"boss_relics":[{"not_picked":["White Beast Statue","Runic Pyramid"],"picked":"Mark of Pain"},{"not_picked":["Snecko Eye","Orrery"],"picked":"Coffee Dripper"}],"items_purged_floors":[2,36],"is_endless":false,"potions_floor_spawned":[1,5,10,14,18,19,23,27,29,31,38,41,47],"ascension_level":4}