{"gold_per_floor":[113,113,129,148,166,206,206,23,77,120,120,45,45,63,63,189,189,209,232,255,255,275,275,313,313,313,313,313,313,14,14],"floor_reached":31,"playtime":1721,"items_purged":["Parasite"],"score":263,"play_id":"e71fdacc-a24a-44f3-8322-ccb8e42355ff","local_time":"20190504085914","is_ascension_mode":false,"campfire_choices":[{"floor":7.0,"key":"REST"},{"data":"Chaos","floor":15.0,"key":"SMITH"},{"floor":23.0,"key":"REST"},{"floor":25.0,"key":"REST"},{"floor":27.0,"key":"REST"},{"floor":29.0,"key":"REST"}],"neow_cost":"NONE","seed_source_timestamp":0,"circlet_count":0,"master_deck":["Strike_B+1","Strike_B","Defend_B","Defend_B","Defend_B","Defend_B","Zap","Dualcast","Dramatic Entrance+1","Loop","Redo","Ball Lightning","Cold Snap","Chaos+1","Chrysalis","Double Energy","Seek","Chaos+1","Auto Shields","Redo+1","Stack","Recycle","Loop","Fission","Cold Snap","Flash of Steel"],"special_seed":0,"relics":["Cracked Core","Golden Idol","Bag of Preparation","Tiny Chest","Anchor","Happy Flower","Lizard Tail","Whetstone","Pen Nib"],"potions_floor_usage":[],"damage_taken":[{"damage":2.0,"enemies":"Jaw Worm","floor":1.0,"turns":4.0},{"damage":0.0,"enemies":"2 Louse","floor":3.0,"turns":3.0},{"damage":0.0,"enemies":"Cultist","floor":4.0,"turns":3.0},{"damage":0.0,"enemies":"3 Louse","floor":5.0,"turns":2.0},{"damage":25.0,"enemies":"Gremlin Nob","floor":6.0,"turns":4.0},{"damage":24.0,"enemies":"Lagavulin","floor":10.0,"turns":5.0},{"damage":0.0,"enemies":"Looter","floor":14.0,"turns":3.0},{"damage":24.0,"enemies":"Slime Boss","floor":16.0,"turns":6.0},{"damage":8.0,"enemies":"2 Thieves","floor":18.0,"turns":4.0},{"damage":3.0,"enemies":"Shell Parasite","floor":19.0,"turns":3.0},{"damage":26.0,"enemies":"Shelled Parasite and Fungi","floor":20.0,"turns":7.0},{"damage":17.0,"enemies":"Snecko","floor":22.0,"turns":7.0},{"damage":67.0,"enemies":"Slavers","floor":24.0,"turns":9.0},{"damage":0,"enemies":"3 Cultists","floor":31,"turns":2}],"seed_played":"-7598713427969543806","potions_obtained":[{"floor":1.0,"key":"Energy Potion"},{"floor":4.0,"key":"Strength Potion"},{"floor":14.0,"key":"Weak Potion"},{"floor":16.0,"key":"Swift Potion"},{"floor":18.0,"key":"Regen Potion"},{"floor":20.0,"key":"GamblersBrew"}],"is_trial":false,"path_per_floor":["?","?","$","T","M","?","?"],"character_chosen":"DEFECT","items_purchased":["Chrysalis","Fission","Cold Snap","Flash of Steel"],"campfire_rested":5,"item_purchase_floors":[8,30,30,30],"current_hp_per_floor":[73,69,69,69,69,44,64,64,64,40,57,57,57,57,57,33,66,58,55,41,41,24,43,9,28,28,47,47,66,66,66],"gold":14,"neow_bonus":"RANDOM_COLORLESS","is_prod":false,"is_daily":false,"chose_seed":false,"campfire_upgraded":1,"win_rate":0,"timestamp":1556974754,"path_taken":["M","?","M","M","M","E","R","$","T","E","?","?","?","M","R","BOSS","M","?","M","?","M","R","E","R","T","R","?","R","$","M"],"build_version":"2019-01-23","purchased_purges":1,"victory":false,"max_hp_per_floor":[75,69,69,69,69,69,69,69,69,69,69,66,66,66,66,66,66,66,66,66,66,66,66,66,66,66,66,66,66,66,66],"card_choices":[{"not_picked":["Melter","Gash"],"picked":"Loop","floor":1.0},{"not_picked":["Steam","Compile Driver"],"picked":"Redo","floor":3.0},{"not_picked":["Streamline","Barrage"],"picked":"Ball Lightning","floor":4.0},{"not_picked":["Turbo","Stack"],"picked":"Cold Snap","floor":5.0},{"not_picked":["Machine Learning","Doom and Gloom"],"picked":"Chaos","floor":6.0},{"not_picked":["Steam","Rebound","Compile Driver"],"picked":"SKIP","floor":10.0},{"not_picked":["Compile Driver","Ball Lightning"],"picked":"Double Energy","floor":14.0},{"not_picked":["Reboot","Meteor Strike"],"picked":"Seek","floor":16.0},{"not_picked":["Rebound","Blizzard"],"picked":"Chaos+1","floor":18.0},{"not_picked":["Hologram","Go for the Eyes"],"picked":"Auto Shields","floor":19.0},{"not_picked":["Compile Driver+1","BootSequence"],"picked":"Redo+1","floor":20.0},{"not_picked":["Gash","Barrage+1","Rebound"],"picked":"SKIP","floor":22.0},{"not_picked":["Double Energy","FTL"],"picked":"Stack","floor":24.0}],"player_experience":464616,"relics_obtained":[{"floor":6.0,"key":"Bag of Preparation"},{"floor":9.0,"key":"Tiny Chest"},{"floor":10.0,"key":"Anchor"},{"floor":13.0,"key":"Happy Flower"},{"floor":24.0,"key":"Whetstone"},{"floor":26.0,"key":"Pen Nib"}],"event_choices":[{"damage_healed":0.0,"max_hp_gain":0.0,"max_hp_loss":6.0,"gold_gain":0.0,"event_name":"Golden Idol","player_choice":"Lose Max HP","floor":2.0,"gold_loss":0.0,"damage_taken":0.0,"relics_obtained":["Golden Idol"]},{"damage_healed":17.0,"max_hp_gain":0.0,"max_hp_loss":0.0,"gold_gain":0.0,"event_name":"Mushrooms","player_choice":"Healed and dodged fight","floor":11.0,"gold_loss":0.0,"damage_taken":0.0,"cards_obtained":["Parasite"]},{"damage_healed":0.0,"max_hp_gain":0.0,"max_hp_loss":0.0,"gold_gain":0.0,"event_name":"Cursed Tome","player_choice":"Ignored","floor":21.0,"gold_loss":0.0,"damage_taken":0.0},{"damage_healed":0.0,"max_hp_gain":0.0,"max_hp_loss":0.0,"gold_gain":0.0,"cards_transformed":["Strike_B","Strike_B"],"event_name":"Drug Dealer","player_choice":"Became Test Subject","floor":28.0,"gold_loss":0.0,"damage_taken":0.0,"cards_obtained":["Recycle","Loop"]}],"is_beta":false,"boss_relics":[{"not_picked":["Ectoplasm","Busted Crown"],"picked":"Lizard Tail"}],"items_purged_floors":[12],"is_endless":false,"potions_floor_spawned":[1,4,14,16,18,20],"killed_by":"3 Cultists","ascension_level":0}