{"gold_per_floor":[111,111,124,74,94,94,194,214,239,252,69,69,69,100,100,198,198,210,160,180,279,21,21,32,32,32,46,59,93,93,108,108,205,205,220,220,236,246,260,285,302,302,325,425,425,425,221,254,254,254,254,254,75,104,104],"floor_reached":56,"playtime":5289,"items_purged":["Strike_R","Defend_R","Defend_R","True Grit+1"],"score":1452,"play_id":"461bfcac-efc6-4ffd-9446-715a0f1ea1b8","local_time":"20190326001457","is_ascension_mode":false,"campfire_choices":[{"data":"Dropkick","floor":6.0,"key":"SMITH"},{"data":"True Grit","floor":12.0,"key":"SMITH"},{"data":"Seeing Red","floor":15.0,"key":"SMITH"},{"data":"Shrug It Off","floor":23.0,"key":"SMITH"},{"data":"Flash of Steel","floor":25.0,"key":"SMITH"},{"floor":32.0,"key":"RECALL"},{"data":"Thunderclap","floor":49.0,"key":"SMITH"},{"floor":52.0,"key":"REST"}],"neow_cost":"PERCENT_DAMAGE","seed_source_timestamp":0,"circlet_count":0,"master_deck":["Dropkick+1","Thunderclap+1","Flash of Steel+1","Seeing Red+1","Shrug It Off+1","Madness+1"],"special_seed":0,"relics":["Burning Blood","Smiling Mask","Juzu Bracelet","Blue Candle","Empty Cage","HandDrill","Question Card","Runic Cube","Boot","Anchor","Incense Burner","Bag of Marbles","PreservedInsect","War Paint"],"potions_floor_usage":[55],"damage_taken":[{"damage":1.0,"enemies":"2 Louse","floor":1.0,"turns":4.0},{"damage":1.0,"enemies":"Jaw Worm","floor":3.0,"turns":4.0},{"damage":1.0,"enemies":"Cultist","floor":5.0,"turns":4.0},{"damage":5.0,"enemies":"Large Slime","floor":8.0,"turns":5.0},{"damage":0.0,"enemies":"Exordium Wildlife","floor":10.0,"turns":4.0},{"damage":2.0,"enemies":"Lagavulin","floor":14.0,"turns":6.0},{"damage":39.0,"enemies":"The Guardian","floor":16.0,"turns":7.0},{"damage":1.0,"enemies":"Chosen","floor":18.0,"turns":3.0},{"damage":8.0,"enemies":"Spheric Guardian","floor":20.0,"turns":4.0},{"damage":0.0,"enemies":"3 Cultists","floor":24.0,"turns":2.0},{"damage":9.0,"enemies":"Snake Plant","floor":27.0,"turns":3.0},{"damage":0.0,"enemies":"Chosen and Byrds","floor":28.0,"turns":2.0},{"damage":10.0,"enemies":"Book of Stabbing","floor":29.0,"turns":4.0},{"damage":30.0,"enemies":"Snecko","floor":31.0,"turns":5.0},{"damage":11.0,"enemies":"Automaton","floor":33.0,"turns":6.0},{"damage":0.0,"enemies":"Orb Walker","floor":35.0,"turns":2.0},{"damage":0.0,"enemies":"3 Darklings","floor":37.0,"turns":2.0},{"damage":0.0,"enemies":"Jaw Worm Horde","floor":38.0,"turns":2.0},{"damage":0.0,"enemies":"Maw","floor":39.0,"turns":2.0},{"damage":0.0,"enemies":"Giant Head","floor":40.0,"turns":2.0},{"damage":0.0,"enemies":"3 Darklings","floor":41.0,"turns":2.0},{"damage":0.0,"enemies":"Mind Bloom Boss Battle","floor":44.0,"turns":2.0},{"damage":0.0,"enemies":"Reptomancer","floor":48.0,"turns":1.0},{"damage":0.0,"enemies":"Donu and Deca","floor":50.0,"turns":1.0},{"damage":0.0,"enemies":"Shield and Spear","floor":54.0,"turns":1.0},{"damage":58,"enemies":"The Heart","floor":55,"turns":4}],"seed_played":"-8095910622184368741","potions_obtained":[{"floor":8.0,"key":"AttackPotion"},{"floor":10.0,"key":"Explosive Potion"},{"floor":14.0,"key":"Energy Potion"},{"floor":29.0,"key":"Dexterity Potion"},{"floor":31.0,"key":"BloodPotion"},{"floor":37.0,"key":"Explosive Potion"},{"floor":40.0,"key":"Dexterity Potion"},{"floor":44.0,"key":"Swift Potion"},{"floor":48.0,"key":"PowerPotion"}],"is_trial":false,"path_per_floor":["M","?","M","?","M","R","?","M","T","M","$","R","?","E","R","B",null,"M","$","M","?","$","R","M","R","T","M","M","E","?","M","R","B",null,"M","?","M","M","M","E","M","?","T","?","?","?","$","E","R","B",null,"R","$","E","B",null],"character_chosen":"IRONCLAD","items_purchased":["True Grit","Flash of Steel","HandDrill","Bag of Marbles","Shrug It Off","Madness","Strength Potion"],"campfire_rested":1,"item_purchase_floors":[11,11,22,47,53,53,53],"current_hp_per_floor":[61,61,66,66,71,71,71,72,72,78,78,78,71,75,75,42,80,80,80,78,78,78,78,80,80,80,77,80,76,76,52,52,47,80,80,80,80,80,80,80,80,80,80,80,80,80,80,80,80,80,80,80,80,80,28],"gold":104,"neow_bonus":"TRANSFORM_TWO_CARDS","is_prod":false,"is_daily":false,"chose_seed":false,"campfire_upgraded":6,"win_rate":0,"timestamp":1553577297,"path_taken":["M","?","M","?","M","R","?","?","T","M","$","R","?","E","R","BOSS","M","$","M","?","$","R","M","R","T","M","M","E","?","M","R","BOSS","M","?","M","M","M","E","M","?","T","?","?","?","$","E","R","BOSS","R","$","E","BOSS"],"build_version":"2019-01-23","purchased_purges":4,"victory":true,"max_hp_per_floor":[80,80,80,80,80,80,80,80,80,80,80,80,80,80,80,80,80,80,80,80,80,80,80,80,80,80,80,80,80,80,80,80,80,80,80,80,80,80,80,80,80,80,80,80,80,80,80,80,80,80,80,80,80,80,80],"card_choices":[{"not_picked":["Perfected Strike","Cleave","Sentinel"],"picked":"SKIP","floor":1.0},{"not_picked":["Bloodletting","Wild Strike","Shrug It Off"],"picked":"SKIP","floor":3.0},{"not_picked":["Combust","Pommel Strike","Ghostly Armor"],"picked":"SKIP","floor":5.0},{"not_picked":["Rampage","Bloodletting","Anger"],"picked":"SKIP","floor":8.0},{"not_picked":["Body Slam","Searing Blow"],"picked":"Thunderclap","floor":10.0},{"not_picked":["Perfected Strike","Infernal Blade"],"picked":"Seeing Red","floor":14.0},{"not_picked":["Battle Trance","Cleave+1","Headbutt"],"picked":"SKIP","floor":18.0},{"not_picked":["True Grit","Pommel Strike","Armaments"],"picked":"SKIP","floor":20.0},{"not_picked":["Perfected Strike","Wild Strike","Body Slam"],"picked":"SKIP","floor":24.0},{"not_picked":["Iron Wave","Dropkick","Twin Strike+1"],"picked":"SKIP","floor":27.0},{"not_picked":["True Grit","Clothesline+1","Headbutt"],"picked":"SKIP","floor":28.0},{"not_picked":["Demon Form","Flame Barrier","Thunderclap"],"picked":"SKIP","floor":29.0},{"not_picked":["Twin Strike","Havoc","Sever Soul","True Grit"],"picked":"SKIP","floor":31.0},{"not_picked":["Bloodletting+1","Dropkick+1","Iron Wave+1","Metallicize+1"],"picked":"SKIP","floor":35.0},{"not_picked":["Cleave+1","Feel No Pain","Perfected Strike","Thunderclap"],"picked":"SKIP","floor":37.0},{"not_picked":["Warcry+1","Sword Boomerang+1","Clothesline+1","Heavy Blade"],"picked":"SKIP","floor":38.0},{"not_picked":["Combust","Burning Pact","Flex","Intimidate+1"],"picked":"SKIP","floor":39.0},{"not_picked":["Wild Strike","Anger","Immolate","Heavy Blade"],"picked":"SKIP","floor":40.0},{"not_picked":["Cleave","Havoc","Entrench","Hemokinesis+1"],"picked":"SKIP","floor":41.0},{"not_picked":["Heavy Blade+1","Warcry","Reaper","Blood for Blood+1"],"picked":"SKIP","floor":48.0},{"not_picked":["Corruption","Flex+1","Cleave","Metallicize+1"],"picked":"SKIP","floor":54.0}],"player_experience":230674,"relics_obtained":[{"floor":9.0,"key":"Smiling Mask"},{"floor":14.0,"key":"Blue Candle"},{"floor":29.0,"key":"Question Card"},{"floor":40.0,"key":"Boot"},{"floor":43.0,"key":"Anchor"},{"floor":44.0,"key":"Incense Burner"},{"floor":48.0,"key":"PreservedInsect"},{"floor":54.0,"key":"War Paint"}],"event_choices":[{"cards_removed":["Strike_R"],"damage_healed":0.0,"max_hp_gain":0.0,"max_hp_loss":0.0,"gold_gain":0.0,"event_name":"Living Wall","player_choice":"Forget","floor":2.0,"gold_loss":0.0,"damage_taken":0.0},{"cards_removed":["Defend_R"],"damage_healed":0.0,"max_hp_gain":0.0,"max_hp_loss":0.0,"gold_gain":0.0,"event_name":"The Cleric","player_choice":"Card Removal","floor":4.0,"gold_loss":50.0,"damage_taken":0.0},{"damage_healed":0.0,"max_hp_gain":0.0,"max_hp_loss":0.0,"gold_gain":100.0,"event_name":"Golden Shrine","player_choice":"Pray","floor":7.0,"gold_loss":0.0,"damage_taken":0.0},{"damage_healed":0.0,"max_hp_gain":0.0,"max_hp_loss":0.0,"gold_gain":0.0,"event_name":"Scrap Ooze","player_choice":"Success","floor":13.0,"gold_loss":0.0,"damage_taken":7.0,"relics_obtained":["Juzu Bracelet"]},{"damage_healed":0.0,"max_hp_gain":0.0,"max_hp_loss":0.0,"gold_gain":99.0,"event_name":"Nest","player_choice":"Stole From Cult","floor":21.0,"gold_loss":0.0,"damage_taken":0.0},{"damage_healed":0.0,"max_hp_gain":0.0,"max_hp_loss":0.0,"gold_gain":0.0,"event_name":"Tomb of Lord Red Mask","player_choice":"Ignored","floor":36.0,"gold_loss":0.0,"damage_taken":0.0},{"cards_removed":["Bash"],"damage_healed":0.0,"max_hp_gain":0.0,"max_hp_loss":0.0,"gold_gain":0.0,"event_name":"Wheel of Change","player_choice":"Card Removal","floor":42.0,"gold_loss":0.0,"damage_taken":0.0},{"damage_healed":0.0,"max_hp_gain":0.0,"max_hp_loss":0.0,"gold_gain":0.0,"event_name":"MindBloom","player_choice":"Fight","floor":44.0,"gold_loss":0.0,"damage_taken":0.0},{"cards_removed":["Shrug It Off"],"damage_healed":0.0,"max_hp_gain":0.0,"max_hp_loss":0.0,"gold_gain":0.0,"event_name":"Falling","player_choice":"Removed Skill","floor":45.0,"gold_loss":0.0,"damage_taken":0.0},{"damage_healed":0.0,"max_hp_gain":0.0,"max_hp_loss":0.0,"gold_gain":0.0,"event_name":"Match and Keep!","player_choice":"0 cards matched","floor":46.0,"gold_loss":0.0,"damage_taken":0.0,"cards_obtained":[]}],"is_beta":false,"boss_relics":[{"not_picked":["Calling Bell","Philosopher\u0027s Stone"],"picked":"Empty Cage"},{"not_picked":["Eternal Feather","Lizard Tail"],"picked":"Runic Cube"}],"items_purged_floors":[11,19,22,47],"is_endless":false,"potions_floor_spawned":[8,10,14,24,29,31,37,40,44,48],"ascension_level":0}