{"path_per_floor":["M","?","M","M","$","E","?","?","T","M","?","R","M","M","R","B",null,"M","?","$"],"character_chosen":"IRONCLAD","items_purchased":["Finesse","Ghostly Armor","Armaments"],"gold_per_floor":[115,215,233,247,69,96,96,96,96,109,109,109,128,146,146,246,246,262,295,67,67],"floor_reached":21,"campfire_rested":2,"playtime":11749,"current_hp_per_floor":[80,80,80,80,80,39,39,39,39,35,19,43,41,33,57,37,80,62,28,28,0],"items_purged":["Strike_R","Strike_R"],"gold":67,"score":179,"play_id":"7563cc64-c039-4833-a1b3-776d6510b894","local_time":"20180502042717","is_prod":false,"is_daily":false,"chose_seed":false,"is_ascension_mode":false,"campfire_upgraded":0,"timestamp":1525249637,"path_taken":["M","?","?","M","$","E","?","?","T","?","?","R","?","M","R","BOSS","M","?","$","M"],"build_version":"2018-05-01v2","seed_source_timestamp":0,"purchased_purges":2,"victory":false,"master_deck":["Strike_R+1","Strike_R+1","Defend_R","Defend_R","Defend_R","Defend_R","Armaments","Entrench","Finesse","Dual Wield","Metallicize","Inflame","Battle Trance","Limit Break","Body Slam+1","Whirlwind","Ghostly Armor","Armaments"],"max_hp_per_floor":[80,80,80,80,80,80,80,80,80,80,80,80,80,80,80,80,80,80,80,80,80],"relics":["Burning Blood","Shuriken","Question Card","Sozu","Red Mask"],"card_choices":[{"not_picked":["Anger","Evolve"],"picked":"Armaments","floor":3.0},{"not_picked":["Pummel","Spot Weakness"],"picked":"Entrench","floor":4.0},{"not_picked":["Intimidate","Sever Soul"],"picked":"Dual Wield","floor":6.0},{"not_picked":["Burning Pact","Body Slam","Uppercut"],"picked":"Metallicize","floor":10.0},{"not_picked":["Ghostly Armor","Cleave","Iron Wave"],"picked":"Inflame","floor":13.0},{"not_picked":["Whirlwind","Headbutt","Pommel Strike"],"picked":"Battle Trance","floor":14.0},{"not_picked":["Reaper","Bludgeon","Fiend Fire"],"picked":"Limit Break","floor":16.0},{"not_picked":["Corruption","Anger","Infernal Blade"],"picked":"Body Slam","floor":18},{"not_picked":["Pummel","Sword Boomerang","Clash"],"picked":"Whirlwind","floor":19}],"player_experience":0,"potions_floor_usage":[19,21],"damage_taken":[{"damage":2.0,"enemies":"Small Slimes","floor":1.0,"turns":5.0},{"damage":1.0,"enemies":"Cultist","floor":3.0,"turns":3.0},{"damage":4.0,"enemies":"2 Louse","floor":4.0,"turns":3.0},{"damage":47.0,"enemies":"Gremlin Nob","floor":6.0,"turns":6.0},{"damage":10.0,"enemies":"Gremlin Gang","floor":10.0,"turns":13.0},{"damage":8.0,"enemies":"Red Slaver","floor":13.0,"turns":9.0},{"damage":14.0,"enemies":"3 Louse","floor":14.0,"turns":7.0},{"damage":26.0,"enemies":"The Guardian","floor":16.0,"turns":370.0},{"damage":24,"enemies":"Spheric Guardian","floor":18,"turns":9},{"damage":40,"enemies":"Masked Bandits","floor":19,"turns":5},{"damage":51,"enemies":"Chosen","floor":21,"turns":9}],"event_choices":[{"event_name":"Wheel of Change","player_choice":"Gold","floor":2.0,"damage_taken":0.0},{"event_name":"Bonfire Elementals","player_choice":"BASIC","floor":7.0,"damage_taken":0.0},{"event_name":"Living Wall","player_choice":"Forget","floor":8.0,"damage_taken":0.0},{"event_name":"Shining Light","player_choice":"Entered Light","floor":11.0,"damage_taken":0.0},{"event_name":"Masked Bandits","player_choice":"Fought over 262 gold","floor":19,"damage_taken":0}],"boss_relics":[{"not_picked":["White Beast Statue","Lizard Tail"],"picked":"Sozu"}],"potions_floor_spawned":[1,3,13,14,16],"seed_played":"8146700585767806055","killed_by":"Chosen","ascension_level":0,"is_trial":false}