{"gold_per_floor":[112,187,187,200,200,235,248,248,275,293,305,316,168,196,196,196],"floor_reached":16,"playtime":309,"items_purged":["Strike_R"],"score":219,"play_id":"3b3b2666-41a3-4508-8058-fa378d9d5733","local_time":"20190404033220","is_ascension_mode":true,"campfire_choices":[{"data":"Spot Weakness","floor":8,"key":"SMITH"},{"data":"Immolate","floor":15,"key":"SMITH"}],"neow_cost":"NONE","seed_source_timestamp":1398036288830120,"circlet_count":0,"master_deck":["AscendersBane","Strike_R","Strike_R","Strike_R","Defend_R","Defend_R","Defend_R","Bash","Corruption","Thunderclap","Shrug It Off","Spot Weakness+1","Flex","Twin Strike","Anger","Immolate+1","Ghostly Armor"],"relics":["Burning Blood","NeowsBlessing","Dream Catcher","PreservedInsect","The Courier"],"potions_floor_usage":[10,16,16],"damage_taken":[{"damage":0,"enemies":"Jaw Worm","floor":1,"turns":1},{"damage":0,"enemies":"Small Slimes","floor":4,"turns":2},{"damage":0,"enemies":"Lagavulin","floor":6,"turns":1},{"damage":9,"enemies":"2 Louse","floor":7,"turns":3},{"damage":17,"enemies":"Lots of Slimes","floor":10,"turns":3},{"damage":0,"enemies":"Large Slime","floor":11,"turns":6},{"damage":9,"enemies":"3 Louse","floor":12,"turns":3},{"damage":18,"enemies":"Gremlin Nob","floor":14,"turns":3},{"damage":61,"enemies":"Slime Boss","floor":16,"turns":7}],"seed_played":"-4808691594204742274","potions_obtained":[{"floor":1,"key":"Explosive Potion"},{"floor":6,"key":"Energy Potion"},{"floor":10,"key":"EssenceOfSteel"}],"is_trial":false,"path_per_floor":["M","?","?","M","?","E","M","R","T","M","M","M","$","E","R","B"],"character_chosen":"IRONCLAD","items_purchased":["Immolate"],"campfire_rested":0,"item_purchase_floors":[13],"current_hp_per_floor":[78,67,67,73,73,79,76,76,76,65,71,68,68,56,56,0],"gold":196,"neow_bonus":"THREE_ENEMY_KILL","is_prod":false,"is_daily":false,"chose_seed":false,"campfire_upgraded":2,"win_rate":0,"timestamp":1554316340,"path_taken":["M","?","?","M","?","E","M","R","T","M","?","M","$","E","R","BOSS"],"build_version":"2019-01-23","purchased_purges":1,"victory":false,"max_hp_per_floor":[80,80,80,80,80,80,80,80,80,80,80,80,80,80,80,80],"card_choices":[{"not_picked":["Combust","Fire Breathing"],"picked":"Corruption","floor":1},{"not_picked":["Havoc","Armaments"],"picked":"Shrug It Off","floor":4},{"not_picked":["Infernal Blade","Sever Soul"],"picked":"Spot Weakness","floor":6},{"not_picked":["Second Wind","Spot Weakness"],"picked":"Flex","floor":7},{"not_picked":["Anger","Second Wind"],"picked":"Twin Strike","floor":10},{"not_picked":["Intimidate","Shrug It Off","Twin Strike"],"picked":"SKIP","floor":11},{"not_picked":["Sentinel","Searing Blow"],"picked":"Anger","floor":12},{"not_picked":["Corruption","Pommel Strike"],"picked":"Ghostly Armor","floor":14}],"player_experience":416765,"relics_obtained":[{"floor":6,"key":"Dream Catcher"},{"floor":9,"key":"PreservedInsect"},{"floor":14,"key":"The Courier"}],"event_choices":[{"damage_healed":0,"gold_gain":75,"player_choice":"Gather Gold","damage_taken":11,"max_hp_gain":0,"max_hp_loss":0,"event_name":"World of Goop","floor":2,"gold_loss":0},{"damage_healed":0,"gold_gain":0,"cards_transformed":["Strike_R"],"player_choice":"Change","damage_taken":0,"max_hp_gain":0,"max_hp_loss":0,"event_name":"Living Wall","floor":3,"gold_loss":0,"cards_obtained":["Thunderclap"]},{"cards_removed":["Defend_R"],"damage_healed":0,"gold_gain":0,"player_choice":"Offered Basic","damage_taken":0,"max_hp_gain":0,"max_hp_loss":0,"event_name":"Bonfire Elementals","floor":5,"gold_loss":0}],"is_beta":false,"boss_relics":[],"items_purged_floors":[13],"is_endless":false,"potions_floor_spawned":[1,6,10,12],"killed_by":"Slime Boss","ascension_level":12}