{"gold_per_floor":[115,115,135,147,160,160,180,180,204,11,40,40,59,75,75,173,173,184,199,218,218,218,218,232,232],"floor_reached":25,"playtime":1744,"items_purged":[],"score":207,"play_id":"b92c20c5-f1bd-4a11-9e08-f427cdfb363b","local_time":"20190429090607","is_ascension_mode":false,"campfire_choices":[{"floor":6.0,"key":"REST"},{"data":"Echo Form","floor":8.0,"key":"SMITH"},{"floor":15.0,"key":"REST"},{"data":"Rainbow","floor":23,"key":"SMITH"}],"neow_cost":"TEN_PERCENT_HP_LOSS","seed_source_timestamp":0,"circlet_count":0,"master_deck":["Strike_B","Strike_B","Defend_B","Defend_B+1","Defend_B","Defend_B","Zap","Dualcast","Echo Form+1","Gash","Turbo","Streamline","Barrage","Coolheaded+1","Buffer","Streamline","Auto Shields","Rainbow+1","Cold Snap+1","Chaos","Capacitor","Core Surge","White Noise"],"special_seed":0,"relics":["Cracked Core","GremlinMask","Regal Pillow","ClockworkSouvenir","War Paint","PreservedInsect","Black Star"],"potions_floor_usage":[],"damage_taken":[{"damage":12.0,"enemies":"Jaw Worm","floor":1.0,"turns":4.0},{"damage":0.0,"enemies":"Cultist","floor":3.0,"turns":3.0},{"damage":5.0,"enemies":"Small Slimes","floor":4.0,"turns":3.0},{"damage":3.0,"enemies":"2 Fungi Beasts","floor":5.0,"turns":3.0},{"damage":5.0,"enemies":"Looter","floor":7.0,"turns":3.0},{"damage":21.0,"enemies":"Gremlin Nob","floor":11.0,"turns":4.0},{"damage":0.0,"enemies":"Exordium Thugs","floor":13.0,"turns":4.0},{"damage":8.0,"enemies":"Gremlin Gang","floor":14.0,"turns":5.0},{"damage":29,"enemies":"The Guardian","floor":16,"turns":10},{"damage":36,"enemies":"3 Byrds","floor":18,"turns":6},{"damage":3,"enemies":"Chosen","floor":19,"turns":6},{"damage":6,"enemies":"Snecko","floor":20,"turns":6},{"damage":28,"enemies":"Shelled Parasite and Fungi","floor":24,"turns":10},{"damage":22,"enemies":"Slavers","floor":25,"turns":1}],"seed_played":"8943478995767942025","potions_obtained":[{"floor":1.0,"key":"Poison Potion"},{"floor":3.0,"key":"LiquidBronze"},{"floor":11.0,"key":"Fire Potion"},{"floor":16,"key":"SpeedPotion"},{"floor":19,"key":"Strength Potion"},{"floor":20,"key":"Strength Potion"}],"is_trial":false,"path_per_floor":["?","M","$","T","?","?"],"character_chosen":"DEFECT","items_purchased":["ClockworkSouvenir"],"campfire_rested":2,"item_purchase_floors":[10],"current_hp_per_floor":[56,56,56,51,48,68,63,63,63,63,42,42,42,34,68,39,68,32,29,23,23,45,45,17,0],"gold":232,"neow_bonus":"THREE_RARE_CARDS","is_prod":false,"is_daily":false,"chose_seed":false,"campfire_upgraded":2,"win_rate":0,"timestamp":1556543167,"path_taken":["M","?","?","M","M","R","M","R","T","?","E","?","M","M","R","BOSS","M","M","M","?","?","R","M","E"],"build_version":"2019-01-23","purchased_purges":0,"victory":false,"max_hp_per_floor":[68,68,68,68,68,68,68,68,68,68,68,68,68,68,68,68,68,68,68,68,68,68,68,68,68],"card_choices":[{"not_picked":["Electrodynamics","Seek"],"picked":"Echo Form","floor":0.0},{"not_picked":["Consume","Hologram"],"picked":"Gash","floor":1.0},{"not_picked":["Stack","Force Field"],"picked":"Turbo","floor":3.0},{"not_picked":["Turbo","Redo"],"picked":"Streamline","floor":4.0},{"not_picked":["Tempest","Stack"],"picked":"Barrage","floor":5.0},{"not_picked":["Turbo","Go for the Eyes"],"picked":"Coolheaded","floor":7.0},{"not_picked":["Reprogram","Steam"],"picked":"Buffer","floor":11.0},{"not_picked":["Hologram","Genetic Algorithm"],"picked":"Streamline","floor":13.0},{"not_picked":["Streamline","Leap"],"picked":"Auto Shields","floor":14.0},{"not_picked":["Thunder Strike","Multi-Cast"],"picked":"Rainbow","floor":16},{"not_picked":["Beam Cell+1","Rebound+1","Streamline"],"picked":"SKIP","floor":18},{"not_picked":["Genetic Algorithm+1","Stack"],"picked":"Cold Snap+1","floor":19},{"not_picked":["Turbo","Skim+1"],"picked":"Chaos","floor":20},{"not_picked":["Go for the Eyes+1","Compile Driver"],"picked":"White Noise","floor":24}],"player_experience":422751,"relics_obtained":[{"floor":9.0,"key":"Regal Pillow"},{"floor":11.0,"key":"War Paint"},{"floor":12.0,"key":"PreservedInsect"}],"event_choices":[{"damage_healed":0.0,"max_hp_gain":0.0,"max_hp_loss":0.0,"gold_gain":0.0,"event_name":"FaceTrader","player_choice":"Trade","floor":2.0,"gold_loss":0.0,"damage_taken":0.0,"relics_obtained":["GremlinMask"]},{"damage_healed":0,"gold_gain":0,"cards_transformed":["Strike_B","Strike_B"],"player_choice":"Became Test Subject","damage_taken":0,"max_hp_gain":0,"max_hp_loss":0,"event_name":"Drug Dealer","floor":21,"gold_loss":0,"cards_obtained":["Capacitor","Core Surge"]},{"damage_healed":22,"gold_gain":0,"player_choice":"Heal","damage_taken":0,"max_hp_gain":0,"max_hp_loss":0,"event_name":"The Library","floor":22,"gold_loss":0}],"is_beta":false,"boss_relics":[{"not_picked":["Runic Dome","Orrery"],"picked":"Black Star"}],"items_purged_floors":[],"is_endless":false,"potions_floor_spawned":[1,3,11,16,19,20],"killed_by":"Slavers","ascension_level":0}