{"gold_per_floor":[117,131,147,62,75,75,90,90,114,147,164,182,182,202,202,202],"floor_reached":16,"playtime":456,"items_purged":[],"score":196,"play_id":"19c0123e-a735-4ddd-9315-835d4b424dbd","local_time":"20190414002413","is_ascension_mode":true,"campfire_choices":[{"data":"Inflame","floor":6.0,"key":"SMITH"},{"data":"Sword Boomerang","floor":8.0,"key":"SMITH"},{"floor":13.0,"key":"REST"},{"floor":15,"key":"REST"}],"neow_cost":"NONE","seed_source_timestamp":0,"circlet_count":0,"master_deck":["AscendersBane","Strike_R","Strike_R","Strike_R","Strike_R","Strike_R","Defend_R","Defend_R","Defend_R","Defend_R","Bash","Purity","Sword Boomerang+1","Shrug It Off","Hemokinesis","Inflame+1","Pummel","Perfected Strike","Bludgeon"],"special_seed":0,"relics":["Burning Blood","Happy Flower","Centennial Puzzle"],"potions_floor_usage":[16],"damage_taken":[{"damage":14.0,"enemies":"Jaw Worm","floor":1.0,"turns":3.0},{"damage":22.0,"enemies":"Small Slimes","floor":2.0,"turns":4.0},{"damage":3.0,"enemies":"2 Louse","floor":3.0,"turns":4.0},{"damage":24.0,"enemies":"Lots of Slimes","floor":5.0,"turns":5.0},{"damage":3.0,"enemies":"Large Slime","floor":7.0,"turns":3.0},{"damage":20.0,"enemies":"Lagavulin","floor":10.0,"turns":5.0},{"damage":4.0,"enemies":"Looter","floor":11.0,"turns":2.0},{"damage":13.0,"enemies":"Exordium Thugs","floor":12.0,"turns":2.0},{"damage":28,"enemies":"Lots of Slimes","floor":14,"turns":4},{"damage":35,"enemies":"The Guardian","floor":16,"turns":7}],"seed_played":"855153648933333444","potions_obtained":[{"floor":1.0,"key":"Fire Potion"},{"floor":5.0,"key":"PowerPotion"},{"floor":12.0,"key":"LiquidBronze"}],"is_trial":false,"path_per_floor":["M","M","M","$","M","R","M","R","T","E","M","M","R","M","R","B"],"character_chosen":"IRONCLAD","items_purchased":["Inflame"],"campfire_rested":2,"item_purchase_floors":[4],"current_hp_per_floor":[60,44,47,47,29,29,32,32,32,18,20,13,35,13,35,0],"gold":202,"neow_bonus":"RANDOM_COLORLESS","is_prod":false,"is_daily":false,"chose_seed":false,"campfire_upgraded":2,"win_rate":0,"timestamp":1555169053,"path_taken":["M","M","M","$","M","R","M","R","T","E","M","M","R","M","R","BOSS"],"build_version":"2019-01-23","purchased_purges":0,"victory":false,"max_hp_per_floor":[75,75,75,75,75,75,75,75,75,75,75,75,75,75,75,75],"card_choices":[{"not_picked":["Corruption","True Grit"],"picked":"Sword Boomerang","floor":1.0},{"not_picked":["Sever Soul","Dropkick"],"picked":"Shrug It Off","floor":2.0},{"not_picked":["Body Slam","True Grit"],"picked":"Hemokinesis","floor":3.0},{"not_picked":["Evolve","Warcry"],"picked":"Pummel","floor":5.0},{"not_picked":["Clash","Sword Boomerang"],"picked":"Perfected Strike","floor":7.0},{"not_picked":["Rampage","Power Through"],"picked":"Bludgeon","floor":10.0},{"not_picked":["Rampage","Anger","Sever Soul"],"picked":"SKIP","floor":11.0},{"not_picked":["Headbutt","Sword Boomerang","Perfected Strike"],"picked":"SKIP","floor":12.0},{"not_picked":["Infernal Blade","Wild Strike","Body Slam"],"picked":"SKIP","floor":14}],"player_experience":446433,"relics_obtained":[{"floor":9.0,"key":"Happy Flower"},{"floor":10.0,"key":"Centennial Puzzle"}],"event_choices":[],"is_beta":false,"boss_relics":[],"items_purged_floors":[],"is_endless":false,"potions_floor_spawned":[1,5,7,11,12],"killed_by":"The Guardian","ascension_level":17}