{"gold_per_floor":[116,127,138,88,88,88,123,136,163,163,163,52,71,91,91,195,195,212,230,9,26,40,75,75,88,139,151,151,151,205,216,216,216],"floor_reached":33,"playtime":1999,"items_purged":["Sever Soul"],"score":296,"play_id":"f27a16d0-4e6a-4b8e-bc55-e7276f9b1206","local_time":"20190527151718","is_ascension_mode":false,"campfire_choices":[{"data":"Immolate","floor":6,"key":"SMITH"},{"data":"Evolve","floor":11,"key":"SMITH"},{"data":"Armaments","floor":15,"key":"SMITH"},{"data":"Feed","floor":24,"key":"SMITH"},{"data":"Immolate","floor":29,"key":"SMITH"},{"data":"Uppercut","floor":32,"key":"SMITH"}],"neow_cost":"PERCENT_DAMAGE","seed_source_timestamp":936919602918200,"circlet_count":0,"master_deck":["Defend_R","Defend_R","Defend_R","Defend_R","Bash","Immolate+1","Sever Soul","Evolve+1","Shockwave","Shrug It Off","Reckless Charge","Armaments+1","Shrug It Off","Feed+1","Uppercut+1","Immolate+1","Reckless Charge","True Grit+1","Bloodletting","Wild Strike+1","Battle Trance"],"relics":["Burning Blood","Anchor","Sozu","Juzu Bracelet","PreservedInsect","Potion Belt"],"potions_floor_usage":[7,21,33],"damage_taken":[{"damage":0,"enemies":"Small Slimes","floor":1,"turns":2},{"damage":9,"enemies":"Jaw Worm","floor":2,"turns":4},{"damage":1,"enemies":"Cultist","floor":3,"turns":3},{"damage":9,"enemies":"3 Sentries","floor":7,"turns":2},{"damage":0,"enemies":"2 Fungi Beasts","floor":8,"turns":2},{"damage":2,"enemies":"Exordium Thugs","floor":13,"turns":3},{"damage":4,"enemies":"Looter","floor":14,"turns":4},{"damage":38,"enemies":"The Guardian","floor":16,"turns":10},{"damage":2,"enemies":"Spheric Guardian","floor":18,"turns":5},{"damage":4,"enemies":"2 Thieves","floor":19,"turns":2},{"damage":10,"enemies":"Sentry and Sphere","floor":21,"turns":3},{"damage":0,"enemies":"Chosen and Byrds","floor":22,"turns":4},{"damage":43,"enemies":"Book of Stabbing","floor":23,"turns":5},{"damage":0,"enemies":"Centurion and Healer","floor":25,"turns":3},{"damage":17,"enemies":"Shelled Parasite and Fungi","floor":27,"turns":3},{"damage":16,"enemies":"Snecko","floor":31,"turns":4},{"damage":55,"enemies":"Champ","floor":33,"turns":9}],"seed_played":"-6331687041096218707","potions_obtained":[{"floor":2,"key":"Ancient Potion"},{"floor":3,"key":"Fruit Juice"},{"floor":7,"key":"PowerPotion"},{"floor":13,"key":"Fire Potion"}],"is_trial":false,"path_per_floor":["M","M","M","?","?","R","E","M","T","?","R","$","M","M","R","B",null,"M","M","$","M","M","E","R","M","T","M","?","R","T","M","R","B"],"character_chosen":"IRONCLAD","items_purchased":["Reckless Charge","Immolate","Reckless Charge"],"campfire_rested":0,"item_purchase_floors":[12,20,20],"current_hp_per_floor":[62,59,64,64,64,64,66,72,72,65,65,65,69,71,71,39,85,89,89,89,88,95,61,61,71,71,64,64,64,64,54,54,0],"gold":216,"neow_bonus":"TRANSFORM_TWO_CARDS","is_prod":false,"is_daily":false,"chose_seed":false,"campfire_upgraded":6,"win_rate":0,"timestamp":1558988238,"path_taken":["M","M","M","?","?","R","E","?","T","?","R","$","M","M","R","BOSS","M","M","$","M","M","E","R","M","T","M","?","R","?","M","R","BOSS"],"build_version":"2019-01-23","purchased_purges":1,"victory":false,"max_hp_per_floor":[80,80,80,80,80,80,85,85,85,85,85,85,85,85,85,85,85,89,89,89,92,95,98,98,102,102,106,106,106,106,106,106,106],"card_choices":[{"not_picked":["Wild Strike","Sword Boomerang"],"picked":"Evolve","floor":1},{"not_picked":["Iron Wave","Armaments","Rampage"],"picked":"SKIP","floor":2},{"not_picked":["Armaments","Pommel Strike"],"picked":"Shockwave","floor":3},{"not_picked":["Cleave","Rampage"],"picked":"Shrug It Off","floor":7},{"not_picked":["Corruption","Havoc","Sword Boomerang"],"picked":"SKIP","floor":8},{"not_picked":["Clothesline","True Grit"],"picked":"Armaments","floor":13},{"not_picked":["Clothesline","Heavy Blade"],"picked":"Shrug It Off","floor":14},{"not_picked":["Brutality","Limit Break"],"picked":"Feed","floor":16},{"not_picked":["Flex+1","Clothesline","Iron Wave"],"picked":"SKIP","floor":18},{"not_picked":["Twin Strike+1","Body Slam"],"picked":"Uppercut","floor":19},{"not_picked":["Body Slam","Thunderclap"],"picked":"True Grit+1","floor":21},{"not_picked":["Cleave+1","Clothesline"],"picked":"Bloodletting","floor":22},{"not_picked":["Shockwave","Perfected Strike"],"picked":"Wild Strike+1","floor":23},{"not_picked":["Carnage","Sentinel"],"picked":"Battle Trance","floor":25},{"not_picked":["Impervious","Anger+1","Pommel Strike"],"picked":"SKIP","floor":27},{"not_picked":["Sentinel","Fire Breathing","Combust"],"picked":"SKIP","floor":31}],"player_experience":273519,"relics_obtained":[{"floor":7,"key":"Anchor"},{"floor":23,"key":"Juzu Bracelet"},{"floor":26,"key":"PreservedInsect"},{"floor":30,"key":"Potion Belt"}],"event_choices":[{"cards_removed":["Strike_R"],"damage_healed":0,"gold_gain":0,"player_choice":"Card Removal","damage_taken":0,"max_hp_gain":0,"max_hp_loss":0,"event_name":"The Cleric","floor":4,"gold_loss":50},{"damage_healed":0,"gold_gain":0,"cards_transformed":["Strike_R"],"player_choice":"Transformed","damage_taken":0,"max_hp_gain":0,"max_hp_loss":0,"event_name":"Transmorgrifier","floor":5,"gold_loss":0,"cards_obtained":["Sever Soul"]},{"cards_removed":["Strike_R"],"damage_healed":0,"gold_gain":0,"player_choice":"Card Removal","damage_taken":7,"max_hp_gain":0,"max_hp_loss":0,"event_name":"Golden Wing","floor":10,"gold_loss":0},{"damage_healed":0,"gold_gain":0,"player_choice":"Ignored","damage_taken":0,"max_hp_gain":0,"max_hp_loss":0,"event_name":"Ghosts","floor":28,"gold_loss":0}],"is_beta":false,"boss_relics":[{"not_picked":["Snecko Eye","Black Star"],"picked":"Sozu"}],"items_purged_floors":[12],"is_endless":false,"potions_floor_spawned":[2,3,7,13,19,22,25],"killed_by":"Champ","ascension_level":0}