{"gold_per_floor":[118,43,55,71,83,83,102,102,102,137,31,31,44,60,60,137,137,147,147,165,183,198,198,198],"floor_reached":24,"playtime":688,"items_purged":["Strike_R"],"score":374,"play_id":"45ece3f8-a52f-4ff0-9f39-8f4a020d3e28","local_time":"20190409175904","is_ascension_mode":true,"campfire_choices":[{"data":"Body Slam","floor":6,"key":"SMITH"},{"data":"Sword Boomerang","floor":8,"key":"SMITH"},{"data":"True Grit","floor":15,"key":"SMITH"},{"floor":23,"key":"REST"}],"neow_cost":"NONE","seed_source_timestamp":242925308552460,"circlet_count":0,"master_deck":["AscendersBane","Strike_R","Strike_R","Strike_R","Strike_R","Defend_R","Defend_R","Defend_R","Defend_R","Bash","Body Slam+1","Spot Weakness","Sword Boomerang+1","Flame Barrier","Berserk","Shrug It Off","Heavy Blade","True Grit+1","Feed","Battle Trance","Shrug It Off","Entrench+1"],"relics":["Burning Blood","Smiling Mask","Mercury Hourglass","Ornamental Fan","Sozu"],"potions_floor_usage":[5,10,16],"damage_taken":[{"damage":6,"enemies":"Cultist","floor":1,"turns":3},{"damage":14,"enemies":"Jaw Worm","floor":3,"turns":4},{"damage":10,"enemies":"Small Slimes","floor":4,"turns":3},{"damage":13,"enemies":"Red Slaver","floor":5,"turns":3},{"damage":26,"enemies":"Large Slime","floor":7,"turns":6},{"damage":22,"enemies":"3 Sentries","floor":10,"turns":4},{"damage":2,"enemies":"3 Louse","floor":13,"turns":2},{"damage":0,"enemies":"2 Fungi Beasts","floor":14,"turns":3},{"damage":20,"enemies":"Hexaghost","floor":16,"turns":9},{"damage":3,"enemies":"3 Byrds","floor":18,"turns":4},{"damage":27,"enemies":"Shell Parasite","floor":20,"turns":4},{"damage":26,"enemies":"Snake Plant","floor":21,"turns":4},{"damage":20,"enemies":"Snecko","floor":22,"turns":8},{"damage":50,"enemies":"3 Cultists","floor":24,"turns":5}],"seed_played":"-623642433592680082","potions_obtained":[{"floor":3,"key":"AttackPotion"},{"floor":4,"key":"Weak Potion"},{"floor":7,"key":"SteroidPotion"},{"floor":13,"key":"AttackPotion"}],"is_trial":false,"path_per_floor":["M","$","M","M","M","R","M","R","T","E","$","?","M","M","R","B",null,"M","?","M","M","M","R","M"],"character_chosen":"IRONCLAD","items_purchased":["Spot Weakness","Shrug It Off"],"campfire_rested":1,"item_purchase_floors":[2,11],"current_hp_per_floor":[68,68,60,56,49,49,29,29,29,13,13,13,17,23,23,9,59,62,62,44,24,13,37,0],"gold":198,"neow_bonus":"RANDOM_COMMON_RELIC","is_prod":false,"is_daily":false,"chose_seed":false,"campfire_upgraded":3,"win_rate":0,"timestamp":1554800344,"path_taken":["M","$","M","M","M","R","M","R","T","E","$","?","M","M","R","BOSS","M","?","M","M","?","R","?"],"build_version":"2019-01-23","purchased_purges":1,"victory":false,"max_hp_per_floor":[75,75,75,75,75,75,75,75,75,75,75,75,75,75,75,75,75,75,75,78,78,81,81,84],"card_choices":[{"not_picked":["Twin Strike","Armaments"],"picked":"Body Slam","floor":1},{"not_picked":["Pommel Strike","Headbutt"],"picked":"Sword Boomerang","floor":3},{"not_picked":["Clash","Blood for Blood","Power Through"],"picked":"SKIP","floor":4},{"not_picked":["Sword Boomerang","Second Wind"],"picked":"Flame Barrier","floor":5},{"not_picked":["Pommel Strike","Entrench"],"picked":"Berserk","floor":7},{"not_picked":["Searing Blow","Blood for Blood","Feel No Pain"],"picked":"SKIP","floor":10},{"not_picked":["Shrug It Off","Headbutt"],"picked":"Heavy Blade","floor":13},{"not_picked":["Body Slam","Pommel Strike"],"picked":"True Grit","floor":14},{"not_picked":["Brutality","Dark Embrace"],"picked":"Feed","floor":16},{"not_picked":["Flex","Blood for Blood"],"picked":"Battle Trance","floor":18},{"not_picked":["Fire Breathing","Headbutt+1","Anger+1"],"picked":"SKIP","floor":20},{"not_picked":["Fire Breathing","Iron Wave"],"picked":"Shrug It Off","floor":21},{"not_picked":["Rupture","Anger"],"picked":"Entrench+1","floor":22}],"player_experience":443464,"relics_obtained":[{"floor":9,"key":"Mercury Hourglass"},{"floor":10,"key":"Ornamental Fan"}],"event_choices":[{"damage_healed":0,"gold_gain":0,"player_choice":"Ignored","damage_taken":0,"max_hp_gain":0,"max_hp_loss":0,"event_name":"Liars Game","floor":12,"gold_loss":0},{"damage_healed":0,"gold_gain":0,"player_choice":"Got Potions","damage_taken":0,"max_hp_gain":0,"max_hp_loss":0,"event_name":"Lab","floor":19,"gold_loss":0}],"is_beta":false,"boss_relics":[{"not_picked":["Tiny House","Astrolabe"],"picked":"Sozu"}],"items_purged_floors":[11],"is_endless":false,"potions_floor_spawned":[3,4,7,13,21],"killed_by":"3 Cultists","ascension_level":17}