{"gold_per_floor":[10,25,45,56,56,69,85,96,119,139,139,159,187,207,207,304,304,320,320,332,90,90],"floor_reached":22,"playtime":1019,"items_purged":[],"score":262,"play_id":"8a3a4453-0935-455d-9930-5f88f820e0f8","local_time":"20190402032124","is_ascension_mode":true,"campfire_choices":[{"data":"Fiend Fire","floor":11.0,"key":"SMITH"},{"data":"Disarm","floor":15.0,"key":"SMITH"}],"neow_cost":"NO_GOLD","seed_source_timestamp":1223704070495449,"circlet_count":0,"master_deck":["Bash","Body Slam","Feel No Pain","Wild Strike","Second Wind","Iron Wave","True Grit","Disarm+1","Fiend Fire+1","Havoc","Feed","Bloodletting","Juggernaut","Clash","Juggernaut","Double Tap","Limit Break","Warcry","Reaper","Shrug It Off","Bloodletting","Seeing Red","Entrench","Armaments","Power Through"],"special_seed":0,"relics":["Burning Blood","Dead Branch","Dream Catcher","Blood Vial","Oddly Smooth Stone","Pandora\u0027s Box","ClockworkSouvenir"],"potions_floor_usage":[],"damage_taken":[{"damage":5.0,"enemies":"Small Slimes","floor":1.0,"turns":4.0},{"damage":11.0,"enemies":"Cultist","floor":2.0,"turns":4.0},{"damage":9.0,"enemies":"Jaw Worm","floor":3.0,"turns":4.0},{"damage":16.0,"enemies":"Red Slaver","floor":4.0,"turns":6.0},{"damage":34.0,"enemies":"Lots of Slimes","floor":6.0,"turns":7.0},{"damage":11.0,"enemies":"Blue Slaver","floor":7.0,"turns":5.0},{"damage":4.0,"enemies":"Red Slaver","floor":8.0,"turns":4.0},{"damage":7.0,"enemies":"Large Slime","floor":10.0,"turns":6.0},{"damage":0.0,"enemies":"2 Fungi Beasts","floor":12.0,"turns":4.0},{"damage":11.0,"enemies":"3 Sentries","floor":13.0,"turns":9.0},{"damage":4.0,"enemies":"Exordium Thugs","floor":14.0,"turns":4.0},{"damage":32.0,"enemies":"The Guardian","floor":16.0,"turns":13.0},{"damage":6.0,"enemies":"Chosen","floor":18.0,"turns":5.0},{"damage":25.0,"enemies":"Shell Parasite","floor":20.0,"turns":8.0},{"damage":48,"enemies":"Shelled Parasite and Fungi","floor":22,"turns":5}],"seed_played":"-8012113162684816643","potions_obtained":[{"floor":1.0,"key":"GamblersBrew"},{"floor":2.0,"key":"Swift Potion"},{"floor":3.0,"key":"Weak Potion"},{"floor":10.0,"key":"PowerPotion"},{"floor":18.0,"key":"Regen Potion"}],"is_trial":false,"path_per_floor":["M","M","M","M","?","M","M","M","T","M","R","M","E","M","R","B",null,"M","?","M","$","M"],"character_chosen":"IRONCLAD","items_purchased":["Power Through","ClockworkSouvenir"],"campfire_rested":0,"item_purchase_floors":[21,21],"current_hp_per_floor":[73,68,65,55,55,27,22,24,24,25,25,33,30,34,34,10,63,69,54,37,37,0],"gold":90,"neow_bonus":"ONE_RARE_RELIC","is_prod":false,"is_daily":false,"chose_seed":false,"campfire_upgraded":2,"win_rate":0,"timestamp":1554142884,"path_taken":["M","M","M","M","?","?","M","?","T","M","R","M","E","?","R","BOSS","M","?","M","$","M"],"build_version":"2019-01-23","purchased_purges":0,"victory":false,"max_hp_per_floor":[80,80,80,80,80,80,80,80,80,80,80,80,80,80,80,80,80,80,85,85,85,85],"card_choices":[{"not_picked":["Reckless Charge","Flex"],"picked":"Body Slam","floor":1.0},{"not_picked":["Clash","Pummel"],"picked":"Feel No Pain","floor":2.0},{"not_picked":["Cleave","Burning Pact"],"picked":"Wild Strike","floor":3.0},{"not_picked":["Shrug It Off","Whirlwind"],"picked":"Second Wind","floor":4.0},{"not_picked":["Thunderclap","Clothesline"],"picked":"Iron Wave","floor":6.0},{"not_picked":["Armaments","Intimidate"],"picked":"True Grit","floor":7.0},{"not_picked":["Twin Strike","Clothesline"],"picked":"Disarm","floor":8.0},{"not_picked":["Fire Breathing","Intimidate"],"picked":"Fiend Fire","floor":10.0},{"not_picked":["Rupture","Iron Wave"],"picked":"Havoc","floor":12.0},{"not_picked":["Intimidate","Reckless Charge"],"picked":"Feed","floor":13.0},{"not_picked":["Perfected Strike","Clash"],"picked":"Bloodletting","floor":14.0},{"not_picked":["Demon Form","Feed"],"picked":"Juggernaut","floor":16.0},{"not_picked":["Pommel Strike","Twin Strike"],"picked":"Entrench","floor":18.0},{"not_picked":["Anger","Body Slam"],"picked":"Armaments","floor":20.0}],"player_experience":395721,"relics_obtained":[{"floor":5.0,"key":"Dream Catcher"},{"floor":9.0,"key":"Blood Vial"},{"floor":13.0,"key":"Oddly Smooth Stone"}],"event_choices":[{"damage_healed":0.0,"max_hp_gain":0.0,"max_hp_loss":0.0,"gold_gain":0.0,"event_name":"Wheel of Change","player_choice":"Relic","floor":5.0,"gold_loss":0.0,"damage_taken":0.0},{"damage_healed":0.0,"max_hp_gain":5.0,"max_hp_loss":0.0,"gold_gain":0.0,"event_name":"Forgotten Altar","player_choice":"Shed Blood","floor":19.0,"gold_loss":0.0,"damage_taken":20.0}],"is_beta":false,"boss_relics":[{"not_picked":["Cursed Key","Busted Crown"],"picked":"Pandora\u0027s Box"}],"items_purged_floors":[],"is_endless":false,"potions_floor_spawned":[1,2,3,6,10,12,18],"killed_by":"Shelled Parasite and Fungi","ascension_level":7}