{"gold_per_floor":[117,131,141,160,160,160,174,174,174,174,174,193,193,218,218,341,341,357,377,377,377,395,395],"floor_reached":23,"playtime":1532,"items_purged":[],"score":283,"play_id":"8e6933ea-d4b3-451c-b3d2-89d76c36c410","local_time":"20190601083010","is_ascension_mode":false,"campfire_choices":[{"data":"Biased Cognition","floor":6,"key":"SMITH"},{"floor":11,"key":"REST"},{"data":"Zap","floor":15,"key":"SMITH"}],"neow_cost":"","seed_source_timestamp":0,"circlet_count":0,"master_deck":["Strike_B","Strike_B","Strike_B","Strike_B","Defend_B","Defend_B","Defend_B","Defend_B","Zap+1","Dualcast","Skim","Chill","Chaos+1","Biased Cognition+1","Coolheaded","Injury","Rainbow+1","Double Energy","Consume+1","RitualDagger","Loop"],"relics":["Cracked Core","Cables","Golden Idol","Happy Flower","Runic Pyramid"],"potions_floor_usage":[12,16,22,22],"damage_taken":[{"damage":0,"enemies":"Small Slimes","floor":1,"turns":4},{"damage":0,"enemies":"2 Louse","floor":2,"turns":2},{"damage":7,"enemies":"Cultist","floor":3,"turns":4},{"damage":3,"enemies":"Looter","floor":4,"turns":4},{"damage":11,"enemies":"Exordium Wildlife","floor":7,"turns":3},{"damage":4,"enemies":"Exordium Thugs","floor":12,"turns":3},{"damage":29,"enemies":"The Guardian","floor":16,"turns":13},{"damage":3,"enemies":"Chosen","floor":18,"turns":3},{"damage":5,"enemies":"3 Byrds","floor":19,"turns":5},{"damage":3,"enemies":"Snecko","floor":22,"turns":5},{"damage":60,"enemies":"Slavers","floor":23,"turns":7}],"seed_played":"2260899549118097968","potions_obtained":[{"floor":1,"key":"LiquidBronze"},{"floor":7,"key":"GamblersBrew"},{"floor":16,"key":"GamblersBrew"},{"floor":19,"key":"GamblersBrew"}],"is_trial":true,"path_per_floor":["?","?","?","?","T","?","?"],"character_chosen":"DEFECT","items_purchased":[],"campfire_rested":1,"item_purchase_floors":[],"current_hp_per_floor":[75,75,68,65,65,65,54,42,42,42,64,60,60,60,60,31,75,72,67,61,61,58,0],"gold":395,"neow_bonus":"","is_prod":false,"is_daily":false,"chose_seed":false,"campfire_upgraded":2,"win_rate":0,"timestamp":1559392210,"path_taken":["M","M","M","M","?","R","M","?","T","?","R","M","?","?","R","BOSS","M","M","?","?","M","E"],"build_version":"2019-01-23","purchased_purges":0,"victory":false,"max_hp_per_floor":[75,75,75,75,75,75,75,75,75,75,75,75,75,75,75,75,75,75,75,75,75,75,75],"card_choices":[{"not_picked":["Compile Driver","Redo"],"picked":"Skim","floor":1},{"not_picked":["Lockon","Streamline"],"picked":"Chill","floor":2},{"not_picked":["Redo","Streamline"],"picked":"Chaos","floor":3},{"not_picked":["Redo","Hologram"],"picked":"Biased Cognition","floor":4},{"not_picked":["Rebound","Barrage","Sweeping Beam"],"picked":"SKIP","floor":7},{"not_picked":["Hologram","Reinforced Body"],"picked":"Coolheaded","floor":12},{"not_picked":["Multi-Cast","Reboot"],"picked":"Rainbow","floor":16},{"not_picked":["Hologram","Redo+1"],"picked":"Double Energy","floor":18},{"not_picked":["Melter","Leap"],"picked":"Consume+1","floor":19},{"not_picked":["Doom and Gloom","Darkness"],"picked":"Loop","floor":22}],"player_experience":579259,"relics_obtained":[{"floor":9,"key":"Cables"},{"floor":14,"key":"Happy Flower"}],"event_choices":[{"damage_healed":0,"gold_gain":0,"player_choice":"Grow","damage_taken":0,"max_hp_gain":0,"max_hp_loss":0,"event_name":"Living Wall","floor":5,"gold_loss":0,"cards_upgraded":["Chaos"]},{"damage_healed":0,"gold_gain":0,"player_choice":"Fled","damage_taken":12,"max_hp_gain":0,"max_hp_loss":0,"event_name":"Scrap Ooze","floor":8,"gold_loss":0},{"damage_healed":0,"gold_gain":0,"player_choice":"Ignored","damage_taken":0,"max_hp_gain":0,"max_hp_loss":0,"event_name":"Shining Light","floor":10,"gold_loss":0},{"damage_healed":0,"gold_gain":0,"player_choice":"Take Wound","damage_taken":0,"relics_obtained":["Golden Idol"],"max_hp_gain":0,"max_hp_loss":0,"event_name":"Golden Idol","floor":13,"gold_loss":0,"cards_obtained":["Injury"]},{"damage_healed":0,"gold_gain":0,"player_choice":"Joined the Cult","damage_taken":6,"max_hp_gain":0,"max_hp_loss":0,"event_name":"Nest","floor":20,"gold_loss":0,"cards_obtained":["RitualDagger"]},{"damage_healed":0,"gold_gain":0,"player_choice":"Upgraded","damage_taken":0,"max_hp_gain":0,"max_hp_loss":0,"event_name":"Upgrade Shrine","floor":21,"gold_loss":0,"cards_upgraded":["Rainbow"]}],"is_beta":false,"boss_relics":[{"not_picked":["Runic Dome","Astrolabe"],"picked":"Runic Pyramid"}],"items_purged_floors":[],"is_endless":true,"potions_floor_spawned":[1,7,16,19],"killed_by":"Slavers","ascension_level":0}