{"gold_per_floor":[113,113,126,136,311,311,335,361,411,441,441,474,29,129,129,232,232,246,263,263,277,289,317,328,328],"floor_reached":25,"playtime":1874,"items_purged":["Regret"],"score":411,"play_id":"e6168755-5cfd-461e-8bb8-e9ec34e7898f","local_time":"20190601093905","is_ascension_mode":true,"campfire_choices":[{"data":"Zap","floor":6.0,"key":"SMITH"},{"data":"Dualcast","floor":11.0,"key":"SMITH"},{"floor":15.0,"key":"REST"}],"neow_cost":"NONE","seed_source_timestamp":1142601474220496,"circlet_count":0,"master_deck":["AscendersBane","Strike_B","Strike_B","Strike_B","Strike_B","Defend_B","Defend_B","Defend_B+1","Defend_B+1","Zap+1","Dualcast+1","Doom and Gloom","Chill","Coolheaded","Compile Driver","Redo+1","Hologram+1","Panacea+1","Electrodynamics","White Noise+1","Consume+1","Darkness+1","Leap+1"],"special_seed":0,"relics":["Cracked Core","Bronze Scales","Strawberry","Pear","Anchor","Toxic Egg 2","Vajra","OrangePellets","Velvet Choker","War Paint"],"potions_floor_usage":[],"damage_taken":[{"damage":1.0,"enemies":"2 Louse","floor":1.0,"turns":3.0},{"damage":10.0,"enemies":"Jaw Worm","floor":3.0,"turns":4.0},{"damage":8.0,"enemies":"Small Slimes","floor":4.0,"turns":3.0},{"damage":35.0,"enemies":"Gremlin Nob","floor":8.0,"turns":4.0},{"damage":12.0,"enemies":"Lagavulin","floor":10.0,"turns":7.0},{"damage":22.0,"enemies":"Gremlin Nob","floor":12.0,"turns":4.0},{"damage":37.0,"enemies":"Slime Boss","floor":16.0,"turns":8.0},{"damage":10.0,"enemies":"2 Thieves","floor":18.0,"turns":3.0},{"damage":1.0,"enemies":"Spheric Guardian","floor":19.0,"turns":3.0},{"damage":11.0,"enemies":"Centurion and Healer","floor":21.0,"turns":3.0},{"damage":24.0,"enemies":"Snake Plant","floor":22.0,"turns":3.0},{"damage":12.0,"enemies":"Book of Stabbing","floor":23.0,"turns":6.0},{"damage":10,"enemies":"Snecko","floor":24,"turns":4},{"damage":17,"enemies":"Slavers","floor":25,"turns":2}],"seed_played":"-1553218000996658886","potions_obtained":[{"floor":1.0,"key":"Energy Potion"},{"floor":4.0,"key":"Explosive Potion"},{"floor":10.0,"key":"LiquidBronze"},{"floor":18.0,"key":"AttackPotion"},{"floor":22.0,"key":"Fire Potion"},{"floor":23,"key":"Dexterity Potion"}],"is_trial":false,"path_per_floor":["M","?","M","M","?","R","T","E","T","E","R","E","$","?","R","B",null,"M","M","?","M","M","E","M","E"],"character_chosen":"DEFECT","items_purchased":["OrangePellets","Panacea+1","Regen Potion"],"campfire_rested":1,"item_purchase_floors":[13,13,13],"current_hp_per_floor":[74,74,64,56,56,56,63,38,38,26,26,4,4,4,33,11,77,67,66,66,55,31,19,9,0],"gold":328,"neow_bonus":"TEN_PERCENT_HP_BONUS","is_prod":false,"is_daily":false,"chose_seed":false,"campfire_upgraded":2,"win_rate":0,"timestamp":1559362145,"path_taken":["M","?","M","M","?","R","?","E","T","E","R","E","?","?","R","BOSS","M","M","?","M","?","E","M","E"],"build_version":"2019-01-23","purchased_purges":1,"victory":false,"max_hp_per_floor":[82,82,82,82,82,82,89,99,99,99,99,99,99,99,99,99,99,99,99,99,99,99,99,99,99],"card_choices":[{"not_picked":["Static Discharge","Streamline"],"picked":"Doom and Gloom","floor":1.0},{"not_picked":["Chaos","Turbo"],"picked":"Chill","floor":3.0},{"not_picked":["Steam Power","Barrage"],"picked":"Coolheaded","floor":4.0},{"not_picked":["Barrage","Double Energy"],"picked":"Compile Driver","floor":8.0},{"not_picked":["Tempest","Recycle"],"picked":"Redo","floor":10.0},{"not_picked":["Compile Driver","Reprogram+1"],"picked":"Hologram+1","floor":12.0},{"not_picked":["Fission+1","Seek+1"],"picked":"Electrodynamics","floor":16.0},{"not_picked":["Ball Lightning","Beam Cell"],"picked":"White Noise+1","floor":18.0},{"not_picked":["Steam Power+1","Sweeping Beam"],"picked":"Consume+1","floor":19.0},{"not_picked":["Stack+1","Go for the Eyes+1"],"picked":"Darkness+1","floor":21.0},{"not_picked":["Storm","Chill+1"],"picked":"Leap+1","floor":22.0},{"not_picked":["Static Discharge","Stack+1","Rebound"],"picked":"SKIP","floor":23},{"not_picked":["Barrage+1","FTL","Streamline"],"picked":"SKIP","floor":24}],"player_experience":1036518,"relics_obtained":[{"floor":7.0,"key":"Strawberry"},{"floor":8.0,"key":"Pear"},{"floor":9.0,"key":"Anchor"},{"floor":10.0,"key":"Toxic Egg 2"},{"floor":12.0,"key":"Vajra"},{"floor":23,"key":"War Paint"}],"event_choices":[{"damage_healed":0.0,"max_hp_gain":0.0,"max_hp_loss":0.0,"gold_gain":0.0,"event_name":"Big Fish","player_choice":"Box","floor":2.0,"gold_loss":0.0,"damage_taken":0.0,"relics_obtained":["Bronze Scales"],"cards_obtained":["Regret"]},{"damage_healed":0.0,"max_hp_gain":0.0,"max_hp_loss":0.0,"gold_gain":175.0,"event_name":"Liars Game","player_choice":"AGREE","floor":5.0,"gold_loss":0.0,"damage_taken":0.0,"cards_obtained":["Doubt"]},{"damage_healed":0.0,"max_hp_gain":0.0,"max_hp_loss":0.0,"gold_gain":100.0,"event_name":"Golden Shrine","player_choice":"Pray","floor":14.0,"gold_loss":0.0,"damage_taken":0.0},{"cards_removed":["Doubt"],"damage_healed":0.0,"max_hp_gain":0.0,"max_hp_loss":0.0,"gold_gain":0.0,"event_name":"Purifier","player_choice":"Purged","floor":20.0,"gold_loss":0.0,"damage_taken":0.0}],"is_beta":false,"boss_relics":[{"not_picked":["Black Star","Eternal Feather"],"picked":"Velvet Choker"}],"items_purged_floors":[13],"is_endless":false,"potions_floor_spawned":[1,4,8,10,18,22,23],"killed_by":"Slavers","ascension_level":12}