{"gold_per_floor":[113,188,208,30,30,57,57,75,75,92,92,17,33,46,46,150,150,170,181,194,210,210],"floor_reached":22,"playtime":2073,"items_purged":[],"score":240,"play_id":"8d94ecea-7f82-46c8-862f-f2b7d4459e24","local_time":"20190216212424","is_ascension_mode":false,"campfire_choices":[{"floor":7,"key":"REST"},{"floor":15,"key":"REST"}],"neow_cost":"CURSE","seed_source_timestamp":345661998777616,"circlet_count":0,"master_deck":["Defend_G","Defend_G","Defend_G","Defend_G","Strike_G","Strike_G","Strike_G+1","Strike_G","Survivor","Neutralize+1","Parasite","Phantasmal Killer","Outmaneuver","Quick Slash","Heel Hook","Footwork","Cloak And Dagger","Poisoned Stab","Dodge and Roll","Riddle With Holes","Noxious Fumes+1","PiercingWail","Well Laid Plans","Flying Knee","Poisoned Stab","Wraith Form v2","PiercingWail+1","Dagger Spray+1","Caltrops","Predator"],"relics":["Ring of the Snake","Mercury Hourglass","Whetstone","HoveringKite"],"potions_floor_usage":[],"damage_taken":[{"damage":0,"enemies":"Small Slimes","floor":1,"turns":4},{"damage":1,"enemies":"2 Louse","floor":3,"turns":3},{"damage":25,"enemies":"3 Sentries","floor":6,"turns":12},{"damage":0,"enemies":"Cultist","floor":8,"turns":3},{"damage":14,"enemies":"Gremlin Gang","floor":10,"turns":4},{"damage":7,"enemies":"2 Fungi Beasts","floor":13,"turns":3},{"damage":0,"enemies":"Red Slaver","floor":14,"turns":2},{"damage":0,"enemies":"Slime Boss","floor":16,"turns":9},{"damage":23,"enemies":"Shell Parasite","floor":18,"turns":6},{"damage":13,"enemies":"3 Byrds","floor":19,"turns":4},{"damage":2,"enemies":"Snecko","floor":20,"turns":5},{"damage":34,"enemies":"Centurion and Healer","floor":21,"turns":7},{"damage":0,"enemies":"Shelled Parasite and Fungi","floor":22,"turns":1}],"seed_played":"2890626401912263321","potions_obtained":[{"floor":3,"key":"Block Potion"},{"floor":8,"key":"Fire Potion"},{"floor":14,"key":"Weak Potion"}],"is_trial":false,"path_per_floor":["?","?","?","M","M"],"character_chosen":"THE_SILENT","items_purchased":["Footwork","Cloak And Dagger","Poisoned Stab","Dodge and Roll","Well Laid Plans"],"campfire_rested":2,"item_purchase_floors":[4,4,4,4,12],"current_hp_per_floor":[70,59,58,58,63,38,60,60,60,46,46,46,39,39,61,61,75,52,39,37,3,3],"gold":210,"neow_bonus":"TRANSFORM_TWO_CARDS","is_prod":false,"is_daily":false,"chose_seed":false,"campfire_upgraded":0,"win_rate":0.0,"timestamp":1550370264,"path_taken":["M","?","M","$","?","E","R","M","T","M","?","$","M","?","R","BOSS","M","M","M","?","M"],"build_version":"2019-01-23","purchased_purges":0,"victory":false,"max_hp_per_floor":[70,70,70,70,75,75,75,75,75,75,75,75,75,75,75,75,75,75,75,75,75,75],"card_choices":[{"not_picked":["Distraction","Blade Dance"],"picked":"Quick Slash","floor":1},{"not_picked":["Cloak And Dagger","Distraction"],"picked":"Heel Hook","floor":3},{"not_picked":["Calculated Gamble","Eviscerate"],"picked":"Riddle With Holes","floor":6},{"not_picked":["Accuracy","Leg Sweep"],"picked":"Noxious Fumes","floor":8},{"not_picked":["Dagger Spray","Deadly Poison"],"picked":"PiercingWail","floor":10},{"not_picked":["Backflip","Crippling Poison"],"picked":"Flying Knee","floor":13},{"not_picked":["Deadly Poison","Dagger Spray"],"picked":"Poisoned Stab","floor":14},{"not_picked":["After Image","Tools of the Trade"],"picked":"Wraith Form v2","floor":16},{"not_picked":["Reflex+1","Tactician"],"picked":"PiercingWail+1","floor":18},{"not_picked":["Bane+1","Deadly Poison"],"picked":"Dagger Spray+1","floor":19},{"not_picked":["Expertise","Cloak And Dagger+1"],"picked":"Caltrops","floor":20},{"not_picked":["Slice","Riddle With Holes"],"picked":"Predator","floor":21}],"player_experience":55915,"relics_obtained":[{"floor":6,"key":"Mercury Hourglass"},{"floor":9,"key":"Whetstone"}],"event_choices":[{"damage_healed":0,"gold_gain":75,"player_choice":"Gather Gold","damage_taken":11,"max_hp_gain":0,"max_hp_loss":0,"event_name":"World of Goop","floor":2,"gold_loss":0},{"damage_healed":0,"gold_gain":0,"player_choice":"Donut","damage_taken":0,"max_hp_gain":5,"max_hp_loss":0,"event_name":"Big Fish","floor":5,"gold_loss":0},{"damage_healed":0,"gold_gain":0,"player_choice":"Upgraded","damage_taken":0,"max_hp_gain":0,"max_hp_loss":0,"event_name":"Upgrade Shrine","floor":11,"gold_loss":0,"cards_upgraded":["Noxious Fumes"]}],"is_beta":false,"boss_relics":[{"not_picked":["White Beast Statue","Busted Crown"],"picked":"HoveringKite"}],"items_purged_floors":[],"is_endless":false,"potions_floor_spawned":[3,8,14,19,21],"killed_by":"Shelled Parasite and Fungi","ascension_level":0}