{"gold_per_floor":[118,118,118,130,142,168,23,57,57,68,68,78,78,90,90,191,191,210,228,245,245,264,290,320,320,350,380,400,21,56,68,68,170,170,181,35,35,35,45,45,78,78,101,136,136],"floor_reached":45,"playtime":8148,"items_purged":["Parasite"],"score":568,"play_id":"1ae750a1-290a-4fb8-b6a8-42a33f223dde","local_time":"20190514030123","is_ascension_mode":false,"campfire_choices":[{"data":"True Grit","floor":11.0,"key":"SMITH"},{"data":"Entrench","floor":13.0,"key":"SMITH"},{"data":"Shockwave","floor":15.0,"key":"SMITH"},{"data":"Limit Break","floor":25.0,"key":"SMITH"},{"data":"Metallicize","floor":32.0,"key":"SMITH"},{"data":"Barricade","floor":40,"key":"SMITH"},{"data":"Sword Boomerang","floor":42,"key":"SMITH"}],"neow_cost":"NONE","seed_source_timestamp":386505714156144,"circlet_count":0,"master_deck":["Defend_R","Defend_R+1","Defend_R","Defend_R","Bash","Blood for Blood+1","Demon Form+1","Infernal Blade+1","Shrug It Off+1","Iron Wave","True Grit+1","Shockwave+1","Entrench+1","Shrug It Off","Dual Wield","Spot Weakness","Metallicize+1","Sword Boomerang+1","Metallicize","Heavy Blade+1","Flame Barrier+1","Limit Break+1","True Grit+1","Disarm+1","Barricade+1","Shrug It Off+1","Whirlwind","Feed","Ghostly Armor+1","Clumsy","Sword Boomerang"],"special_seed":0,"relics":["Astrolabe","Red Skull","Blood Vial","Torii","Matryoshka","Cursed Key","Happy Flower","Boot","Red Mask","Tiny Chest","Toxic Egg 2","Gremlin Horn","HandDrill","War Paint","Mercury Hourglass","Velvet Choker","Regal Pillow","Strawberry","Bottled Lightning"],"potions_floor_usage":[41,41],"damage_taken":[{"damage":5.0,"enemies":"2 Louse","floor":1.0,"turns":3.0},{"damage":5.0,"enemies":"Small Slimes","floor":4.0,"turns":5.0},{"damage":0.0,"enemies":"Cultist","floor":5.0,"turns":3.0},{"damage":5.0,"enemies":"Gremlin Nob","floor":6.0,"turns":3.0},{"damage":34.0,"enemies":"3 Sentries","floor":8.0,"turns":9.0},{"damage":0.0,"enemies":"Large Slime","floor":10.0,"turns":4.0},{"damage":1.0,"enemies":"Lots of Slimes","floor":12.0,"turns":6.0},{"damage":0.0,"enemies":"2 Fungi Beasts","floor":14.0,"turns":4.0},{"damage":6.0,"enemies":"Hexaghost","floor":16.0,"turns":8.0},{"damage":6.0,"enemies":"3 Byrds","floor":18.0,"turns":7.0},{"damage":2.0,"enemies":"2 Thieves","floor":19.0,"turns":5.0},{"damage":7.0,"enemies":"Snake Plant","floor":20.0,"turns":7.0},{"damage":8.0,"enemies":"Cultist and Chosen","floor":22.0,"turns":6.0},{"damage":23.0,"enemies":"Slavers","floor":23.0,"turns":9.0},{"damage":13.0,"enemies":"Masked Bandits","floor":24.0,"turns":4.0},{"damage":7.0,"enemies":"Gremlin Leader","floor":27.0,"turns":5.0},{"damage":2.0,"enemies":"Centurion and Healer","floor":28.0,"turns":6.0},{"damage":19.0,"enemies":"Slavers","floor":30.0,"turns":7.0},{"damage":1.0,"enemies":"3 Cultists","floor":31.0,"turns":6.0},{"damage":11,"enemies":"Champ","floor":33,"turns":7},{"damage":9,"enemies":"Orb Walker","floor":35,"turns":7},{"damage":0,"enemies":"3 Shapes","floor":39,"turns":4},{"damage":31,"enemies":"Reptomancer","floor":41,"turns":5},{"damage":38,"enemies":"Nemesis","floor":44,"turns":7},{"damage":20,"enemies":"Spire Growth","floor":45,"turns":2}],"seed_played":"-7999434153008707466","potions_obtained":[{"floor":1.0,"key":"EssenceOfSteel"},{"floor":4.0,"key":"GamblersBrew"},{"floor":5.0,"key":"PowerPotion"},{"floor":8.0,"key":"EssenceOfSteel"},{"floor":20.0,"key":"Explosive Potion"},{"floor":24.0,"key":"Weak Potion"},{"floor":30.0,"key":"SpeedPotion"},{"floor":33,"key":"Energy Potion"},{"floor":44,"key":"Ancient Potion"}],"is_trial":false,"path_per_floor":["M","?","?","M","M","E","$","E","T","M","R","M","R","M","R","B",null,"M","M","M","?","M","E","?","R","T","E","M","$","E","M","R","B",null,"M","$","?","$","M","R","E","R","T","E","M"],"character_chosen":"IRONCLAD","items_purchased":["Blood Vial","HandDrill","True Grit+1","War Paint","Whirlwind"],"campfire_rested":0,"item_purchase_floors":[7,29,29,29,36],"current_hp_per_floor":[75,68,68,63,63,58,58,26,26,28,28,29,29,31,31,27,80,74,74,69,69,63,42,31,31,31,26,26,26,9,10,10,1,80,71,71,71,71,73,73,44,44,51,15,0],"gold":136,"neow_bonus":"BOSS_RELIC","is_prod":false,"is_daily":false,"chose_seed":false,"campfire_upgraded":7,"win_rate":0,"timestamp":1557783083,"path_taken":["M","?","?","M","?","E","$","E","T","M","R","M","R","M","R","BOSS","M","M","M","?","?","E","?","R","T","E","M","$","E","M","R","BOSS","M","$","?","$","M","R","E","R","T","E","M"],"build_version":"2019-01-23","purchased_purges":1,"victory":false,"max_hp_per_floor":[80,80,80,80,80,80,80,80,80,80,80,80,80,80,80,80,80,80,80,80,80,80,80,80,80,80,80,80,80,80,80,80,80,80,80,77,77,77,77,77,77,77,84,84,84],"card_choices":[{"not_picked":["Burning Pact","Rupture"],"picked":"Shrug It Off","floor":1.0},{"not_picked":["Evolve","Warcry"],"picked":"True Grit","floor":4.0},{"not_picked":["Flame Barrier","Headbutt"],"picked":"Shockwave","floor":5.0},{"not_picked":["Rampage","Sentinel"],"picked":"Entrench","floor":6.0},{"not_picked":["Anger","Carnage","Corruption"],"picked":"SKIP","floor":8.0},{"not_picked":["Wild Strike","Infernal Blade"],"picked":"Shrug It Off","floor":10.0},{"not_picked":["Dropkick","Armaments"],"picked":"Dual Wield","floor":12.0},{"not_picked":["Blood for Blood","Havoc"],"picked":"Spot Weakness","floor":14.0},{"not_picked":["Demon Form","Reaper"],"picked":"Limit Break","floor":16.0},{"not_picked":["Anger","Perfected Strike+1"],"picked":"Metallicize","floor":18.0},{"not_picked":["Anger","Sever Soul"],"picked":"Sword Boomerang","floor":19.0},{"not_picked":["Wild Strike","Clash"],"picked":"Metallicize","floor":20.0},{"not_picked":["Thunderclap","Warcry"],"picked":"Heavy Blade+1","floor":22.0},{"not_picked":["Carnage","Burning Pact"],"picked":"Flame Barrier+1","floor":23.0},{"not_picked":["Sever Soul","Clothesline"],"picked":"Limit Break+1","floor":27.0},{"not_picked":["Perfected Strike","Burning Pact+1","Clothesline"],"picked":"SKIP","floor":28.0},{"not_picked":["Rage+1","Sever Soul"],"picked":"Disarm+1","floor":30.0},{"not_picked":["Clash","Wild Strike","Whirlwind"],"picked":"SKIP","floor":31.0},{"not_picked":["Fiend Fire","Exhume+1"],"picked":"Barricade","floor":33},{"not_picked":["Anger","Headbutt"],"picked":"Shrug It Off+1","floor":35},{"not_picked":["True Grit+1","Flex+1"],"picked":"Feed","floor":39},{"not_picked":["Twin Strike+1","Thunderclap"],"picked":"Ghostly Armor+1","floor":41},{"not_picked":["Clothesline","Cleave"],"picked":"Sword Boomerang","floor":44}],"player_experience":247824,"relics_obtained":[{"floor":6.0,"key":"Red Skull"},{"floor":8.0,"key":"Torii"},{"floor":9.0,"key":"Matryoshka"},{"floor":23.0,"key":"Boot"},{"floor":24.0,"key":"Red Mask"},{"floor":26.0,"key":"Tiny Chest"},{"floor":26.0,"key":"Toxic Egg 2"},{"floor":27.0,"key":"Gremlin Horn"},{"floor":30.0,"key":"Mercury Hourglass"},{"floor":41,"key":"Regal Pillow"},{"floor":43,"key":"Strawberry"},{"floor":44,"key":"Bottled Lightning"}],"event_choices":[{"cards_removed":["Strike_R"],"damage_healed":0.0,"max_hp_gain":0.0,"max_hp_loss":0.0,"gold_gain":0.0,"event_name":"Golden Wing","player_choice":"Card Removal","floor":2.0,"gold_loss":0.0,"damage_taken":7.0},{"cards_removed":["Strike_R"],"damage_healed":0.0,"max_hp_gain":0.0,"max_hp_loss":0.0,"gold_gain":0.0,"event_name":"NoteForYourself","player_choice":"Took Card","floor":3.0,"gold_loss":0.0,"damage_taken":0.0,"cards_obtained":["Iron Wave"]},{"damage_healed":0.0,"max_hp_gain":0.0,"max_hp_loss":0.0,"gold_gain":0.0,"event_name":"WeMeetAgain","player_choice":"Gave Potion","floor":21.0,"gold_loss":0.0,"damage_taken":0.0,"relics_obtained":["Happy Flower"]},{"damage_healed":0.0,"max_hp_gain":0.0,"max_hp_loss":0.0,"gold_gain":0.0,"event_name":"Masked Bandits","player_choice":"Fought Bandits","floor":24.0,"gold_loss":0.0,"damage_taken":0.0},{"cards_removed":["Limit Break"],"damage_healed":0,"gold_gain":0,"player_choice":"Removed Skill","damage_taken":0,"max_hp_gain":0,"max_hp_loss":0,"event_name":"Falling","floor":37,"gold_loss":0}],"is_beta":false,"boss_relics":[{"not_picked":["White Beast Statue","Lizard Tail"],"picked":"Cursed Key"},{"not_picked":["Tiny House","Calling Bell"],"picked":"Velvet Choker"}],"items_purged_floors":[36],"is_endless":false,"potions_floor_spawned":[1,4,5,8,20,24,30,33,44],"killed_by":"Spire Growth","ascension_level":0}