{"gold_per_floor":[10,24,44,59,71,71,71,97,97,97,114,114,142,142,142,231,231,256,275,27,47,68,68,84,123,123,148,148,148,48,69,69,69],"floor_reached":33,"playtime":1036,"items_purged":["Strike_R","Strike_R"],"score":483,"play_id":"f152e121-0d08-45b8-9ca7-f3af297bec2a","local_time":"20190417002825","is_ascension_mode":true,"campfire_choices":[{"data":"Immolate","floor":6.0,"key":"SMITH"},{"data":"Armaments","floor":10.0,"key":"SMITH"},{"data":"Battle Trance","floor":15.0,"key":"SMITH"},{"floor":23,"key":"REST"},{"floor":29,"key":"REST"},{"data":"Demon Form","floor":32,"key":"SMITH"}],"neow_cost":"NO_GOLD","seed_source_timestamp":0,"circlet_count":0,"master_deck":["AscendersBane","Strike_R","Strike_R+1","Strike_R","Defend_R","Defend_R","Defend_R","Defend_R","Bash+1","Immolate+1","Sword Boomerang","Battle Trance+1","Evolve","Clothesline","Armaments+1","Shockwave","Flex","Demon Form+1","Warcry","Sword Boomerang","Pummel","Inflame","Power Through","Flame Barrier","Bludgeon","True Grit","Feed"],"special_seed":0,"relics":["Burning Blood","Art of War","Meat on the Bone","Dream Catcher","Golden Idol","Sozu","Pen Nib","Red Mask","Champion Belt"],"potions_floor_usage":[],"damage_taken":[{"damage":0.0,"enemies":"Cultist","floor":1.0,"turns":2.0},{"damage":11.0,"enemies":"Jaw Worm","floor":2.0,"turns":4.0},{"damage":0.0,"enemies":"2 Louse","floor":3.0,"turns":2.0},{"damage":26.0,"enemies":"Exordium Wildlife","floor":4.0,"turns":5.0},{"damage":15.0,"enemies":"2 Fungi Beasts","floor":5.0,"turns":3.0},{"damage":17.0,"enemies":"Lagavulin","floor":8.0,"turns":6.0},{"damage":5.0,"enemies":"Red Slaver","floor":11.0,"turns":3.0},{"damage":10.0,"enemies":"3 Sentries","floor":13.0,"turns":3.0},{"damage":23.0,"enemies":"Hexaghost","floor":16.0,"turns":11.0},{"damage":28.0,"enemies":"Chosen","floor":18.0,"turns":4.0},{"damage":16.0,"enemies":"Spheric Guardian","floor":19.0,"turns":4.0},{"damage":33,"enemies":"Shelled Parasite and Fungi","floor":21,"turns":4},{"damage":33,"enemies":"Snake Plant","floor":22,"turns":4},{"damage":15,"enemies":"3 Cultists","floor":24,"turns":5},{"damage":0,"enemies":"Masked Bandits","floor":25,"turns":2},{"damage":39,"enemies":"Chosen and Byrds","floor":27,"turns":6},{"damage":19,"enemies":"Shelled Parasite and Fungi","floor":31,"turns":4},{"damage":94,"enemies":"Automaton","floor":33,"turns":6}],"seed_played":"-3530301521192154704","potions_obtained":[{"floor":3.0,"key":"Poison Potion"},{"floor":4.0,"key":"Ancient Potion"},{"floor":11.0,"key":"SpeedPotion"}],"is_trial":false,"path_per_floor":["M","M","M","M","M","R","?","E","T","R","M","?","E","?","R","B",null,"M","M","$","M","M","R","M","?","T","M","?","R","$","M","R","B"],"character_chosen":"IRONCLAD","items_purchased":["Pen Nib"],"campfire_rested":2,"item_purchase_floors":[20],"current_hp_per_floor":[74,69,75,55,46,46,23,12,12,12,25,25,33,33,33,28,58,48,50,50,35,20,40,43,49,49,28,28,48,48,47,47,0],"gold":69,"neow_bonus":"THREE_RARE_CARDS","is_prod":false,"is_daily":false,"chose_seed":false,"campfire_upgraded":4,"win_rate":0,"timestamp":1555428505,"path_taken":["M","M","M","M","M","R","?","E","T","R","M","?","E","?","R","BOSS","M","M","$","M","M","R","M","?","T","M","?","R","$","?","R","BOSS"],"build_version":"2019-01-23","purchased_purges":2,"victory":false,"max_hp_per_floor":[75,75,75,75,75,75,75,75,75,75,75,75,75,68,68,68,68,68,68,68,68,68,68,68,68,68,68,68,68,68,68,68,68],"card_choices":[{"not_picked":["Bludgeon","Offering"],"picked":"Immolate","floor":0.0},{"not_picked":["Power Through","Clash"],"picked":"Sword Boomerang","floor":1.0},{"not_picked":["Fire Breathing","Entrench"],"picked":"Battle Trance","floor":2.0},{"not_picked":["Dropkick","Anger"],"picked":"Evolve","floor":3.0},{"not_picked":["Wild Strike","Perfected Strike"],"picked":"Clothesline","floor":4.0},{"not_picked":["Reckless Charge","Cleave"],"picked":"Armaments","floor":5.0},{"not_picked":["Second Wind","Flex"],"picked":"Shockwave","floor":8.0},{"not_picked":["Sword Boomerang","Armaments"],"picked":"Flex","floor":11.0},{"not_picked":["Juggernaut","Pommel Strike","Whirlwind"],"picked":"SKIP","floor":13.0},{"not_picked":["Double Tap","Juggernaut"],"picked":"Demon Form","floor":16.0},{"not_picked":["Flex+1","Cleave+1"],"picked":"Warcry","floor":18.0},{"not_picked":["Intimidate","Bloodletting"],"picked":"Sword Boomerang","floor":19.0},{"not_picked":["Flex","Bloodletting","Havoc"],"picked":"SKIP","floor":21},{"not_picked":["Iron Wave","Metallicize"],"picked":"Pummel","floor":22},{"not_picked":["Perfected Strike+1","Headbutt"],"picked":"Inflame","floor":23},{"not_picked":["Twin Strike","Brutality","Perfected Strike"],"picked":"SKIP","floor":24},{"not_picked":["Pommel Strike","Havoc"],"picked":"Power Through","floor":25},{"not_picked":["Thunderclap","Clash","Twin Strike+1"],"picked":"SKIP","floor":27},{"not_picked":["Corruption","Cleave"],"picked":"True Grit","floor":29},{"not_picked":["Iron Wave","Perfected Strike"],"picked":"Feed","floor":31}],"player_experience":451646,"relics_obtained":[{"floor":8.0,"key":"Art of War"},{"floor":9.0,"key":"Meat on the Bone"},{"floor":13.0,"key":"Dream Catcher"},{"floor":25,"key":"Red Mask"},{"floor":26,"key":"Champion Belt"}],"event_choices":[{"damage_healed":0.0,"max_hp_gain":0.0,"max_hp_loss":0.0,"gold_gain":0.0,"event_name":"Shining Light","player_choice":"Entered Light","floor":7.0,"gold_loss":0.0,"damage_taken":23.0,"cards_upgraded":["Bash","Strike_R"]},{"damage_healed":0.0,"max_hp_gain":0.0,"max_hp_loss":0.0,"gold_gain":0.0,"event_name":"Liars Game","player_choice":"Ignored","floor":12.0,"gold_loss":0.0,"damage_taken":0.0},{"damage_healed":0.0,"max_hp_gain":0.0,"max_hp_loss":7.0,"gold_gain":0.0,"event_name":"Golden Idol","player_choice":"Lose Max HP","floor":14.0,"gold_loss":0.0,"damage_taken":0.0,"relics_obtained":["Golden Idol"]},{"damage_healed":0,"gold_gain":0,"player_choice":"Fought Bandits","damage_taken":0,"max_hp_gain":0,"max_hp_loss":0,"event_name":"Masked Bandits","floor":25,"gold_loss":0},{"damage_healed":0,"gold_gain":0,"player_choice":"2 cards matched","damage_taken":0,"max_hp_gain":0,"max_hp_loss":0,"event_name":"Match and Keep!","floor":28,"gold_loss":0,"cards_obtained":["Flame Barrier","Bludgeon"]}],"is_beta":false,"boss_relics":[{"not_picked":["Fusion Hammer","White Beast Statue"],"picked":"Sozu"}],"items_purged_floors":[20,30],"is_endless":false,"potions_floor_spawned":[3,4,5,11,18,21,25,31],"killed_by":"Automaton","ascension_level":17}