{"gold_per_floor":[109,126,146,161,161,196,16,16,16,31,65,88,102,117,117,242,242,210,210],"floor_reached":19,"playtime":1973,"items_purged":[],"score":183,"play_id":"12401cf0-03bb-43ec-83cb-ef942686157e","local_time":"20190218212916","is_ascension_mode":false,"campfire_choices":[{"data":"Spot Weakness","floor":8,"key":"SMITH"},{"floor":15,"key":"REST"}],"neow_cost":"NONE","seed_source_timestamp":518825464799508,"circlet_count":0,"master_deck":["Strike_R","Strike_R","Strike_R","Strike_R","Strike_R","Defend_R","Defend_R","Defend_R","Defend_R","Bash","Barricade","Metallicize","Second Wind","Sever Soul","Rampage","Injury","Intimidate","Spot Weakness+1","Rupture","Ghostly Armor","Shrug It Off","Disarm","Power Through","Clash","Bludgeon","Battle Trance"],"relics":["Burning Blood","Golden Idol","The Courier","Dream Catcher","Pear","Smiling Mask","Philosopher\u0027s Stone"],"potions_floor_usage":[6,6,6,13],"damage_taken":[{"damage":5,"enemies":"Cultist","floor":1,"turns":4},{"damage":0,"enemies":"2 Louse","floor":2,"turns":5},{"damage":2,"enemies":"Small Slimes","floor":3,"turns":3},{"damage":13,"enemies":"3 Louse","floor":4,"turns":4},{"damage":5,"enemies":"Lagavulin","floor":6,"turns":6},{"damage":16,"enemies":"Looter","floor":10,"turns":4},{"damage":34,"enemies":"3 Sentries","floor":11,"turns":9},{"damage":18,"enemies":"Gremlin Gang","floor":12,"turns":7},{"damage":7,"enemies":"Exordium Thugs","floor":13,"turns":6},{"damage":13,"enemies":"Exordium Wildlife","floor":14,"turns":6},{"damage":23,"enemies":"Hexaghost","floor":16,"turns":12},{"damage":26,"enemies":"2 Thieves","floor":18,"turns":5},{"damage":12,"enemies":"3 Byrds","floor":19,"turns":2}],"seed_played":"1345757566073187626","potions_obtained":[{"floor":1,"key":"AttackPotion"},{"floor":3,"key":"Energy Potion"},{"floor":4,"key":"Fire Potion"},{"floor":6,"key":"SteroidPotion"},{"floor":11,"key":"Fire Potion"}],"is_trial":false,"path_per_floor":["M","?"],"character_chosen":"IRONCLAD","items_purchased":["Spot Weakness","Dream Catcher"],"campfire_rested":1,"item_purchase_floors":[7,7],"current_hp_per_floor":[80,80,80,73,73,74,74,74,84,74,46,34,33,26,53,36,90,70,58],"gold":210,"neow_bonus":"ONE_RANDOM_RARE_CARD","is_prod":false,"is_daily":false,"chose_seed":false,"campfire_upgraded":1,"win_rate":0.0,"timestamp":1550543356,"path_taken":["M","M","?","M","?","E","$","R","T","M","E","M","M","M","R","BOSS","M","M"],"build_version":"2019-01-23","purchased_purges":0,"victory":false,"max_hp_per_floor":[80,80,80,80,80,80,80,80,90,90,90,90,90,90,90,90,90,90,90],"card_choices":[{"not_picked":["Uppercut","Power Through"],"picked":"Metallicize","floor":1},{"not_picked":["Warcry","Flex"],"picked":"Second Wind","floor":2},{"not_picked":["Thunderclap","Rupture"],"picked":"Sever Soul","floor":3},{"not_picked":["Clash","Warcry"],"picked":"Rampage","floor":4},{"not_picked":["Iron Wave","Flex"],"picked":"Intimidate","floor":6},{"not_picked":["Headbutt","Sword Boomerang"],"picked":"Rupture","floor":10},{"not_picked":["Carnage","Feed"],"picked":"Ghostly Armor","floor":11},{"not_picked":["Perfected Strike","Pommel Strike"],"picked":"Shrug It Off","floor":12},{"not_picked":["Corruption","Warcry"],"picked":"Disarm","floor":13},{"not_picked":["Sword Boomerang","Flex"],"picked":"Power Through","floor":14},{"not_picked":["Clothesline","Searing Blow"],"picked":"Clash","floor":15},{"not_picked":["Brutality","Barricade"],"picked":"Bludgeon","floor":16},{"not_picked":["Sword Boomerang","Pommel Strike"],"picked":"Battle Trance","floor":18}],"player_experience":112665,"relics_obtained":[{"floor":6,"key":"The Courier"},{"floor":9,"key":"Pear"},{"floor":11,"key":"Smiling Mask"}],"event_choices":[{"damage_healed":0,"gold_gain":0,"player_choice":"Take Wound","damage_taken":0,"relics_obtained":["Golden Idol"],"max_hp_gain":0,"max_hp_loss":0,"event_name":"Golden Idol","floor":5,"gold_loss":0,"cards_obtained":["Injury"]}],"is_beta":false,"boss_relics":[{"not_picked":["Velvet Choker","Cursed Key"],"picked":"Philosopher\u0027s Stone"}],"items_purged_floors":[],"is_endless":false,"potions_floor_spawned":[1,3,4,6,11],"killed_by":"3 Byrds","ascension_level":0}