{"gold_per_floor":[118,118,136,156,174,174,199,199,275,301,313,313,329,346,346,443,443,454,465,465,465],"floor_reached":21,"playtime":1589,"items_purged":[],"score":183,"play_id":"0503a1c1-03cd-442b-b341-90aa58791526","local_time":"20190215000019","is_ascension_mode":false,"campfire_choices":[{"data":"Streamline","floor":6,"key":"SMITH"},{"data":"Defragment","floor":8,"key":"SMITH"},{"floor":15,"key":"REST"}],"neow_cost":"PERCENT_DAMAGE","seed_source_timestamp":100925914202058,"circlet_count":0,"master_deck":["Strike_B","Defend_B","Defend_B","Defend_B","Defend_B","Zap","Dualcast","Ball Lightning","Sweeping Beam","Hologram","Streamline+1","Ball Lightning","Defragment+1","Static Discharge","Redo+1","Steam+1","Redo+1","Steam Power+1","White Noise+1","Streamline","Reboot+1","Hologram+1","Reprogram+1","Tempest+1"],"relics":["Cracked Core","Prayer Wheel","Toxic Egg 2","Coffee Dripper","Nloth\u0027s Gift"],"potions_floor_usage":[16,21],"damage_taken":[{"damage":1,"enemies":"Jaw Worm","floor":1,"turns":2},{"damage":1,"enemies":"Cultist","floor":3,"turns":3},{"damage":0,"enemies":"2 Louse","floor":4,"turns":2},{"damage":3,"enemies":"Lots of Slimes","floor":5,"turns":2},{"damage":15,"enemies":"3 Sentries","floor":7,"turns":4},{"damage":9,"enemies":"2 Fungi Beasts","floor":11,"turns":2},{"damage":3,"enemies":"Red Slaver","floor":13,"turns":2},{"damage":5,"enemies":"Looter","floor":14,"turns":2},{"damage":27,"enemies":"The Guardian","floor":16,"turns":6},{"damage":12,"enemies":"2 Thieves","floor":18,"turns":3},{"damage":0,"enemies":"Spheric Guardian","floor":19,"turns":3},{"damage":5,"enemies":"Shelled Parasite and Fungi","floor":21,"turns":2}],"seed_played":"2503540618185254514","potions_obtained":[{"floor":3,"key":"Ancient Potion"},{"floor":4,"key":"GamblersBrew"},{"floor":14,"key":"LiquidBronze"},{"floor":18,"key":"Energy Potion"}],"is_trial":false,"path_per_floor":["M","?","M","M","M","R","E","R","T","T","M","?","M","M","R","B",null,"M","M","?","M"],"character_chosen":"DEFECT","items_purchased":[],"campfire_rested":1,"item_purchase_floors":[],"current_hp_per_floor":[53,53,52,52,49,49,34,34,34,34,25,25,22,17,39,12,75,63,63,63,58],"gold":465,"neow_bonus":"TRANSFORM_TWO_CARDS","is_prod":false,"is_daily":false,"chose_seed":false,"campfire_upgraded":2,"win_rate":0,"timestamp":1550210419,"path_taken":["M","?","?","M","M","R","E","R","T","?","M","?","M","?","R","BOSS","M","M","?","?"],"build_version":"2019-01-23","purchased_purges":0,"victory":false,"max_hp_per_floor":[75,75,75,75,75,75,75,75,75,75,75,75,75,75,75,75,75,75,75,75,75],"card_choices":[{"not_picked":["Stack","Steam"],"picked":"Hologram","floor":1},{"not_picked":["Recycle","Beam Cell"],"picked":"Streamline","floor":3},{"not_picked":["Turbo","Scrape"],"picked":"Ball Lightning","floor":4},{"not_picked":["Hologram","Recycle","Cold Snap"],"picked":"SKIP","floor":5},{"not_picked":["FTL","Sweeping Beam"],"picked":"Defragment","floor":7},{"not_picked":["Stack+1","Barrage"],"picked":"Static Discharge","floor":11},{"not_picked":["Barrage","Chaos+1"],"picked":"Redo+1","floor":11},{"not_picked":["Buffer","Cold Snap"],"picked":"Steam+1","floor":13},{"not_picked":["Compile Driver","Coolheaded+1"],"picked":"Redo+1","floor":13},{"not_picked":["Go for the Eyes","Ball Lightning"],"picked":"Steam Power+1","floor":14},{"not_picked":["Cold Snap","Steam+1"],"picked":"White Noise+1","floor":14},{"not_picked":["Go for the Eyes","Barrage"],"picked":"Streamline","floor":15},{"not_picked":["Core Surge","Meteor Strike"],"picked":"Reboot+1","floor":16},{"not_picked":["Glacier+1","Chill+1"],"picked":"Hologram+1","floor":18},{"not_picked":["Cold Snap+1","Beam Cell","Barrage+1"],"picked":"SKIP","floor":18},{"not_picked":["Rip and Tear","Gash+1"],"picked":"Reprogram+1","floor":19},{"not_picked":["Go for the Eyes+1","Turbo+1"],"picked":"Tempest+1","floor":19}],"player_experience":172639,"relics_obtained":[{"floor":7,"key":"Prayer Wheel"},{"floor":9,"key":"Toxic Egg 2"},{"floor":10,"key":"Dream Catcher"}],"event_choices":[{"cards_removed":["Strike_B"],"damage_healed":0,"gold_gain":0,"player_choice":"Offered Basic","damage_taken":0,"max_hp_gain":0,"max_hp_loss":0,"event_name":"Bonfire Elementals","floor":2,"gold_loss":0},{"damage_healed":0,"gold_gain":0,"player_choice":"Bought 0 Potions","damage_taken":0,"max_hp_gain":0,"max_hp_loss":0,"event_name":"The Woman in Blue","floor":12,"gold_loss":0},{"damage_healed":0,"gold_gain":0,"player_choice":"Traded Relic","damage_taken":0,"relics_obtained":["Nloth\u0027s Gift"],"max_hp_gain":0,"max_hp_loss":0,"event_name":"N\u0027loth","floor":20,"relics_lost":["Dream Catcher"],"gold_loss":0}],"is_beta":false,"boss_relics":[{"not_picked":["Empty Cage","Fusion Hammer"],"picked":"Coffee Dripper"}],"items_purged_floors":[],"is_endless":false,"potions_floor_spawned":[3,4,14,18],"killed_by":"Shelled Parasite and Fungi","ascension_level":0}