{"gold_per_floor":[118,128,147,147,147,147,163,163,245,258,272,283,299,314,314,413,413,396,396,396,366,381,381,108,23,23,23,34,34,44,44,44,143,143,163,163,163,176,196,196,196,196,222,334,356,368,395,407,419,431],"floor_reached":51,"playtime":4380,"items_purged":["Strike_B"],"score":691,"play_id":"9de53bf0-e67b-45e3-8c85-58c1c7966ab0","local_time":"20190511081926","is_ascension_mode":false,"campfire_choices":[{"floor":6,"key":"REST"},{"data":"Consume","floor":8,"key":"SMITH"},{"floor":15,"key":"REST"},{"data":"Biased Cognition","floor":23,"key":"SMITH"},{"floor":29,"key":"REST"},{"floor":32,"key":"REST"},{"floor":40,"key":"REST"},{"floor":42,"key":"REST"},{"data":"Creative AI","floor":46,"key":"SMITH"},{"data":"Biased Cognition","floor":49,"key":"SMITH"}],"neow_cost":"NONE","seed_source_timestamp":132990618214056,"circlet_count":0,"master_deck":["Strike_B+1","Strike_B","Defend_B","Defend_B","Defend_B","Defend_B","Zap","Dualcast","Rainbow+1","Stack","Leap","Consume+1","Conserve Battery","Sweeping Beam","Creative AI+1","Streamline","Conserve Battery","Cold Snap","Biased Cognition+1","Fusion","Self Repair","Leap","Leap+1","Redo+1","Biased Cognition+1","Sweeping Beam+1","Discovery","Madness","Madness","Conserve Battery","Conserve Battery+1","Chill+1"],"relics":["FrozenCore","Omamori","Dodecahedron","Inserter","Juzu Bracelet","WarpedTongs","Bag of Marbles","Bottled Flame","MawBank","Dead Branch"],"potions_floor_usage":[7,13,16,16,28,28,33,33,50,50,50,50,50,50],"damage_taken":[{"damage":0,"enemies":"Small Slimes","floor":1,"turns":3},{"damage":2,"enemies":"2 Louse","floor":2,"turns":3},{"damage":0,"enemies":"Cultist","floor":3,"turns":3},{"damage":6,"enemies":"Gremlin Gang","floor":7,"turns":6},{"damage":5,"enemies":"2 Fungi Beasts","floor":10,"turns":5},{"damage":8,"enemies":"3 Louse","floor":11,"turns":3},{"damage":3,"enemies":"Looter","floor":12,"turns":4},{"damage":8,"enemies":"Exordium Wildlife","floor":13,"turns":5},{"damage":9,"enemies":"3 Louse","floor":14,"turns":3},{"damage":9,"enemies":"Hexaghost","floor":16,"turns":12},{"damage":10,"enemies":"2 Thieves","floor":18,"turns":4},{"damage":12,"enemies":"Spheric Guardian","floor":22,"turns":6},{"damage":36,"enemies":"Centurion and Healer","floor":28,"turns":7},{"damage":23,"enemies":"Snecko","floor":30,"turns":6},{"damage":47,"enemies":"Automaton","floor":33,"turns":15},{"damage":16,"enemies":"3 Darklings","floor":35,"turns":10},{"damage":0,"enemies":"Orb Walker","floor":38,"turns":6},{"damage":41,"enemies":"4 Shapes","floor":39,"turns":6},{"damage":15,"enemies":"Mind Bloom Boss Battle","floor":44,"turns":7},{"damage":0,"enemies":"Maw","floor":45,"turns":10},{"damage":4,"enemies":"Sphere and 2 Shapes","floor":47,"turns":8},{"damage":0,"enemies":"Awakened One","floor":50,"turns":11}],"seed_played":"5012884999916905582","potions_obtained":[{"floor":2,"key":"Regen Potion"},{"floor":3,"key":"Fire Potion"},{"floor":10,"key":"Block Potion"},{"floor":13,"key":"Block Potion"},{"floor":14,"key":"SpeedPotion"},{"floor":21,"key":"Swift Potion"},{"floor":21,"key":"Strength Potion"},{"floor":27,"key":"PowerPotion"},{"floor":30,"key":"Regen Potion"},{"floor":35,"key":"Strength Potion"},{"floor":38,"key":"SpeedPotion"},{"floor":44,"key":"EntropicBrew"}],"is_trial":false,"path_per_floor":["?","?","?","?","?","?","?","?","?","?","?","?","?"],"character_chosen":"DEFECT","items_purchased":["Self Repair","Leap","FocusPotion"],"campfire_rested":6,"item_purchase_floors":[24,24,24],"current_hp_per_floor":[75,73,73,58,40,62,56,56,56,51,43,40,46,37,59,50,75,65,65,65,65,53,53,53,53,53,53,24,46,30,30,52,27,75,59,59,50,60,19,41,41,63,63,55,69,69,75,75,75,75],"gold":443,"neow_bonus":"ONE_RANDOM_RARE_CARD","is_prod":false,"is_daily":false,"chose_seed":false,"campfire_upgraded":4,"win_rate":0,"timestamp":1557577166,"path_taken":["M","M","M","?","?","R","M","R","T","M","M","M","M","M","R","BOSS","M","?","?","?","M","R","$","?","T","?","M","R","M","?","R","BOSS","M","?","?","M","M","R","?","R","T","?","M","R","M","?","R","BOSS"],"build_version":"2019-01-23","purchased_purges":1,"victory":true,"max_hp_per_floor":[75,75,75,75,75,75,75,75,75,75,75,75,75,75,75,75,75,75,75,75,75,75,75,75,75,75,75,75,75,75,75,75,75,75,75,75,75,75,75,75,75,75,75,75,75,75,75,75,75,75],"card_choices":[{"not_picked":["Compile Driver","Rebound"],"picked":"Stack","floor":1},{"not_picked":["Go for the Eyes","BootSequence"],"picked":"Leap","floor":2},{"not_picked":["Redo","Melter"],"picked":"Consume","floor":3},{"not_picked":["Ball Lightning","Beam Cell"],"picked":"Conserve Battery","floor":7},{"not_picked":["FTL","Loop"],"picked":"Sweeping Beam","floor":10},{"not_picked":["Force Field","Barrage"],"picked":"Creative AI","floor":11},{"not_picked":["Redo","Compile Driver"],"picked":"Streamline","floor":12},{"not_picked":["White Noise","Hello World"],"picked":"Conserve Battery","floor":13},{"not_picked":["Conserve Battery","Coolheaded"],"picked":"Cold Snap","floor":14},{"not_picked":["Creative AI","All For One"],"picked":"Biased Cognition","floor":16},{"not_picked":["Steam","Gash","Go for the Eyes"],"picked":"SKIP","floor":18},{"not_picked":["BootSequence","Compile Driver+1"],"picked":"Fusion","floor":22},{"not_picked":["Hologram","Consume"],"picked":"Leap+1","floor":28},{"not_picked":["Stack","Double Energy"],"picked":"Redo+1","floor":30},{"not_picked":["Core Surge","Hyperbeam"],"picked":"Biased Cognition","floor":33},{"not_picked":["BootSequence+1","Compile Driver+1"],"picked":"Sweeping Beam+1","floor":35},{"not_picked":["Mind Blast","Blind"],"picked":"Discovery","floor":36},{"not_picked":["Chaos","Undo"],"picked":"Conserve Battery","floor":38},{"not_picked":["Coolheaded+1","Leap+1"],"picked":"Conserve Battery+1","floor":39},{"not_picked":["Scrape+1","Streamline"],"picked":"Chill+1","floor":44},{"not_picked":["Heatsinks","Recycle","Hologram+1"],"picked":"SKIP","floor":45},{"not_picked":["Streamline+1","Lockon","Stack"],"picked":"SKIP","floor":47}],"player_experience":523439,"relics_obtained":[{"floor":9,"key":"Dodecahedron"},{"floor":26,"key":"Bottled Flame"},{"floor":43,"key":"MawBank"},{"floor":44,"key":"Dead Branch"}],"event_choices":[{"damage_healed":0,"gold_gain":0,"player_choice":"Entered Light","damage_taken":15,"max_hp_gain":0,"max_hp_loss":0,"event_name":"Shining Light","floor":4,"gold_loss":0,"cards_upgraded":["Strike_B","Rainbow"]},{"damage_healed":0,"gold_gain":0,"player_choice":"Success","damage_taken":18,"relics_obtained":["Omamori"],"max_hp_gain":0,"max_hp_loss":0,"event_name":"Scrap Ooze","floor":5,"gold_loss":0},{"damage_healed":0,"gold_gain":0,"player_choice":"Opened","damage_taken":0,"relics_obtained":["Juzu Bracelet"],"max_hp_gain":0,"max_hp_loss":0,"event_name":"The Mausoleum","floor":19,"gold_loss":0},{"damage_healed":0,"gold_gain":0,"player_choice":"Rummage","damage_taken":0,"relics_obtained":["WarpedTongs"],"max_hp_gain":0,"max_hp_loss":0,"event_name":"Accursed Blacksmith","floor":20,"gold_loss":0,"cards_obtained":["Pain"]},{"damage_healed":0,"gold_gain":0,"player_choice":"Bought 2 Potions","damage_taken":0,"max_hp_gain":0,"max_hp_loss":0,"event_name":"The Woman in Blue","floor":21,"gold_loss":0},{"damage_healed":0,"gold_gain":0,"player_choice":"Obtained Relic","damage_taken":0,"relics_obtained":["Bag of Marbles"],"max_hp_gain":0,"max_hp_loss":0,"event_name":"Addict","floor":25,"gold_loss":85},{"damage_healed":0,"gold_gain":0,"player_choice":"Got Potions","damage_taken":0,"max_hp_gain":0,"max_hp_loss":0,"event_name":"Lab","floor":27,"gold_loss":0},{"damage_healed":0,"gold_gain":0,"player_choice":"Ignored","damage_taken":0,"max_hp_gain":0,"max_hp_loss":0,"event_name":"Beggar","floor":31,"gold_loss":0},{"damage_healed":0,"gold_gain":0,"player_choice":"Memory 1","damage_taken":0,"max_hp_gain":0,"max_hp_loss":0,"event_name":"SensoryStone","floor":36,"gold_loss":0},{"damage_healed":0,"gold_gain":0,"player_choice":"Embrace Madness","damage_taken":9,"max_hp_gain":0,"max_hp_loss":0,"event_name":"Winding Halls","floor":37,"gold_loss":0,"cards_obtained":["Madness","Madness"]},{"damage_healed":0,"gold_gain":0,"player_choice":"Ignored","damage_taken":0,"max_hp_gain":0,"max_hp_loss":0,"event_name":"Mysterious Sphere","floor":41,"gold_loss":0},{"damage_healed":0,"gold_gain":0,"player_choice":"Fight","damage_taken":0,"max_hp_gain":0,"max_hp_loss":0,"event_name":"MindBloom","floor":44,"gold_loss":0},{"cards_removed":["Strike_B"],"damage_healed":0,"gold_gain":0,"player_choice":"Offered Basic","damage_taken":0,"max_hp_gain":0,"max_hp_loss":0,"event_name":"Bonfire Elementals","floor":48,"gold_loss":0}],"is_beta":false,"boss_relics":[{"not_picked":["Pandora\u0027s Box","Runic Dome"],"picked":"Inserter"},{"not_picked":["Lizard Tail","Empty Cage"],"picked":"FrozenCore"}],"items_purged_floors":[24],"is_endless":false,"potions_floor_spawned":[2,3,10,13,14,22,30,35,38,44],"ascension_level":0}