{"gold_per_floor":[111,122,197,47,57,57,82,101,101,101,126,136,170,170,170,274,274,285,285,301,301,316,349,361,405,417,443,487,499,523,551,563,671,683,707,719,744,775,787,833,862,974,986,1030,344,375,375,392,392,392,392,392,4,36,36],"floor_reached":56,"playtime":12068,"items_purged":["Strike_R","Strike_R"],"score":1659,"play_id":"65a03b59-d679-408c-81a6-d5a19410ca66","local_time":"20190521143634","is_ascension_mode":true,"campfire_choices":[{"data":"Feed","floor":6.0,"key":"SMITH"},{"data":"Carnage","floor":10.0,"key":"SMITH"},{"data":"Cleave","floor":15.0,"key":"SMITH"},{"data":"Demon Form","floor":29.0,"key":"SMITH"},{"data":"Uppercut","floor":32.0,"key":"SMITH"},{"data":"Secret Technique","floor":47.0,"key":"SMITH"},{"floor":49.0,"key":"RECALL"},{"data":"Shockwave","floor":52.0,"key":"SMITH"}],"neow_cost":"PERCENT_DAMAGE","seed_source_timestamp":194277083033495,"circlet_count":0,"master_deck":["Strike_R","Defend_R+1","Defend_R","Defend_R","Defend_R","Bash","Ghostly Armor","Cleave+1","Feed+1","Carnage+1","Shrug It Off+1","Shockwave+1","Offering","Uppercut+1","Immolate","Evolve+1","Exhume","Bandage Up","Demon Form+1","Inflame","Juggernaut","Exhume","Secret Technique+1","Sword Boomerang+1","Warcry+1","Demon Form+1","Reaper","Warcry+1"],"special_seed":0,"relics":["Burning Blood","Question Card","Pantograph","Darkstone Periapt","FossilizedHelix","Coffee Dripper","Enchiridion","MawBank","Bag of Marbles","Mummified Hand","Mark of Pain","Bottled Tornado","Turnip","The Courier","Blood Vial","Orichalcum","DollysMirror","Strawberry","War Paint","Vajra","Sundial","Pen Nib","Anchor"],"potions_floor_usage":[55,55],"damage_taken":[{"damage":8.0,"enemies":"2 Louse","floor":1.0,"turns":3.0},{"damage":2.0,"enemies":"Jaw Worm","floor":2.0,"turns":4.0},{"damage":3.0,"enemies":"Small Slimes","floor":5.0,"turns":6.0},{"damage":18.0,"enemies":"Gremlin Nob","floor":7.0,"turns":4.0},{"damage":5.0,"enemies":"Exordium Thugs","floor":8.0,"turns":5.0},{"damage":38.0,"enemies":"Lagavulin","floor":11.0,"turns":8.0},{"damage":3.0,"enemies":"Blue Slaver","floor":12.0,"turns":4.0},{"damage":10.0,"enemies":"Gremlin Nob","floor":13.0,"turns":3.0},{"damage":0.0,"enemies":"Slime Boss","floor":16.0,"turns":10.0},{"damage":3.0,"enemies":"3 Byrds","floor":18.0,"turns":8.0},{"damage":2.0,"enemies":"Shell Parasite","floor":20.0,"turns":6.0},{"damage":8.0,"enemies":"Snecko","floor":22.0,"turns":6.0},{"damage":13.0,"enemies":"Book of Stabbing","floor":23.0,"turns":5.0},{"damage":2.0,"enemies":"Slavers","floor":25.0,"turns":3.0},{"damage":1.0,"enemies":"Snake Plant","floor":27.0,"turns":2.0},{"damage":33.0,"enemies":"Gremlin Leader","floor":28.0,"turns":6.0},{"damage":12.0,"enemies":"3 Cultists","floor":30.0,"turns":4.0},{"damage":19.0,"enemies":"Centurion and Healer","floor":31.0,"turns":5.0},{"damage":37.0,"enemies":"Champ","floor":33.0,"turns":8.0},{"damage":0.0,"enemies":"3 Darklings","floor":35.0,"turns":2.0},{"damage":8.0,"enemies":"3 Shapes","floor":37.0,"turns":6.0},{"damage":12.0,"enemies":"3 Darklings","floor":38.0,"turns":2.0},{"damage":23.0,"enemies":"Reptomancer","floor":40.0,"turns":6.0},{"damage":47.0,"enemies":"4 Shapes","floor":41.0,"turns":6.0},{"damage":6.0,"enemies":"Mind Bloom Boss Battle","floor":42.0,"turns":6.0},{"damage":6.0,"enemies":"Giant Head","floor":44.0,"turns":5.0},{"damage":12.0,"enemies":"Reptomancer","floor":46.0,"turns":4.0},{"damage":0.0,"enemies":"Maw","floor":48.0,"turns":6.0},{"damage":24.0,"enemies":"Time Eater","floor":50.0,"turns":5.0},{"damage":69.0,"enemies":"Shield and Spear","floor":54.0,"turns":5.0},{"damage":126,"enemies":"The Heart","floor":55,"turns":6}],"seed_played":"6162096454346692761","potions_obtained":[{"floor":2.0,"key":"SpeedPotion"},{"floor":5.0,"key":"Dexterity Potion"},{"floor":8.0,"key":"SteroidPotion"},{"floor":11.0,"key":"Strength Potion"},{"floor":23.0,"key":"Weak Potion"},{"floor":25.0,"key":"SteroidPotion"},{"floor":28.0,"key":"SmokeBomb"},{"floor":31.0,"key":"BloodPotion"},{"floor":33.0,"key":"Fire Potion"},{"floor":35.0,"key":"SpeedPotion"},{"floor":38.0,"key":"BloodPotion"},{"floor":41.0,"key":"EssenceOfSteel"},{"floor":42.0,"key":"Poison Potion"},{"floor":44.0,"key":"Block Potion"}],"is_trial":false,"path_per_floor":["M","M","?","$","M","R","E","M","T","R","E","M","E","?","R","B",null,"M","?","M","?","M","E","?","E","T","M","E","R","M","M","R","B",null,"M","?","M","M","?","E","M","?","T","E","$","E","R","M","R","B",null,"R","$","E","B",null],"character_chosen":"IRONCLAD","items_purchased":["Feed","Orichalcum","DollysMirror","Strawberry","War Paint","Vajra","Pen Nib","Reaper","SkillPotion","Strength Potion"],"campfire_rested":0,"item_purchase_floors":[4,45,45,45,45,45,53,53,53,53],"current_hp_per_floor":[70,74,63,63,69,69,61,66,66,66,38,45,45,38,38,73,111,118,102,110,110,112,105,105,117,117,130,111,111,117,116,116,118,152,166,166,172,170,170,169,168,187,187,191,198,192,192,202,202,188,199,199,199,195,188],"gold":36,"neow_bonus":"TWENTY_PERCENT_HP_BONUS","is_prod":false,"is_daily":false,"chose_seed":false,"campfire_upgraded":7,"win_rate":0,"timestamp":1558429594,"path_taken":["M","M","?","$","M","R","E","M","T","R","E","M","E","?","R","BOSS","M","?","M","?","M","E","?","E","T","M","E","R","M","M","R","BOSS","M","?","M","M","?","E","M","?","T","E","$","E","R","M","R","BOSS","R","$","E","BOSS"],"build_version":"2019-01-23","purchased_purges":2,"victory":true,"max_hp_per_floor":[96,96,96,96,99,99,103,107,107,107,111,115,119,119,119,123,123,127,127,131,131,135,135,135,139,139,143,147,147,155,159,159,163,163,167,167,175,179,179,183,183,187,187,191,198,198,198,202,202,202,202,202,202,206,206],"card_choices":[{"not_picked":["Cleave","Sentinel"],"picked":"Ghostly Armor","floor":1.0},{"not_picked":["Rupture","Heavy Blade"],"picked":"Cleave","floor":2.0},{"not_picked":["Flex","Hemokinesis"],"picked":"Carnage","floor":5.0},{"not_picked":["Rage","Flex","Heavy Blade"],"picked":"SKIP","floor":7.0},{"not_picked":["Twin Strike","Anger","Body Slam"],"picked":"Shrug It Off","floor":8.0},{"not_picked":["Blood for Blood","Second Wind","Pommel Strike","Berserk"],"picked":"SKIP","floor":11.0},{"not_picked":["Ghostly Armor","Reckless Charge","Wild Strike","Perfected Strike"],"picked":"SKIP","floor":12.0},{"not_picked":["Pommel Strike","Sentinel","Shrug It Off"],"picked":"Shockwave","floor":13.0},{"not_picked":["Bludgeon","Juggernaut","Feed"],"picked":"Offering","floor":16.0},{"not_picked":["Wild Strike+1","Havoc","Clash","Warcry"],"picked":"SKIP","floor":18.0},{"not_picked":["Wild Strike","Anger","Rupture"],"picked":"Uppercut","floor":20.0},{"not_picked":["Combust","True Grit","Searing Blow"],"picked":"Evolve+1","floor":22.0},{"not_picked":["Fire Breathing","Flex","Heavy Blade","Iron Wave"],"picked":"SKIP","floor":23.0},{"not_picked":["Metallicize","Twin Strike","Thunderclap"],"picked":"Demon Form","floor":25.0},{"not_picked":["Seeing Red+1","Clothesline","Headbutt"],"picked":"Inflame","floor":27.0},{"not_picked":["Twin Strike+1","Body Slam","Corruption","Warcry"],"picked":"SKIP","floor":28.0},{"not_picked":["Pommel Strike+1","Clothesline+1","Shockwave","Anger"],"picked":"SKIP","floor":30.0},{"not_picked":["Pommel Strike+1","Clothesline+1","Shockwave","Anger"],"picked":"SKIP","floor":30.0},{"not_picked":["Shrug It Off","Perfected Strike","Warcry"],"picked":"Juggernaut","floor":31.0},{"not_picked":["Berserk","Brutality","Juggernaut"],"picked":"Exhume","floor":33.0},{"not_picked":["Rampage+1","Searing Blow","Corruption+1","Thunderclap+1"],"picked":"SKIP","floor":35.0},{"not_picked":["Jack Of All Trades","The Bomb","Dark Shackles"],"picked":"Secret Technique","floor":36.0},{"not_picked":["Warcry","Iron Wave","Thunderclap","Clothesline"],"picked":"SKIP","floor":37.0},{"not_picked":["Twin Strike+1","Rage+1","Flame Barrier+1"],"picked":"Sword Boomerang+1","floor":38.0},{"not_picked":["Entrench+1","Heavy Blade","Twin Strike+1","Pommel Strike+1"],"picked":"SKIP","floor":40.0},{"not_picked":["Carnage+1","Armaments+1","Anger+1","Twin Strike+1"],"picked":"SKIP","floor":41.0},{"not_picked":["Bloodletting","Burning Pact+1","Rage"],"picked":"Warcry+1","floor":42.0},{"not_picked":["Second Wind","Anger+1","Havoc+1","Double Tap"],"picked":"SKIP","floor":44.0},{"not_picked":["Blood for Blood","Clash+1","Armaments","Thunderclap+1"],"picked":"SKIP","floor":46.0},{"not_picked":["Twin Strike+1","Body Slam","Clash","Havoc"],"picked":"SKIP","floor":48.0},{"not_picked":["Thunderclap+1","Clothesline","Fiend Fire"],"picked":"Warcry+1","floor":54.0}],"player_experience":577644,"relics_obtained":[{"floor":7.0,"key":"Question Card"},{"floor":9.0,"key":"Pantograph"},{"floor":11.0,"key":"Darkstone Periapt"},{"floor":13.0,"key":"FossilizedHelix"},{"floor":19.0,"key":"Enchiridion"},{"floor":23.0,"key":"MawBank"},{"floor":25.0,"key":"Bag of Marbles"},{"floor":28.0,"key":"Mummified Hand"},{"floor":40.0,"key":"Bottled Tornado"},{"floor":42.0,"key":"Turnip"},{"floor":43.0,"key":"The Courier"},{"floor":44.0,"key":"Blood Vial"},{"floor":46.0,"key":"Sundial"},{"floor":54.0,"key":"Anchor"}],"event_choices":[{"damage_healed":0.0,"max_hp_gain":0.0,"max_hp_loss":0.0,"gold_gain":75.0,"event_name":"World of Goop","player_choice":"Gather Gold","floor":3.0,"gold_loss":0.0,"damage_taken":11.0},{"cards_removed":["Strike_R"],"damage_healed":0.0,"max_hp_gain":0.0,"max_hp_loss":0.0,"gold_gain":0.0,"event_name":"Golden Wing","player_choice":"Card Removal","floor":14.0,"gold_loss":0.0,"damage_taken":7.0},{"damage_healed":0.0,"max_hp_gain":0.0,"max_hp_loss":0.0,"gold_gain":0.0,"event_name":"Cursed Tome","player_choice":"Obtained Book","floor":19.0,"gold_loss":0.0,"damage_taken":16.0},{"damage_healed":0.0,"max_hp_gain":0.0,"max_hp_loss":0.0,"gold_gain":0.0,"event_name":"The Library","player_choice":"Read","floor":21.0,"gold_loss":0.0,"damage_taken":0.0,"cards_obtained":["Immolate"]},{"damage_healed":0.0,"max_hp_gain":0.0,"max_hp_loss":0.0,"gold_gain":0.0,"event_name":"Match and Keep!","player_choice":"2 cards matched","floor":24.0,"gold_loss":0.0,"damage_taken":0.0,"cards_obtained":["Exhume","Bandage Up"]},{"damage_healed":0.0,"max_hp_gain":0.0,"max_hp_loss":0.0,"gold_gain":0.0,"event_name":"SensoryStone","player_choice":"Memory 1","floor":36.0,"gold_loss":0.0,"damage_taken":0.0},{"cards_removed":["Strike_R"],"damage_healed":0.0,"max_hp_gain":0.0,"max_hp_loss":0.0,"gold_gain":0.0,"event_name":"Falling","player_choice":"Removed Attack","floor":39.0,"gold_loss":0.0,"damage_taken":0.0},{"damage_healed":0.0,"max_hp_gain":0.0,"max_hp_loss":0.0,"gold_gain":0.0,"event_name":"MindBloom","player_choice":"Fight","floor":42.0,"gold_loss":0.0,"damage_taken":0.0}],"is_beta":false,"boss_relics":[{"not_picked":["Tiny House","White Beast Statue"],"picked":"Coffee Dripper"},{"not_picked":["Runic Cube","Orrery"],"picked":"Mark of Pain"}],"items_purged_floors":[45,53],"is_endless":false,"potions_floor_spawned":[2,5,8,11,23,25,28,31,33,35,38,41,42,44],"ascension_level":5}