{"gold_per_floor":[117,130,140,90,108,133,133,57,108,123,123,136,136,136,136,259,259,280,50,50,74,92,92,108,108,108,108,108,58,78,103,103,224,224,224],"floor_reached":35,"playtime":3049,"items_purged":["Strike_G"],"score":384,"play_id":"d7b69997-120c-427a-8dd2-2480f896a751","local_time":"20190131232740","is_ascension_mode":false,"campfire_choices":[{"data":"Poisoned Stab","floor":7,"key":"SMITH"},{"data":"Envenom","floor":11,"key":"SMITH"},{"floor":15,"key":"REST"},{"floor":23,"key":"REST"},{"data":"Catalyst","floor":25,"key":"SMITH"},{"data":"Burst","floor":27,"key":"SMITH"},{"floor":32,"key":"REST"}],"neow_cost":"NONE","seed_source_timestamp":103575702201781,"circlet_count":0,"master_deck":["Defend_G","Defend_G","Defend_G","Defend_G","Defend_G","Strike_G","Strike_G","Survivor","Neutralize","Bane","Quick Slash","Prepared","Poisoned Stab+1","Poisoned Stab","Envenom+1","Backflip","Catalyst+1","Burst+1","Deadly Poison","Backflip+1","Backflip+1"],"relics":["Ring of the Snake","Centennial Puzzle","Sundial","Regal Pillow","Golden Idol","Busted Crown","Juzu Bracelet","Calipers","Runic Pyramid"],"potions_floor_usage":[6,6,33],"damage_taken":[{"damage":0,"enemies":"Cultist","floor":1,"turns":5},{"damage":0,"enemies":"Small Slimes","floor":2,"turns":3},{"damage":0,"enemies":"Jaw Worm","floor":3,"turns":3},{"damage":4,"enemies":"Large Slime","floor":5,"turns":10},{"damage":13,"enemies":"Gremlin Nob","floor":6,"turns":5},{"damage":7,"enemies":"Looter","floor":10,"turns":2},{"damage":0,"enemies":"Exordium Wildlife","floor":12,"turns":3},{"damage":40,"enemies":"Slime Boss","floor":16,"turns":8},{"damage":0,"enemies":"3 Byrds","floor":18,"turns":5},{"damage":27,"enemies":"Colosseum Slavers","floor":20,"turns":5},{"damage":1,"enemies":"Chosen","floor":21,"turns":3},{"damage":29,"enemies":"3 Cultists","floor":22,"turns":6},{"damage":6,"enemies":"Snake Plant","floor":24,"turns":4},{"damage":4,"enemies":"Cultist and Chosen","floor":30,"turns":5},{"damage":0,"enemies":"Snecko","floor":31,"turns":1},{"damage":65,"enemies":"Automaton","floor":33,"turns":7},{"damage":2,"enemies":"3 Darklings","floor":35,"turns":4}],"seed_played":"-7971567598155228432","potions_obtained":[{"floor":3,"key":"Regen Potion"},{"floor":5,"key":"PowerPotion"},{"floor":6,"key":"Swift Potion"},{"floor":12,"key":"PowerPotion"},{"floor":22,"key":"EssenceOfSteel"}],"is_trial":false,"path_per_floor":["M","M","M","?","M","E","R","$","T","M","R","M","?","?","R","B",null,"M","$","?","M","M","R","M","R","T","R","?","?","M","M","R","B",null,"M"],"character_chosen":"THE_SILENT","items_purchased":["Envenom","Juzu Bracelet"],"campfire_rested":3,"item_purchase_floors":[8,19],"current_hp_per_floor":[70,70,70,70,66,62,62,62,62,55,55,55,38,31,67,27,70,70,70,43,42,13,49,43,43,43,43,43,43,39,39,70,5,70,68],"gold":224,"neow_bonus":"RANDOM_COMMON_RELIC","is_prod":false,"is_daily":false,"chose_seed":false,"campfire_upgraded":4,"win_rate":0,"timestamp":1548998860,"path_taken":["M","M","?","?","M","E","R","?","T","M","R","M","?","?","R","BOSS","M","$","?","M","M","R","M","R","T","R","?","?","M","M","R","BOSS","M"],"build_version":"2019-01-23","purchased_purges":1,"victory":false,"max_hp_per_floor":[70,70,70,70,70,70,70,70,70,70,70,70,70,70,70,70,70,70,70,70,70,70,70,70,70,70,70,70,70,70,70,70,70,70,70],"card_choices":[{"not_picked":["Deflect","Expertise"],"picked":"Bane","floor":1},{"not_picked":["Leg Sweep","Riddle With Holes"],"picked":"Quick Slash","floor":2},{"not_picked":["Finisher","Endless Agony"],"picked":"Prepared","floor":3},{"not_picked":["Finisher","Prepared"],"picked":"Poisoned Stab","floor":5},{"not_picked":["Sucker Punch","Bane"],"picked":"Poisoned Stab","floor":6},{"not_picked":["Acrobatics","Prepared"],"picked":"Backflip","floor":10},{"not_picked":["Underhanded Strike","Dagger Spray"],"picked":"Catalyst","floor":12},{"not_picked":["Die Die Die","Storm of Steel"],"picked":"Burst","floor":16},{"not_picked":[],"picked":"Deadly Poison","floor":18},{"not_picked":[],"picked":"Backflip+1","floor":21},{"not_picked":["Eviscerate+1"],"picked":"SKIP","floor":22},{"not_picked":["Expertise"],"picked":"SKIP","floor":24},{"not_picked":[],"picked":"Backflip+1","floor":30},{"not_picked":["Underhanded Strike"],"picked":"SKIP","floor":31}],"player_experience":151523,"relics_obtained":[{"floor":6,"key":"Sundial"},{"floor":9,"key":"Regal Pillow"},{"floor":26,"key":"Calipers"}],"event_choices":[{"cards_removed":["Strike_G"],"damage_healed":0,"gold_gain":0,"player_choice":"Card Removal","damage_taken":0,"max_hp_gain":0,"max_hp_loss":0,"event_name":"The Cleric","floor":4,"gold_loss":50},{"damage_healed":0,"gold_gain":0,"player_choice":"Take Damage","damage_taken":17,"relics_obtained":["Golden Idol"],"max_hp_gain":0,"max_hp_loss":0,"event_name":"Golden Idol","floor":13,"gold_loss":0},{"cards_removed":["Strike_G"],"damage_healed":0,"gold_gain":0,"player_choice":"Card Removal","damage_taken":7,"max_hp_gain":0,"max_hp_loss":0,"event_name":"Golden Wing","floor":14,"gold_loss":0},{"damage_healed":0,"gold_gain":0,"player_choice":"Fight","damage_taken":0,"max_hp_gain":0,"max_hp_loss":0,"event_name":"Colosseum","floor":20,"gold_loss":0},{"damage_healed":0,"gold_gain":0,"player_choice":"Fled From Nobs","damage_taken":0,"max_hp_gain":0,"max_hp_loss":0,"event_name":"Colosseum","floor":20,"gold_loss":0},{"damage_healed":0,"gold_gain":0,"player_choice":"Ignored","damage_taken":0,"max_hp_gain":0,"max_hp_loss":0,"event_name":"Ghosts","floor":28,"gold_loss":0},{"damage_healed":0,"gold_gain":0,"player_choice":"Bet on Murderer","damage_taken":0,"max_hp_gain":0,"max_hp_loss":0,"event_name":"The Joust","floor":29,"gold_loss":50}],"is_beta":false,"boss_relics":[{"not_picked":["Philosopher\u0027s Stone","White Beast Statue"],"picked":"Busted Crown"},{"not_picked":["Eternal Feather","Lizard Tail"],"picked":"Runic Pyramid"}],"items_purged_floors":[19],"is_endless":false,"potions_floor_spawned":[3,5,6,12,20,22,24],"killed_by":"3 Darklings","ascension_level":0}