{"gold_per_floor":[112,62,76,76,95,129,129,146,169,169,203,221,252,268,268,363,363,346,25,35,35,50,76,76],"floor_reached":24,"playtime":3039,"items_purged":["Strike_G"],"score":250,"play_id":"ca81f959-c8dd-48e5-ac62-242f13088bee","local_time":"20190516153824","is_ascension_mode":true,"campfire_choices":[{"data":"Neutralize","floor":10.0,"key":"SMITH"},{"data":"Dash","floor":15,"key":"SMITH"}],"neow_cost":"NONE","seed_source_timestamp":75049856254704,"circlet_count":0,"master_deck":["Defend_G","Defend_G","Defend_G","Defend_G","Defend_G","Strike_G","Strike_G","Strike_G","Survivor","Neutralize+1","Terror+1","Dash+1","Backflip","Flying Knee","PiercingWail","PiercingWail","Envenom","Bane","Well Laid Plans","Deadly Poison","Flying Knee+1","Regret","A Thousand Cuts","Infinite Blades+1","PiercingWail+1"],"special_seed":0,"relics":["Ring of the Snake","Ancient Tea Set","Centennial Puzzle","Snake Skull","Smiling Mask","Philosopher\u0027s Stone","Bag of Marbles","Kunai"],"potions_floor_usage":[11,13,18,20,22,23],"damage_taken":[{"damage":2.0,"enemies":"Jaw Worm","floor":1.0,"turns":4.0},{"damage":0.0,"enemies":"Cultist","floor":3.0,"turns":5.0},{"damage":0.0,"enemies":"Small Slimes","floor":5.0,"turns":5.0},{"damage":40.0,"enemies":"Gremlin Nob","floor":6.0,"turns":6.0},{"damage":0.0,"enemies":"Red Slaver","floor":8.0,"turns":5.0},{"damage":2,"enemies":"3 Sentries","floor":11,"turns":7},{"damage":2,"enemies":"Lots of Slimes","floor":12,"turns":6},{"damage":3,"enemies":"Lagavulin","floor":13,"turns":6},{"damage":0,"enemies":"2 Fungi Beasts","floor":14,"turns":4},{"damage":20,"enemies":"Hexaghost","floor":16,"turns":13},{"damage":7,"enemies":"2 Thieves","floor":18,"turns":5},{"damage":3,"enemies":"Spheric Guardian","floor":20,"turns":6},{"damage":20,"enemies":"Shelled Parasite and Fungi","floor":22,"turns":4},{"damage":45,"enemies":"Slavers","floor":23,"turns":6},{"damage":3,"enemies":"3 Cultists","floor":24,"turns":1}],"seed_played":"7709673977241151344","potions_obtained":[{"floor":5.0,"key":"Block Potion"},{"floor":6.0,"key":"PowerPotion"},{"floor":11,"key":"GamblersBrew"},{"floor":12,"key":"Dexterity Potion"},{"floor":13,"key":"EssenceOfSteel"},{"floor":18,"key":"Explosive Potion"},{"floor":22,"key":"SkillPotion"}],"is_trial":false,"path_per_floor":["M","?","M","?","M","E","?","M","T","R","E","M","E","M","R","B",null,"M","$","M","?","M","E","M"],"character_chosen":"THE_SILENT","items_purchased":["Bag of Marbles","Well Laid Plans","Deadly Poison"],"campfire_rested":0,"item_purchase_floors":[19,19,19],"current_hp_per_floor":[75,75,75,75,75,35,35,35,35,35,33,31,28,28,28,8,77,70,70,67,67,47,2,0],"gold":76,"neow_bonus":"TEN_PERCENT_HP_BONUS","is_prod":false,"is_daily":false,"chose_seed":false,"campfire_upgraded":2,"win_rate":0,"timestamp":1558001304,"path_taken":["M","?","M","?","?","E","?","?","T","R","E","M","E","M","R","BOSS","M","$","?","?","M","E","?"],"build_version":"2019-01-23","purchased_purges":1,"victory":false,"max_hp_per_floor":[77,77,77,77,77,77,77,77,77,77,77,77,77,77,77,77,77,77,77,77,77,77,77,77],"card_choices":[{"not_picked":["Underhanded Strike","Reflex","Slice"],"picked":"SKIP","floor":1.0},{"not_picked":["Flying Knee","Underhanded Strike"],"picked":"Terror","floor":3.0},{"not_picked":["Dagger Spray","Slice","Underhanded Strike"],"picked":"SKIP","floor":5.0},{"not_picked":["Dagger Throw","Quick Slash","Deflect"],"picked":"SKIP","floor":6.0},{"not_picked":["Outmaneuver","Poisoned Stab"],"picked":"Dash","floor":8.0},{"not_picked":["Footwork","PiercingWail"],"picked":"Backflip","floor":11},{"not_picked":["PiercingWail","Acrobatics"],"picked":"Flying Knee","floor":12},{"not_picked":["Poisoned Stab","Unload"],"picked":"PiercingWail","floor":13},{"not_picked":["Prepared","Calculated Gamble"],"picked":"PiercingWail","floor":14},{"not_picked":["Venomology","Glass Knife"],"picked":"Envenom","floor":16},{"not_picked":["Choke","Acrobatics"],"picked":"Bane","floor":18},{"not_picked":["Outmaneuver","Flechettes"],"picked":"Flying Knee+1","floor":20},{"not_picked":["Expertise","Slice"],"picked":"Infinite Blades+1","floor":22},{"not_picked":["Cloak And Dagger","Underhanded Strike"],"picked":"PiercingWail+1","floor":23}],"player_experience":375548,"relics_obtained":[{"floor":6.0,"key":"Ancient Tea Set"},{"floor":9.0,"key":"Centennial Puzzle"},{"floor":11,"key":"Snake Skull"},{"floor":13,"key":"Smiling Mask"},{"floor":23,"key":"Kunai"}],"event_choices":[{"cards_removed":["Strike_G"],"damage_healed":0.0,"max_hp_gain":0.0,"max_hp_loss":0.0,"gold_gain":0.0,"event_name":"The Cleric","player_choice":"Card Removal","floor":2.0,"gold_loss":50.0,"damage_taken":0.0},{"damage_healed":0.0,"max_hp_gain":0.0,"max_hp_loss":0.0,"gold_gain":0.0,"event_name":"The Woman in Blue","player_choice":"Bought 0 Potions","floor":4.0,"gold_loss":0.0,"damage_taken":0.0},{"damage_healed":0.0,"max_hp_gain":0.0,"max_hp_loss":0.0,"gold_gain":0.0,"event_name":"Accursed Blacksmith","player_choice":"Forge","floor":7.0,"gold_loss":0.0,"damage_taken":0.0,"cards_upgraded":["Terror"]},{"damage_healed":0,"gold_gain":0,"player_choice":"2 cards matched","damage_taken":0,"max_hp_gain":0,"max_hp_loss":0,"event_name":"Match and Keep!","floor":21,"gold_loss":0,"cards_obtained":["Regret","A Thousand Cuts"]}],"is_beta":false,"boss_relics":[{"not_picked":["Velvet Choker","Orrery"],"picked":"Philosopher\u0027s Stone"}],"items_purged_floors":[19],"is_endless":false,"potions_floor_spawned":[5,6,11,12,13,18,22],"killed_by":"3 Cultists","ascension_level":1}