{"gold_per_floor":[10,20,20,20,30,30,55,69,69,89,89],"floor_reached":11,"playtime":3710,"items_purged":[],"score":128,"play_id":"9ffaa4c6-d1fb-411a-9c6b-1424fb13fb85","local_time":"20190604184024","is_ascension_mode":true,"campfire_choices":[{"data":"Metallicize","floor":6,"key":"SMITH"}],"neow_cost":"NO_GOLD","seed_source_timestamp":174574079389391,"circlet_count":0,"master_deck":["AscendersBane","Strike_R+1","Strike_R","Strike_R","Strike_R","Strike_R","Defend_R","Defend_R","Defend_R","Defend_R","Bash+1","Heavy Blade","Metallicize+1","Reaper","Headbutt","Cleave"],"special_seed":0,"relics":["Burning Blood","Gremlin Horn","Meat on the Bone"],"potions_floor_usage":[],"damage_taken":[{"damage":14.0,"enemies":"Jaw Worm","floor":1.0,"turns":6.0},{"damage":7,"enemies":"Small Slimes","floor":2,"turns":4},{"damage":10,"enemies":"Cultist","floor":5,"turns":4},{"damage":41,"enemies":"3 Sentries","floor":7,"turns":10},{"damage":8,"enemies":"2 Fungi Beasts","floor":8,"turns":4},{"damage":10,"enemies":"Exordium Wildlife","floor":10,"turns":3},{"damage":45,"enemies":"Lagavulin","floor":11,"turns":8}],"seed_played":"-6269290036194068458","potions_obtained":[{"floor":5,"key":"Strength Potion"},{"floor":10,"key":"Dexterity Potion"}],"is_trial":false,"path_per_floor":["M","M","?","?","M","R","E","M","T","M","E"],"character_chosen":"IRONCLAD","items_purchased":[],"campfire_rested":0,"item_purchase_floors":[],"current_hp_per_floor":[74,73,55,55,51,51,16,22,22,38,0],"gold":89,"neow_bonus":"TWENTY_PERCENT_HP_BONUS","is_prod":false,"is_daily":false,"chose_seed":false,"campfire_upgraded":1,"win_rate":0,"timestamp":1559653824,"path_taken":["M","M","?","?","M","R","E","M","T","M","E"],"build_version":"2019-01-23","purchased_purges":0,"victory":false,"max_hp_per_floor":[89,89,89,89,89,89,89,89,89,89,89],"card_choices":[{"not_picked":["Heavy Blade","Combust","Warcry"],"picked":"SKIP","floor":1.0},{"not_picked":["Hemokinesis","Seeing Red"],"picked":"Heavy Blade","floor":2},{"not_picked":["Havoc","Wild Strike"],"picked":"Metallicize","floor":5},{"not_picked":["Rage","Second Wind"],"picked":"Reaper","floor":7},{"not_picked":["Clash","Anger"],"picked":"Headbutt","floor":8},{"not_picked":["Iron Wave","Rupture"],"picked":"Cleave","floor":10}],"player_experience":1188763,"relics_obtained":[{"floor":7,"key":"Gremlin Horn"},{"floor":9,"key":"Meat on the Bone"}],"event_choices":[{"damage_healed":0,"gold_gain":0,"player_choice":"Entered Light","damage_taken":18,"max_hp_gain":0,"max_hp_loss":0,"event_name":"Shining Light","floor":3,"gold_loss":0,"cards_upgraded":["Bash","Strike_R"]},{"damage_healed":0,"gold_gain":0,"player_choice":"Leave","damage_taken":0,"max_hp_gain":0,"max_hp_loss":0,"event_name":"The Cleric","floor":4,"gold_loss":0}],"is_beta":false,"boss_relics":[],"items_purged_floors":[],"is_endless":false,"potions_floor_spawned":[5,10],"killed_by":"Lagavulin","ascension_level":14}