{"gold_per_floor":[113,127,127,142,417,417,429,123,123,123,17,34,34,34,34,34],"floor_reached":16,"playtime":784,"items_purged":["Regret"],"score":90,"play_id":"6c8a7ebe-2abb-4109-ae04-c445a3400fa2","local_time":"20190421123301","is_ascension_mode":false,"campfire_choices":[{"data":"Consume","floor":6,"key":"SMITH"},{"floor":10,"key":"REST"},{"data":"Chrysalis","floor":13,"key":"SMITH"},{"floor":15,"key":"DIG"}],"neow_cost":"NONE","seed_source_timestamp":232436592867270,"circlet_count":0,"master_deck":["Strike_B","Strike_B","Strike_B","Defend_B","Defend_B","Defend_B","Defend_B","Zap","Dualcast","Multi-Cast","Beam Cell","Genetic Algorithm","Consume+1","Coolheaded","Self Repair","Chrysalis+1","Rebound"],"relics":["Cracked Core","Membership Card","Anchor","Shovel","Kunai"],"potions_floor_usage":[],"damage_taken":[{"damage":5,"enemies":"Jaw Worm","floor":1,"turns":4},{"damage":7,"enemies":"2 Louse","floor":2,"turns":2},{"damage":0,"enemies":"Cultist","floor":4,"turns":3},{"damage":15,"enemies":"Red Slaver","floor":7,"turns":3},{"damage":0,"enemies":"2 Fungi Beasts","floor":12,"turns":2},{"damage":68,"enemies":"Hexaghost","floor":16,"turns":16}],"seed_played":"5764466920054646672","potions_obtained":[{"floor":4,"key":"Strength Potion"},{"floor":7,"key":"Swift Potion"}],"is_trial":false,"path_per_floor":["?","?","M","$"],"character_chosen":"DEFECT","items_purchased":["Membership Card","Anchor","Self Repair","Chrysalis"],"campfire_rested":1,"item_purchase_floors":[8,8,11,11],"current_hp_per_floor":[70,63,56,56,56,56,41,41,41,63,63,63,63,63,63,0],"gold":34,"neow_bonus":"ONE_RANDOM_RARE_CARD","is_prod":false,"is_daily":false,"chose_seed":false,"campfire_upgraded":2,"win_rate":0,"timestamp":1555864381,"path_taken":["M","M","?","M","?","R","M","$","T","R","$","?","R","?","R","BOSS"],"build_version":"2019-01-23","purchased_purges":1,"victory":false,"max_hp_per_floor":[75,75,75,75,75,75,75,75,75,75,75,75,75,75,75,75],"card_choices":[{"not_picked":["Compile Driver","Force Field"],"picked":"Beam Cell","floor":1},{"not_picked":["Double Energy","Go for the Eyes"],"picked":"Genetic Algorithm","floor":2},{"not_picked":["Barrage","Beam Cell"],"picked":"Consume","floor":4},{"not_picked":["Beam Cell","Steam"],"picked":"Coolheaded","floor":7},{"not_picked":["Steam","Recycle"],"picked":"Rebound","floor":12}],"player_experience":397973,"relics_obtained":[{"floor":9,"key":"Shovel"},{"floor":15,"key":"Kunai"}],"event_choices":[{"cards_removed":["Strike_B"],"damage_healed":0,"gold_gain":0,"player_choice":"Card Removal","damage_taken":7,"max_hp_gain":0,"max_hp_loss":0,"event_name":"Golden Wing","floor":3,"gold_loss":0},{"damage_healed":0,"gold_gain":275,"player_choice":"Desecrate","damage_taken":0,"max_hp_gain":0,"max_hp_loss":0,"event_name":"Golden Shrine","floor":5,"gold_loss":0,"cards_obtained":["Regret"]}],"is_beta":false,"boss_relics":[],"items_purged_floors":[8],"is_endless":false,"potions_floor_spawned":[4,7],"killed_by":"Hexaghost","ascension_level":0}