{"gold_per_floor":[112,124,8,8,20,50,50,50,50,50,69,80,80,94,94,197,197],"floor_reached":17,"playtime":861,"items_purged":[],"score":157,"play_id":"06f4a19b-8166-4c88-b2c0-6de2fabbcd72","local_time":"20190305203920","is_ascension_mode":false,"campfire_choices":[{"data":"1","floor":7,"key":"LIFT"},{"data":"2","floor":10,"key":"LIFT"},{"data":"3","floor":13,"key":"LIFT"},{"data":"Infinite Blades","floor":15,"key":"SMITH"}],"neow_cost":"TEN_PERCENT_HP_LOSS","seed_source_timestamp":157998553384944,"circlet_count":0,"master_deck":["Defend_G","Defend_G","Defend_G","Defend_G","Defend_G","Strike_G","Strike_G","Strike_G","Strike_G","Strike_G","Survivor","Neutralize","Blade Dance","Acrobatics","Infinite Blades+1","Finisher","Terror","Blur","A Thousand Cuts"],"relics":["Ring of the Snake","Bird Faced Urn","Girya","Pen Nib","Dead Branch","Runic Dome"],"potions_floor_usage":[],"damage_taken":[{"damage":0,"enemies":"Cultist","floor":1,"turns":5},{"damage":0,"enemies":"2 Louse","floor":2,"turns":3},{"damage":6,"enemies":"Small Slimes","floor":5,"turns":3},{"damage":21,"enemies":"Lagavulin","floor":6,"turns":7},{"damage":11,"enemies":"Exordium Thugs","floor":11,"turns":4},{"damage":0,"enemies":"3 Louse","floor":12,"turns":3},{"damage":1,"enemies":"Red Slaver","floor":14,"turns":3},{"damage":22,"enemies":"Hexaghost","floor":16,"turns":4}],"seed_played":"-5993593797055643574","potions_obtained":[{"floor":2,"key":"Swift Potion"},{"floor":6,"key":"SpeedPotion"},{"floor":11,"key":"GamblersBrew"},{"floor":16,"key":"Swift Potion"}],"is_trial":false,"path_per_floor":["M","M","$","?","M","E","R","?","T","R","M","M","R","M","R","B",null],"character_chosen":"THE_SILENT","items_purchased":["Infinite Blades","Finisher"],"campfire_rested":0,"item_purchase_floors":[3,3],"current_hp_per_floor":[63,63,63,60,56,37,37,37,37,37,28,30,30,31,31,11,63],"gold":197,"neow_bonus":"ONE_RARE_RELIC","is_prod":false,"is_daily":false,"chose_seed":false,"campfire_upgraded":1,"win_rate":0,"timestamp":1551839960,"path_taken":["M","M","?","?","M","E","R","?","T","R","?","M","R","M","R","BOSS"],"build_version":"2019-01-23","purchased_purges":0,"victory":false,"max_hp_per_floor":[63,63,63,63,63,63,63,63,63,63,63,63,63,63,63,63,63],"card_choices":[{"not_picked":["Slice","Bane"],"picked":"Blade Dance","floor":1},{"not_picked":["Backstab","Flying Knee"],"picked":"Acrobatics","floor":2},{"not_picked":["Adrenaline","Underhanded Strike"],"picked":"Terror","floor":5},{"not_picked":["Poisoned Stab","Distraction","Endless Agony"],"picked":"SKIP","floor":6},{"not_picked":["Calculated Gamble","Dagger Throw","Heel Hook"],"picked":"SKIP","floor":11},{"not_picked":["Dagger Spray","Underhanded Strike","Slice"],"picked":"SKIP","floor":12},{"not_picked":["Choke","Venomology"],"picked":"Blur","floor":14},{"not_picked":["Bullet Time","Tools of the Trade"],"picked":"A Thousand Cuts","floor":16}],"player_experience":195534,"relics_obtained":[{"floor":6,"key":"Pen Nib"},{"floor":9,"key":"Dead Branch"}],"event_choices":[{"damage_healed":0,"gold_gain":0,"player_choice":"Success","damage_taken":3,"relics_obtained":["Girya"],"max_hp_gain":0,"max_hp_loss":0,"event_name":"Scrap Ooze","floor":4,"gold_loss":0},{"damage_healed":0,"gold_gain":0,"player_choice":"Leave","damage_taken":0,"max_hp_gain":0,"max_hp_loss":0,"event_name":"FaceTrader","floor":8,"gold_loss":0}],"is_beta":false,"boss_relics":[{"not_picked":["Busted Crown","Astrolabe"],"picked":"Runic Dome"}],"items_purged_floors":[],"is_endless":false,"potions_floor_spawned":[2,6,11,16],"ascension_level":0}