{"gold_per_floor":[113,125,143,163,176,176,190,190,190,213,89,121,121,133,133,236,236,191,191,191,191,191,191,191,191,191,191,191,191,191,191,191,191,191,191,65,65,65,65,65,65,65,65,65,65,65,65,65,65,65,65,65,28,28,28],"floor_reached":55,"playtime":4756,"items_purged":["Strike_B","Strike_B"],"score":916,"play_id":"19488619-801a-469c-a6b1-e675fdb66023","local_time":"20190601210017","is_ascension_mode":false,"campfire_choices":[{"data":"Beam Cell","floor":6.0,"key":"SMITH"},{"data":"Dualcast","floor":8.0,"key":"SMITH"},{"data":"Zap","floor":13.0,"key":"SMITH"},{"data":"Beam Cell","floor":15.0,"key":"SMITH"},{"data":"Beam Cell","floor":27.0,"key":"SMITH"},{"data":"Conserve Battery","floor":29.0,"key":"SMITH"},{"data":"Scrape","floor":32.0,"key":"SMITH"},{"floor":40.0,"key":"RECALL"},{"data":"Reprogram","floor":44.0,"key":"SMITH"},{"data":"Go for the Eyes","floor":46,"key":"SMITH"},{"data":"Steam","floor":49,"key":"SMITH"},{"data":"Steam","floor":52,"key":"SMITH"}],"neow_cost":"TEN_PERCENT_HP_LOSS","seed_source_timestamp":0,"circlet_count":0,"master_deck":["Strike_B","Defend_B","Defend_B","Defend_B","Defend_B","Zap+1","Sweeping Beam","Gash","Go for the Eyes+1","Beam Cell+1","Steam","Conserve Battery+1","Scrape+1","Beam Cell+1","Gash+1","Go for the Eyes","Gash+1","Beam Cell+1","BootSequence","Reprogram+1","Gash","Beam Cell+1","Steam+1","Beam Cell+1","Go for the Eyes+1","All For One+1","Gash+1","FTL+1","Go for the Eyes+1","Steam+1","Reprogram+1","Beam Cell+1","Go for the Eyes+1","FTL+1"],"special_seed":0,"relics":["Cracked Core","Prayer Wheel","Odd Mushroom","Unceasing Top","Ectoplasm","Enchiridion","Frozen Egg 2","PreservedInsect","Molten Egg 2","Orrery","Potion Belt","Bronze Scales","Happy Flower"],"potions_floor_usage":[55,55],"damage_taken":[{"damage":1.0,"enemies":"Jaw Worm","floor":1.0,"turns":3.0},{"damage":0.0,"enemies":"2 Louse","floor":2.0,"turns":1.0},{"damage":0.0,"enemies":"Small Slimes","floor":3.0,"turns":2.0},{"damage":6.0,"enemies":"Blue Slaver","floor":4.0,"turns":4.0},{"damage":15.0,"enemies":"Large Slime","floor":5.0,"turns":5.0},{"damage":0.0,"enemies":"3 Louse","floor":7.0,"turns":3.0},{"damage":9.0,"enemies":"The Mushroom Lair","floor":10.0,"turns":4.0},{"damage":9.0,"enemies":"3 Sentries","floor":12.0,"turns":6.0},{"damage":0.0,"enemies":"2 Fungi Beasts","floor":14.0,"turns":2.0},{"damage":22.0,"enemies":"The Guardian","floor":16.0,"turns":8.0},{"damage":1.0,"enemies":"2 Thieves","floor":18.0,"turns":3.0},{"damage":0.0,"enemies":"Chosen","floor":19.0,"turns":3.0},{"damage":3.0,"enemies":"Snake Plant","floor":21.0,"turns":3.0},{"damage":0.0,"enemies":"Sentry and Sphere","floor":22.0,"turns":2.0},{"damage":3.0,"enemies":"Gremlin Leader","floor":23.0,"turns":4.0},{"damage":0.0,"enemies":"Chosen and Byrds","floor":24.0,"turns":3.0},{"damage":0.0,"enemies":"Slavers","floor":25.0,"turns":3.0},{"damage":0.0,"enemies":"Cultist and Chosen","floor":31.0,"turns":3.0},{"damage":0.0,"enemies":"Automaton","floor":33.0,"turns":4.0},{"damage":0.0,"enemies":"3 Darklings","floor":35.0,"turns":2.0},{"damage":0.0,"enemies":"3 Shapes","floor":37.0,"turns":1.0},{"damage":0.0,"enemies":"Spire Growth","floor":38.0,"turns":2.0},{"damage":0.0,"enemies":"Nemesis","floor":41.0,"turns":3.0},{"damage":0,"enemies":"4 Shapes","floor":47,"turns":2},{"damage":0,"enemies":"Writhing Mass","floor":48,"turns":2},{"damage":60,"enemies":"Time Eater","floor":50,"turns":6},{"damage":0,"enemies":"Shield and Spear","floor":54,"turns":2},{"damage":46,"enemies":"The Heart","floor":55,"turns":5}],"seed_played":"-4276809613134899700","potions_obtained":[{"floor":1.0,"key":"Poison Potion"},{"floor":2.0,"key":"Fire Potion"},{"floor":12.0,"key":"Dexterity Potion"},{"floor":16.0,"key":"EssenceOfSteel"},{"floor":19.0,"key":"SteroidPotion"},{"floor":21.0,"key":"PowerPotion"},{"floor":22.0,"key":"Regen Potion"},{"floor":31.0,"key":"Block Potion"},{"floor":41.0,"key":"SteroidPotion"}],"is_trial":false,"path_per_floor":["M","M","M","M","M","R","M","R","T","?","$","E","R","M","R","B",null,"M","M","?","M","M","E","M","E","T","R","?","R","$","M","R","B",null,"M","$","M","M","?","R","E","?","T","R","?","R","M","M","R","B",null,"R","$","E","B"],"character_chosen":"DEFECT","items_purchased":["Beam Cell","Go for the Eyes+1","FTL+1"],"campfire_rested":0,"item_purchase_floors":[11,36,53],"current_hp_per_floor":[67,67,67,61,46,46,46,46,46,37,37,28,28,28,28,6,68,67,67,51,48,48,57,57,57,57,57,57,57,57,57,57,57,68,68,68,68,68,68,68,68,68,68,68,68,68,68,68,68,8,68,68,68,68,22],"gold":28,"neow_bonus":"ONE_RARE_RELIC","is_prod":false,"is_daily":false,"chose_seed":false,"campfire_upgraded":11,"win_rate":0,"timestamp":1559440817,"path_taken":["M","M","M","M","M","R","M","R","T","?","$","E","R","M","R","BOSS","M","M","?","M","M","E","M","E","T","R","?","R","$","M","R","BOSS","M","$","M","M","?","R","E","?","T","R","?","R","?","M","R","BOSS","R","$","E","BOSS"],"build_version":"2019-01-23","purchased_purges":2,"victory":false,"max_hp_per_floor":[68,68,68,68,68,68,68,68,68,68,68,68,68,68,68,68,68,68,68,68,68,68,68,68,68,68,68,68,68,68,68,68,68,68,68,68,68,68,68,68,68,68,68,68,68,68,68,68,68,68,68,68,68,68,68],"card_choices":[{"not_picked":["Fusion","Blizzard"],"picked":"Sweeping Beam","floor":1.0},{"not_picked":["Hologram","Barrage","Creative AI"],"picked":"SKIP","floor":1.0},{"not_picked":["Conserve Battery","Steam Power"],"picked":"Gash","floor":2.0},{"not_picked":["Turbo","Sweeping Beam","Aggregate"],"picked":"SKIP","floor":2.0},{"not_picked":["Fusion","Coolheaded"],"picked":"Skim","floor":3.0},{"not_picked":["Redo","White Noise"],"picked":"Go for the Eyes","floor":3.0},{"not_picked":["Scrape","Turbo"],"picked":"Beam Cell","floor":4.0},{"not_picked":["Compile Driver","Aggregate","White Noise"],"picked":"SKIP","floor":4.0},{"not_picked":["Melter","Storm","Ball Lightning"],"picked":"SKIP","floor":5.0},{"not_picked":["Meteor Strike","Static Discharge","Coolheaded"],"picked":"SKIP","floor":5.0},{"not_picked":["Leap","Compile Driver"],"picked":"Steam","floor":7.0},{"not_picked":["Leap","Streamline"],"picked":"Conserve Battery","floor":7.0},{"not_picked":["Double Energy","Beam Cell"],"picked":"Scrape","floor":10.0},{"not_picked":["Barrage","Conserve Battery","Hyperbeam"],"picked":"SKIP","floor":12.0},{"not_picked":["Stack","Defragment","Hello World"],"picked":"SKIP","floor":14.0},{"not_picked":["Coolheaded","Hello World","Compile Driver"],"picked":"SKIP","floor":14.0},{"not_picked":["Go for the Eyes+1","Cold Snap"],"picked":"Gash+1","floor":18.0},{"not_picked":["Doom and Gloom+1","Coolheaded"],"picked":"Go for the Eyes","floor":18.0},{"not_picked":["Go for the Eyes","Storm"],"picked":"Gash+1","floor":19.0},{"not_picked":["Consume+1","Meteor Strike"],"picked":"Beam Cell","floor":19.0},{"not_picked":["Rebound+1","Beam Cell"],"picked":"BootSequence","floor":21.0},{"not_picked":["Coolheaded","Auto Shields","Melter"],"picked":"SKIP","floor":21.0},{"not_picked":["Consume","Chaos"],"picked":"Reprogram","floor":22.0},{"not_picked":["Rebound","Ball Lightning","Force Field"],"picked":"SKIP","floor":22.0},{"not_picked":["Hologram+1","Hyperbeam","Heatsinks"],"picked":"SKIP","floor":23.0},{"not_picked":["Go for the Eyes","Tempest"],"picked":"Gash","floor":24.0},{"not_picked":["Aggregate+1","Auto Shields","Chill"],"picked":"SKIP","floor":24.0},{"not_picked":["Turbo","Conserve Battery","Hyperbeam"],"picked":"SKIP","floor":25.0},{"not_picked":["Streamline+1","Coolheaded"],"picked":"Steam","floor":31.0},{"not_picked":["Coolheaded+1","Steam Power","Heatsinks+1"],"picked":"SKIP","floor":31.0},{"not_picked":["Rebound+1","Melter+1"],"picked":"Beam Cell+1","floor":34.0},{"not_picked":["Genetic Algorithm+1","Stack+1"],"picked":"Go for the Eyes+1","floor":34.0},{"not_picked":["Go for the Eyes+1","Leap"],"picked":"All For One+1","floor":34.0},{"not_picked":["Sweeping Beam+1","Leap"],"picked":"Gash+1","floor":35.0},{"not_picked":["Stack","Glacier+1"],"picked":"FTL+1","floor":35.0},{"not_picked":["Sweeping Beam+1","Meteor Strike+1","Stack"],"picked":"SKIP","floor":37.0},{"not_picked":["Cold Snap+1","Coolheaded+1","Undo"],"picked":"SKIP","floor":37.0},{"not_picked":["Self Repair+1","Conserve Battery+1"],"picked":"Steam","floor":38.0},{"not_picked":["Tempest","Loop+1","Barrage+1"],"picked":"SKIP","floor":38.0},{"not_picked":["Ball Lightning+1","Glacier+1"],"picked":"Reprogram+1","floor":41.0},{"not_picked":["Turbo+1","Coolheaded+1"],"picked":"Beam Cell+1","floor":47},{"not_picked":["Hologram","Fission"],"picked":"Go for the Eyes+1","floor":47},{"not_picked":["Ball Lightning+1","Loop+1","Scrape+1"],"picked":"SKIP","floor":48},{"not_picked":["Steam Power","Doom and Gloom+1","Fusion"],"picked":"SKIP","floor":48},{"not_picked":["Heatsinks+1","Chaos+1","Rebound+1"],"picked":"SKIP","floor":54}],"player_experience":306694,"relics_obtained":[{"floor":10.0,"key":"Odd Mushroom"},{"floor":12.0,"key":"Unceasing Top"},{"floor":20.0,"key":"Enchiridion"},{"floor":23.0,"key":"Frozen Egg 2"},{"floor":25.0,"key":"PreservedInsect"},{"floor":26.0,"key":"Molten Egg 2"},{"floor":41.0,"key":"Potion Belt"},{"floor":43.0,"key":"Bronze Scales"},{"floor":54,"key":"Happy Flower"}],"event_choices":[{"damage_healed":0.0,"max_hp_gain":0.0,"max_hp_loss":0.0,"gold_gain":0.0,"event_name":"Mushrooms","player_choice":"Fought Mushrooms","floor":10.0,"gold_loss":0.0,"damage_taken":0.0},{"damage_healed":0.0,"max_hp_gain":0.0,"max_hp_loss":0.0,"gold_gain":0.0,"event_name":"Cursed Tome","player_choice":"Obtained Book","floor":20.0,"gold_loss":0.0,"damage_taken":16.0},{"damage_healed":0.0,"max_hp_gain":0.0,"max_hp_loss":0.0,"gold_gain":0.0,"event_name":"The Library","player_choice":"Read","floor":28.0,"gold_loss":0.0,"damage_taken":0.0,"cards_obtained":["Beam Cell"]},{"damage_healed":0.0,"max_hp_gain":0.0,"max_hp_loss":0.0,"gold_gain":0.0,"event_name":"Tomb of Lord Red Mask","player_choice":"Ignored","floor":39.0,"gold_loss":0.0,"damage_taken":0.0},{"cards_removed":["Dualcast"],"damage_healed":0.0,"max_hp_gain":0.0,"max_hp_loss":0.0,"gold_gain":0.0,"event_name":"Falling","player_choice":"Removed Skill","floor":42.0,"gold_loss":0.0,"damage_taken":0.0},{"damage_healed":0,"gold_gain":0,"player_choice":"Ignored","damage_taken":0,"max_hp_gain":0,"max_hp_loss":0,"event_name":"Transmorgrifier","floor":45,"gold_loss":0}],"is_beta":false,"boss_relics":[{"not_picked":["White Beast Statue","Inserter"],"picked":"Ectoplasm"},{"not_picked":["Philosopher\u0027s Stone","Calling Bell"],"picked":"Orrery"}],"items_purged_floors":[11,36],"is_endless":false,"potions_floor_spawned":[1,2,12,16,19,21,22,31,33,37,41],"killed_by":"The Heart","ascension_level":0}