{"gold_per_floor":[112,129,142,152,167,167,197,197,220,145,145,159,170,202,202,274,274,292,292,302,302,5,5,65,65,91,271,271,305,64,64,64,136,136,156,156,176,176,176,176,46,78,101,114,114,145,145,145,145,145],"floor_reached":50,"playtime":1220,"items_purged":["Iron Wave"],"score":1090,"play_id":"66bde03c-47b5-4380-8361-8ce552c6e186","local_time":"20190407000915","is_ascension_mode":true,"campfire_choices":[{"data":"Perfected Strike","floor":8.0,"key":"SMITH"},{"data":"Perfected Strike","floor":11.0,"key":"SMITH"},{"data":"Perfected Strike","floor":15.0,"key":"SMITH"},{"data":"Offering","floor":23.0,"key":"SMITH"},{"floor":28.0,"key":"REST"},{"floor":32.0,"key":"REST"},{"data":"Power Through","floor":40.0,"key":"SMITH"},{"data":"True Grit","floor":45.0,"key":"SMITH"},{"floor":49.0,"key":"REST"}],"neow_cost":"NONE","seed_source_timestamp":5290645565150,"circlet_count":0,"master_deck":["AscendersBane","Strike_R+1","Strike_R+1","Strike_R+1","Strike_R+1","Strike_R+1","Defend_R+1","Defend_R+1","Defend_R+1","Defend_R+1","Bash","Perfected Strike+1","Perfected Strike+1","Headbutt","Cleave","Clothesline","Perfected Strike+1","Offering+1","Pommel Strike+1","Perfected Strike+1","Headbutt","Pommel Strike","Perfected Strike+1","Wild Strike","Twin Strike","Power Through+1","Pommel Strike","Offering","Rage","True Grit+1","Swift Strike"],"special_seed":0,"relics":["Burning Blood","Lantern","Juzu Bracelet","Oddly Smooth Stone","Snecko Eye","DollysMirror","Tiny Chest","Omamori","Pen Nib","Strawberry","Mark of Pain","Ancient Tea Set","Boot","Potion Belt"],"potions_floor_usage":[50,50],"damage_taken":[{"damage":10.0,"enemies":"Cultist","floor":1.0,"turns":4.0},{"damage":3.0,"enemies":"Jaw Worm","floor":2.0,"turns":4.0},{"damage":5.0,"enemies":"2 Louse","floor":3.0,"turns":3.0},{"damage":13.0,"enemies":"Exordium Wildlife","floor":4.0,"turns":4.0},{"damage":11.0,"enemies":"Blue Slaver","floor":5.0,"turns":4.0},{"damage":27.0,"enemies":"Gremlin Nob","floor":7.0,"turns":4.0},{"damage":9.0,"enemies":"Red Slaver","floor":12.0,"turns":2.0},{"damage":2.0,"enemies":"2 Fungi Beasts","floor":13.0,"turns":3.0},{"damage":20.0,"enemies":"3 Sentries","floor":14.0,"turns":4.0},{"damage":18.0,"enemies":"Slime Boss","floor":16.0,"turns":8.0},{"damage":12.0,"enemies":"Chosen","floor":18.0,"turns":1.0},{"damage":0.0,"enemies":"Spheric Guardian","floor":20.0,"turns":2.0},{"damage":6.0,"enemies":"Gremlin Leader","floor":24.0,"turns":5.0},{"damage":43.0,"enemies":"Slavers","floor":29.0,"turns":4.0},{"damage":31.0,"enemies":"Automaton","floor":33.0,"turns":6.0},{"damage":14.0,"enemies":"3 Darklings","floor":35.0,"turns":3.0},{"damage":15.0,"enemies":"3 Shapes","floor":37.0,"turns":3.0},{"damage":15.0,"enemies":"Giant Head","floor":42.0,"turns":4.0},{"damage":0.0,"enemies":"Transient","floor":44.0,"turns":5.0},{"damage":20.0,"enemies":"Nemesis","floor":46.0,"turns":5.0},{"damage":67,"enemies":"Awakened One","floor":50,"turns":4}],"seed_played":"638319024739699562","potions_obtained":[{"floor":1.0,"key":"Energy Potion"},{"floor":4.0,"key":"Fire Potion"},{"floor":7.0,"key":"Strength Potion"},{"floor":14.0,"key":"Block Potion"},{"floor":16.0,"key":"Strength Potion"},{"floor":18.0,"key":"Dexterity Potion"}],"is_trial":false,"path_per_floor":["M","M","M","M","M","?","E","R","T","?","R","M","M","E","R","B",null,"M","?","M","?","$","R","E","?","T","?","R","E","$","?","R","B",null,"M","?","M","?","?","R","$","E","T","M","R","E","?","?","R","B"],"character_chosen":"IRONCLAD","items_purchased":["DollysMirror","Headbutt","Strawberry","Energy Potion","Wild Strike","Pommel Strike","Offering"],"campfire_rested":3,"item_purchase_floors":[22,22,30,30,30,41,41],"current_hp_per_floor":[64,67,68,61,56,56,35,35,35,35,35,32,36,22,22,10,59,53,53,59,59,59,59,59,59,59,38,60,23,30,30,54,29,69,61,61,52,68,68,68,68,59,59,65,65,51,41,41,65,0],"gold":145,"neow_bonus":"ONE_RANDOM_RARE_CARD","is_prod":false,"is_daily":false,"chose_seed":false,"campfire_upgraded":6,"win_rate":0,"timestamp":1554563355,"path_taken":["M","M","?","M","M","?","E","R","T","?","R","M","M","E","R","BOSS","M","?","M","?","?","R","E","?","T","?","R","E","$","?","R","BOSS","M","?","M","?","?","R","?","E","T","M","R","E","?","?","R","BOSS"],"build_version":"2019-01-23","purchased_purges":1,"victory":false,"max_hp_per_floor":[75,75,75,75,75,75,75,75,75,75,75,75,75,75,75,75,75,75,75,75,75,75,75,75,75,75,75,75,75,82,82,82,82,82,82,82,82,82,82,82,82,82,82,82,82,82,82,82,82,82],"card_choices":[{"not_picked":["Dual Wield","Thunderclap"],"picked":"Perfected Strike","floor":1.0},{"not_picked":["Havoc","Carnage"],"picked":"Body Slam","floor":2.0},{"not_picked":["True Grit","Rupture"],"picked":"Battle Trance","floor":3.0},{"not_picked":["Sever Soul","Thunderclap"],"picked":"Iron Wave","floor":4.0},{"not_picked":["Shrug It Off","Inflame"],"picked":"Perfected Strike","floor":5.0},{"not_picked":["Berserk","Feed"],"picked":"Headbutt","floor":7.0},{"not_picked":["Iron Wave","Power Through"],"picked":"Cleave","floor":12.0},{"not_picked":["Havoc","Hemokinesis"],"picked":"Clothesline","floor":13.0},{"not_picked":["Entrench","Anger"],"picked":"Perfected Strike","floor":14.0},{"not_picked":["Fiend Fire","Double Tap"],"picked":"Offering","floor":16.0},{"not_picked":["Sword Boomerang","Corruption"],"picked":"Pommel Strike+1","floor":18.0},{"not_picked":["Sword Boomerang","Flex","Entrench"],"picked":"SKIP","floor":20.0},{"not_picked":["Carnage","Spot Weakness"],"picked":"Pommel Strike","floor":24.0},{"not_picked":["Pommel Strike","Thunderclap"],"picked":"Perfected Strike+1","floor":29.0},{"not_picked":["Battle Trance","Uppercut"],"picked":"Twin Strike","floor":35.0},{"not_picked":["Sentinel+1","Body Slam"],"picked":"Power Through","floor":37.0},{"not_picked":["Flex","Demon Form"],"picked":"Rage","floor":42.0},{"not_picked":["Armaments","Dual Wield"],"picked":"True Grit","floor":44.0},{"not_picked":["Spot Weakness","Iron Wave","Sword Boomerang+1"],"picked":"SKIP","floor":46.0},{"not_picked":["Chrysalis","Panacea"],"picked":"Swift Strike","floor":47.0}],"player_experience":432079,"relics_obtained":[{"floor":7.0,"key":"Lantern"},{"floor":9.0,"key":"Juzu Bracelet"},{"floor":14.0,"key":"Oddly Smooth Stone"},{"floor":24.0,"key":"Tiny Chest"},{"floor":26.0,"key":"Omamori"},{"floor":29.0,"key":"Pen Nib"},{"floor":42.0,"key":"Ancient Tea Set"},{"floor":43.0,"key":"Boot"},{"floor":46.0,"key":"Potion Belt"}],"event_choices":[{"damage_healed":0.0,"max_hp_gain":0.0,"max_hp_loss":0.0,"gold_gain":0.0,"event_name":"Liars Game","player_choice":"Ignored","floor":6.0,"gold_loss":0.0,"damage_taken":0.0},{"cards_removed":["Body Slam"],"damage_healed":0.0,"max_hp_gain":0.0,"max_hp_loss":0.0,"gold_gain":0.0,"event_name":"The Cleric","player_choice":"Card Removal","floor":10.0,"gold_loss":75.0,"damage_taken":0.0},{"damage_healed":0.0,"max_hp_gain":0.0,"max_hp_loss":0.0,"gold_gain":0.0,"event_name":"Back to Basics","player_choice":"Simplicity","floor":19.0,"gold_loss":0.0,"damage_taken":0.0,"cards_upgraded":["Strike_R","Strike_R","Strike_R","Strike_R","Strike_R","Defend_R","Defend_R","Defend_R","Defend_R"]},{"damage_healed":0.0,"max_hp_gain":0.0,"max_hp_loss":0.0,"gold_gain":0.0,"event_name":"Ghosts","player_choice":"Ignored","floor":21.0,"gold_loss":0.0,"damage_taken":0.0},{"damage_healed":0.0,"max_hp_gain":0.0,"max_hp_loss":0.0,"gold_gain":180.0,"event_name":"Knowing Skull","player_choice":"GOLD GOLD ","floor":27.0,"potions_obtained":[],"gold_loss":0.0,"damage_taken":21.0,"cards_obtained":[]},{"damage_healed":0.0,"max_hp_gain":0.0,"max_hp_loss":0.0,"gold_gain":0.0,"event_name":"Forgotten Altar","player_choice":"Smashed Altar","floor":31.0,"gold_loss":0.0,"damage_taken":0.0,"cards_obtained":["Decay"]},{"cards_removed":["Battle Trance"],"damage_healed":0.0,"max_hp_gain":0.0,"max_hp_loss":0.0,"gold_gain":0.0,"event_name":"Falling","player_choice":"Removed Skill","floor":36.0,"gold_loss":0.0,"damage_taken":0.0},{"damage_healed":16.0,"max_hp_gain":0.0,"max_hp_loss":0.0,"gold_gain":0.0,"event_name":"Winding Halls","player_choice":"Writhe","floor":38.0,"gold_loss":0.0,"damage_taken":0.0,"cards_obtained":["Writhe"]},{"damage_healed":0.0,"max_hp_gain":0.0,"max_hp_loss":0.0,"gold_gain":0.0,"event_name":"Tomb of Lord Red Mask","player_choice":"Ignored","floor":39.0,"gold_loss":0.0,"damage_taken":0.0},{"damage_healed":0.0,"max_hp_gain":0.0,"max_hp_loss":0.0,"gold_gain":0.0,"event_name":"SensoryStone","player_choice":"Memory 3","floor":47.0,"gold_loss":0.0,"damage_taken":10.0},{"cards_removed":["Exhume"],"damage_healed":0.0,"max_hp_gain":0.0,"max_hp_loss":0.0,"gold_gain":0.0,"event_name":"Purifier","player_choice":"Purged","floor":48.0,"gold_loss":0.0,"damage_taken":0.0}],"is_beta":false,"boss_relics":[{"not_picked":["Runic Pyramid","Philosopher\u0027s Stone"],"picked":"Snecko Eye"},{"not_picked":["Eternal Feather","Black Star"],"picked":"Mark of Pain"}],"items_purged_floors":[22],"is_endless":false,"potions_floor_spawned":[1,4,7,14,16,18,20,35,44],"killed_by":"Awakened One","ascension_level":15}