{"gold_per_floor":[119,34,34,108,122,158,158,30,55,55,78,94,107,138,138,261,261,285,304,0,14,14],"floor_reached":22,"playtime":1537,"items_purged":[],"score":265,"play_id":"4c08b6b3-a1c8-405a-92ac-7f4c119d1920","local_time":"20190324193430","is_ascension_mode":true,"campfire_choices":[{"data":"Static Discharge","floor":7,"key":"SMITH"},{"floor":10,"key":"REST"},{"floor":15,"key":"REST"}],"neow_cost":"NONE","seed_source_timestamp":253758769588779,"circlet_count":0,"master_deck":["Strike_B","Strike_B","Strike_B","Strike_B","Defend_B","Defend_B","Defend_B","Defend_B","Zap","Dualcast","Skim","Static Discharge+1","Redo","Aggregate","Sweeping Beam","Defragment","Coolheaded","Steam","Amplify","Capacitor","Steam","Echo Form","Coolheaded+1","Darkness","Storm","Metamorphosis","Coolheaded","Auto Shields+1"],"relics":["Cracked Core","NeowsBlessing","Golden Idol","Sundial","Bottled Tornado","Regal Pillow","Juzu Bracelet","Nuclear Battery"],"potions_floor_usage":[13,14,19],"damage_taken":[{"damage":0,"enemies":"Cultist","floor":1,"turns":1},{"damage":0,"enemies":"Jaw Worm","floor":5,"turns":1},{"damage":0,"enemies":"3 Sentries","floor":6,"turns":1},{"damage":14,"enemies":"Small Slimes","floor":11,"turns":2},{"damage":8,"enemies":"Blue Slaver","floor":12,"turns":3},{"damage":8,"enemies":"Exordium Thugs","floor":13,"turns":2},{"damage":14,"enemies":"Lagavulin","floor":14,"turns":6},{"damage":46,"enemies":"Slime Boss","floor":16,"turns":7},{"damage":8,"enemies":"Shell Parasite","floor":18,"turns":3},{"damage":3,"enemies":"3 Byrds","floor":19,"turns":5},{"damage":50,"enemies":"Centurion and Healer","floor":21,"turns":7},{"damage":15,"enemies":"Sentry and Sphere","floor":22,"turns":2}],"seed_played":"-2979799466215490628","potions_obtained":[{"floor":1,"key":"GamblersBrew"},{"floor":6,"key":"Explosive Potion"},{"floor":16,"key":"SkillPotion"},{"floor":19,"key":"FearPotion"},{"floor":21,"key":"Explosive Potion"}],"is_trial":false,"path_per_floor":["?","T","$"],"character_chosen":"DEFECT","items_purchased":["Static Discharge","Redo","Defragment","Coolheaded","Storm","Metamorphosis","Coolheaded"],"campfire_rested":2,"item_purchase_floors":[2,2,8,8,20,20,20],"current_hp_per_floor":[75,75,57,57,57,57,57,57,57,75,61,53,45,31,68,22,75,67,64,64,14,0],"gold":14,"neow_bonus":"THREE_ENEMY_KILL","is_prod":false,"is_daily":false,"chose_seed":false,"campfire_upgraded":1,"win_rate":0,"timestamp":1553470470,"path_taken":["M","$","?","?","M","E","R","?","T","R","M","M","M","E","R","BOSS","M","M","$","M","M"],"build_version":"2019-01-23","purchased_purges":0,"victory":false,"max_hp_per_floor":[75,75,75,75,75,75,75,75,75,75,75,75,75,75,75,75,75,75,75,75,75,75],"card_choices":[{"not_picked":["Barrage","Sweeping Beam"],"picked":"Skim","floor":1},{"not_picked":["Go for the Eyes","Skim"],"picked":"Aggregate","floor":5},{"not_picked":["Barrage","Blizzard"],"picked":"Sweeping Beam","floor":6},{"not_picked":["Gash","Streamline"],"picked":"Steam","floor":11},{"not_picked":["Stack","Lockon"],"picked":"Amplify","floor":12},{"not_picked":["Rebound","Redo"],"picked":"Capacitor","floor":13},{"not_picked":["Ball Lightning","Blizzard"],"picked":"Steam","floor":14},{"not_picked":["Meteor Strike","Core Surge"],"picked":"Echo Form","floor":16},{"not_picked":["Go for the Eyes","Hologram"],"picked":"Coolheaded+1","floor":18},{"not_picked":["Scrape","Leap"],"picked":"Darkness","floor":19},{"not_picked":["Go for the Eyes","Recycle"],"picked":"Auto Shields+1","floor":21}],"player_experience":325169,"relics_obtained":[{"floor":4,"key":"Sundial"},{"floor":6,"key":"Bottled Tornado"},{"floor":9,"key":"Regal Pillow"},{"floor":14,"key":"Juzu Bracelet"}],"event_choices":[{"damage_healed":0,"gold_gain":0,"player_choice":"Take Damage","damage_taken":18,"relics_obtained":["Golden Idol"],"max_hp_gain":0,"max_hp_loss":0,"event_name":"Golden Idol","floor":3,"gold_loss":0}],"is_beta":false,"boss_relics":[{"not_picked":["Orrery","Coffee Dripper"],"picked":"Nuclear Battery"}],"items_purged_floors":[],"is_endless":false,"potions_floor_spawned":[1,6,16,19,21],"killed_by":"Sentry and Sphere","ascension_level":4}