{"gold_per_floor":[111,130,80,96,114,114,147,147,147,147,175,11,11,24,24,97,147,161,174,184,184,184,215,215,228,228,228,243,243,108,121,121,192,192,204,220,320,333,333,333,350,384,384,384,396,396,411,446,446,446,446,446,102,129,129],"floor_reached":56,"playtime":2704,"items_purged":["Strike_R","Defend_R"],"score":2154,"play_id":"2eac3668-a1cd-465c-b9bb-99c93068fd0f","local_time":"20190406012000","is_ascension_mode":true,"campfire_choices":[{"data":"Sword Boomerang","floor":6.0,"key":"SMITH"},{"data":"Shockwave","floor":13.0,"key":"SMITH"},{"data":"Flex","floor":15.0,"key":"SMITH"},{"data":"Barricade","floor":24.0,"key":"SMITH"},{"data":"True Grit","floor":27.0,"key":"SMITH"},{"data":"Rage","floor":29.0,"key":"SMITH"},{"floor":32.0,"key":"REST"},{"floor":40.0,"key":"RECALL"},{"data":"Fiend Fire","floor":46.0,"key":"SMITH"},{"data":"Evolve","floor":49.0,"key":"SMITH"},{"data":"Offering","floor":52.0,"key":"SMITH"}],"neow_cost":"PERCENT_DAMAGE","seed_source_timestamp":1560215779470139,"circlet_count":0,"master_deck":["AscendersBane","Bash","Dropkick+1","Offering+1","Spot Weakness+1","Cleave+1","Sword Boomerang+1","Battle Trance+1","Shockwave+1","Warcry","Flex+1","Metallicize","Immolate","Evolve+1","Rage+1","True Grit+1","Barricade+1","Flex","Shrug It Off","Metallicize","Offering","Sever Soul","Body Slam+1","Fiend Fire+1","Reckless Charge","Fire Breathing","Evolve","Inflame","Inflame","Rupture","Corruption"],"special_seed":0,"relics":["Burning Blood","Strawberry","Mercury Hourglass","The Courier","Tiny House","Pantograph","Thread and Needle","Empty Cage","Dead Branch","Bronze Scales","Charon\u0027s Ashes","Pen Nib"],"potions_floor_usage":[54,55],"damage_taken":[{"damage":6.0,"enemies":"Cultist","floor":1.0,"turns":2.0},{"damage":6.0,"enemies":"2 Louse","floor":2.0,"turns":3.0},{"damage":8.0,"enemies":"Jaw Worm","floor":4.0,"turns":2.0},{"damage":12.0,"enemies":"3 Louse","floor":5.0,"turns":2.0},{"damage":6.0,"enemies":"Gremlin Nob","floor":7.0,"turns":2.0},{"damage":26.0,"enemies":"Lagavulin","floor":11.0,"turns":4.0},{"damage":6.0,"enemies":"Large Slime","floor":14.0,"turns":4.0},{"damage":6.0,"enemies":"Hexaghost","floor":16.0,"turns":7.0},{"damage":8.0,"enemies":"Chosen","floor":18.0,"turns":3.0},{"damage":19.0,"enemies":"3 Byrds","floor":19.0,"turns":2.0},{"damage":24.0,"enemies":"Snecko","floor":20.0,"turns":3.0},{"damage":6.0,"enemies":"Gremlin Leader","floor":23.0,"turns":6.0},{"damage":25.0,"enemies":"3 Cultists","floor":25.0,"turns":4.0},{"damage":12.0,"enemies":"Cultist and Chosen","floor":28.0,"turns":6.0},{"damage":6.0,"enemies":"Centurion and Healer","floor":31.0,"turns":6.0},{"damage":6.0,"enemies":"Automaton","floor":33.0,"turns":10.0},{"damage":12.0,"enemies":"Orb Walker","floor":35.0,"turns":3.0},{"damage":27.0,"enemies":"3 Shapes","floor":36.0,"turns":7.0},{"damage":12.0,"enemies":"Mind Bloom Boss Battle","floor":37.0,"turns":5.0},{"damage":12.0,"enemies":"3 Darklings","floor":38.0,"turns":3.0},{"damage":8.0,"enemies":"Jaw Worm Horde","floor":41.0,"turns":2.0},{"damage":18.0,"enemies":"Giant Head","floor":42.0,"turns":6.0},{"damage":12.0,"enemies":"Transient","floor":45.0,"turns":5.0},{"damage":16.0,"enemies":"Writhing Mass","floor":47.0,"turns":4.0},{"damage":22.0,"enemies":"Nemesis","floor":48.0,"turns":7.0},{"damage":51.0,"enemies":"Time Eater","floor":50.0,"turns":14.0},{"damage":12,"enemies":"Shield and Spear","floor":54,"turns":2},{"damage":78,"enemies":"The Heart","floor":55,"turns":8}],"seed_played":"5414950103579369326","potions_obtained":[{"floor":1.0,"key":"Fire Potion"},{"floor":5.0,"key":"GamblersBrew"},{"floor":7.0,"key":"EssenceOfSteel"},{"floor":17.0,"key":"BloodPotion"},{"floor":37.0,"key":"Strength Potion"},{"floor":38.0,"key":"Weak Potion"},{"floor":41.0,"key":"PowerPotion"},{"floor":48.0,"key":"BloodPotion"},{"floor":54,"key":"Ancient Potion"}],"is_trial":false,"path_per_floor":["M","M","?","M","M","R","E","?","T","?","E","$","R","M","R","B",null,"M","M","M","?","?","E","R","M","T","R","M","R","$","M","R","B",null,"M","M","?","M","?","R","M","E","T","?","M","R","M","E","R","B",null,"R","$","E","B",null],"character_chosen":"IRONCLAD","items_purchased":["Flex","Metallicize","Metallicize","Fire Breathing","Evolve","Inflame","Inflame","Rupture","Corruption"],"campfire_rested":1,"item_purchase_floors":[12,12,30,53,53,53,53,53,53],"current_hp_per_floor":[51,51,51,49,43,43,50,50,50,33,13,13,13,13,13,13,74,72,59,41,41,41,41,41,22,22,22,25,25,25,25,52,77,88,82,61,80,74,74,74,72,60,60,60,54,54,44,28,28,16,69,69,69,63,15],"gold":129,"neow_bonus":"TRANSFORM_TWO_CARDS","is_prod":false,"is_daily":false,"chose_seed":false,"campfire_upgraded":9,"win_rate":0,"timestamp":1554481200,"path_taken":["M","M","?","M","M","R","E","?","T","?","E","$","R","M","R","BOSS","M","M","M","?","?","E","R","M","T","R","M","R","$","M","R","BOSS","M","M","?","M","?","R","M","E","T","?","M","R","M","E","R","BOSS","R","$","E","BOSS"],"build_version":"2019-01-23","purchased_purges":2,"victory":true,"max_hp_per_floor":[80,80,80,80,80,80,87,87,87,87,87,87,87,87,87,87,92,92,92,92,92,92,92,92,92,92,92,92,92,92,92,92,92,92,92,92,92,92,92,92,92,92,92,87,87,87,87,87,87,87,87,87,87,87,87],"card_choices":[{"not_picked":["Wild Strike","Clothesline"],"picked":"Spot Weakness","floor":1.0},{"not_picked":["Thunderclap","Flex"],"picked":"Cleave","floor":2.0},{"not_picked":["Evolve","Cleave"],"picked":"Sword Boomerang","floor":4.0},{"not_picked":["Clash","Cleave"],"picked":"Battle Trance","floor":5.0},{"not_picked":["Rampage","Heavy Blade"],"picked":"Shockwave","floor":7.0},{"not_picked":["Rage","Second Wind"],"picked":"Warcry","floor":11.0},{"not_picked":["Flex","Pommel Strike","Feel No Pain"],"picked":"SKIP","floor":14.0},{"not_picked":["Barricade","Berserk"],"picked":"Immolate","floor":16.0},{"not_picked":["Bloodletting","Twin Strike"],"picked":"Evolve","floor":18.0},{"not_picked":["Hemokinesis","Havoc"],"picked":"Rage","floor":19.0},{"not_picked":["Body Slam","Corruption"],"picked":"True Grit","floor":20.0},{"not_picked":["Flame Barrier","Iron Wave"],"picked":"Shrug It Off","floor":23.0},{"not_picked":["Evolve","True Grit","Barricade"],"picked":"SKIP","floor":25.0},{"not_picked":["Flame Barrier","Armaments","Thunderclap"],"picked":"SKIP","floor":28.0},{"not_picked":["Havoc","Infernal Blade","Thunderclap"],"picked":"SKIP","floor":31.0},{"not_picked":["Brutality","Exhume"],"picked":"Offering","floor":33.0},{"not_picked":["Carnage","Havoc","Pommel Strike"],"picked":"SKIP","floor":35.0},{"not_picked":["Infernal Blade+1","Twin Strike","Wild Strike"],"picked":"SKIP","floor":36.0},{"not_picked":["Heavy Blade+1","Spot Weakness+1"],"picked":"Sever Soul","floor":37.0},{"not_picked":["Pommel Strike","Clash","Flame Barrier"],"picked":"SKIP","floor":38.0},{"not_picked":["Dual Wield","Bloodletting"],"picked":"Body Slam+1","floor":41.0},{"not_picked":["Demon Form","Infernal Blade"],"picked":"Fiend Fire","floor":42.0},{"not_picked":["Fire Breathing","Searing Blow"],"picked":"Reckless Charge","floor":45.0},{"not_picked":["Clash","Clothesline","Cleave"],"picked":"SKIP","floor":47.0},{"not_picked":["Perfected Strike","Body Slam+1","Clothesline"],"picked":"SKIP","floor":48.0},{"not_picked":["Warcry","Heavy Blade","Anger"],"picked":"SKIP","floor":54}],"player_experience":421960,"relics_obtained":[{"floor":7.0,"key":"Strawberry"},{"floor":9.0,"key":"Mercury Hourglass"},{"floor":11.0,"key":"The Courier"},{"floor":23.0,"key":"Pantograph"},{"floor":26.0,"key":"Thread and Needle"},{"floor":37.0,"key":"Dead Branch"},{"floor":42.0,"key":"Bronze Scales"},{"floor":48.0,"key":"Charon\u0027s Ashes"},{"floor":54,"key":"Pen Nib"}],"event_choices":[{"cards_removed":["Strike_R"],"damage_healed":0.0,"max_hp_gain":0.0,"max_hp_loss":0.0,"gold_gain":0.0,"event_name":"The Cleric","player_choice":"Card Removal","floor":3.0,"gold_loss":50.0,"damage_taken":0.0},{"damage_healed":0.0,"max_hp_gain":0.0,"max_hp_loss":0.0,"gold_gain":0.0,"event_name":"Living Wall","player_choice":"Grow","floor":8.0,"gold_loss":0.0,"damage_taken":0.0,"cards_upgraded":["Spot Weakness"]},{"damage_healed":0.0,"max_hp_gain":0.0,"max_hp_loss":0.0,"gold_gain":0.0,"event_name":"Shining Light","player_choice":"Entered Light","floor":10.0,"gold_loss":0.0,"damage_taken":17.0,"cards_upgraded":["Cleave","Dropkick"]},{"damage_healed":0.0,"max_hp_gain":0.0,"max_hp_loss":0.0,"gold_gain":0.0,"cards_transformed":["Strike_R","Defend_R"],"event_name":"Drug Dealer","player_choice":"Became Test Subject","floor":21.0,"gold_loss":0.0,"damage_taken":0.0,"cards_obtained":["Barricade","Flex"]},{"damage_healed":0.0,"max_hp_gain":0.0,"max_hp_loss":0.0,"gold_gain":0.0,"event_name":"The Mausoleum","player_choice":"Ignored","floor":22.0,"gold_loss":0.0,"damage_taken":0.0},{"damage_healed":0.0,"max_hp_gain":0.0,"max_hp_loss":0.0,"gold_gain":0.0,"event_name":"MindBloom","player_choice":"Fight","floor":37.0,"gold_loss":0.0,"damage_taken":0.0},{"damage_healed":0.0,"max_hp_gain":0.0,"max_hp_loss":0.0,"gold_gain":0.0,"event_name":"Tomb of Lord Red Mask","player_choice":"Ignored","floor":39.0,"gold_loss":0.0,"damage_taken":0.0},{"damage_healed":0.0,"max_hp_gain":0.0,"max_hp_loss":5.0,"gold_gain":0.0,"event_name":"Winding Halls","player_choice":"Max HP","floor":44.0,"gold_loss":0.0,"damage_taken":0.0}],"is_beta":false,"boss_relics":[{"not_picked":["Lizard Tail","Busted Crown"],"picked":"Tiny House"},{"not_picked":["Calling Bell","Pandora\u0027s Box"],"picked":"Empty Cage"}],"items_purged_floors":[12,30],"is_endless":false,"potions_floor_spawned":[1,5,7,20,23,25,37,38,41,48,54],"ascension_level":13}