{"gold_per_floor":[116,116,69,69,85,85,96,111,167,167,20,33,51,79,79,182,182,194,194,94,19,33,33,62,62,62,13,13,31,31,46,46,46],"floor_reached":33,"playtime":2174,"items_purged":["Defend_R","Strike_R"],"score":331,"play_id":"b01f926d-5469-4781-9575-a524559242db","local_time":"20181213071545","is_ascension_mode":true,"campfire_choices":[{"data":"True Grit","floor":6.0,"key":"SMITH"},{"data":"Bash","floor":10.0,"key":"SMITH"},{"floor":15.0,"key":"REST"},{"floor":23.0,"key":"REST"},{"floor":28,"key":"REST"},{"floor":32,"key":"REST"}],"neow_cost":"NONE","seed_source_timestamp":3013252912106764,"circlet_count":0,"master_deck":["Strike_R","Strike_R+1","Defend_R","Defend_R","Defend_R","Bash+1","Wild Strike+1","Clash","True Grit+1","Shrug It Off","Clothesline","Inflame","Pommel Strike","Limit Break","Feed","Pommel Strike","Sword Boomerang","True Grit","Shrug It Off"],"special_seed":0,"relics":["Burning Blood","Omamori","Tiny Chest","Whetstone","Eternal Feather","Mummified Hand","Sundial","Du-Vu Doll","Mercury Hourglass"],"potions_floor_usage":[24,24,31,33,33],"damage_taken":[{"damage":14.0,"enemies":"Jaw Worm","floor":1.0,"turns":5.0},{"damage":0.0,"enemies":"2 Louse","floor":5.0,"turns":2.0},{"damage":1.0,"enemies":"Cultist","floor":7.0,"turns":3.0},{"damage":8.0,"enemies":"Blue Slaver","floor":8.0,"turns":4.0},{"damage":4.0,"enemies":"2 Fungi Beasts","floor":12.0,"turns":3.0},{"damage":1.0,"enemies":"Looter","floor":13.0,"turns":3.0},{"damage":36.0,"enemies":"Lagavulin","floor":14.0,"turns":7.0},{"damage":28.0,"enemies":"Slime Boss","floor":16.0,"turns":7.0},{"damage":35.0,"enemies":"2 Thieves","floor":18.0,"turns":5.0},{"damage":25.0,"enemies":"3 Byrds","floor":22.0,"turns":7.0},{"damage":64,"enemies":"Slavers","floor":24,"turns":7},{"damage":18,"enemies":"Snake Plant","floor":29,"turns":4},{"damage":24,"enemies":"Centurion and Healer","floor":31,"turns":9},{"damage":72,"enemies":"Automaton","floor":33,"turns":8}],"seed_played":"1550658468432010594","potions_obtained":[{"floor":5.0,"key":"Swift Potion"},{"floor":7.0,"key":"BloodPotion"},{"floor":16.0,"key":"SteroidPotion"},{"floor":22.0,"key":"BloodPotion"},{"floor":29,"key":"LiquidBronze"},{"floor":31,"key":"Dexterity Potion"}],"is_trial":false,"path_per_floor":["M","?","$","?","M","R","M","M","T","R","$","M","M","E","R","B",null,"M","T","$","?","M","R","E","?","T","$","R","M","T","M","R","B"],"character_chosen":"IRONCLAD","items_purchased":["True Grit","Inflame","True Grit"],"campfire_rested":4,"item_purchase_floors":[3,11,27],"current_hp_per_floor":[72,72,72,72,78,78,80,78,78,78,78,80,80,50,74,52,73,47,47,47,47,36,69,22,22,22,22,56,47,47,29,64,0],"gold":46,"neow_bonus":"RANDOM_COMMON_RELIC","is_prod":false,"is_daily":false,"chose_seed":false,"campfire_upgraded":2,"win_rate":0,"timestamp":1544703345,"path_taken":["M","?","$","?","M","R","M","M","T","R","$","M","M","E","R","BOSS","M","?","$","?","M","R","E","?","T","$","R","M","?","M","R","BOSS"],"build_version":"2018-12-06","purchased_purges":2,"victory":false,"max_hp_per_floor":[80,80,80,80,80,80,80,80,80,80,80,80,80,80,80,80,80,83,83,83,83,83,83,86,86,86,86,86,89,89,89,89,89],"card_choices":[{"not_picked":["Entrench","Sword Boomerang"],"picked":"Wild Strike","floor":1.0},{"not_picked":["Havoc","Flex","Intimidate"],"picked":"SKIP","floor":5.0},{"not_picked":["Second Wind","Sword Boomerang"],"picked":"Shrug It Off","floor":7.0},{"not_picked":["Havoc","Combust"],"picked":"Clothesline","floor":8.0},{"not_picked":["Body Slam","Twin Strike"],"picked":"Pommel Strike","floor":12.0},{"not_picked":["Clash","Infernal Blade","Dual Wield"],"picked":"SKIP","floor":13.0},{"not_picked":["Uppercut","Rampage"],"picked":"Limit Break","floor":14.0},{"not_picked":["Juggernaut","Fiend Fire"],"picked":"Feed","floor":16.0},{"not_picked":["Wild Strike+1","Flex"],"picked":"Pommel Strike","floor":18.0},{"not_picked":["Rampage","Flex+1","Sever Soul"],"picked":"SKIP","floor":22.0},{"not_picked":["Wild Strike","Pommel Strike"],"picked":"Sword Boomerang","floor":24},{"not_picked":["Clothesline","Corruption+1"],"picked":"Shrug It Off","floor":29},{"not_picked":["Fire Breathing","Warcry","Pommel Strike"],"picked":"SKIP","floor":31}],"player_experience":242214,"relics_obtained":[{"floor":9.0,"key":"Tiny Chest"},{"floor":14.0,"key":"Whetstone"},{"floor":24,"key":"Mummified Hand"},{"floor":26,"key":"Du-Vu Doll"},{"floor":30,"key":"Mercury Hourglass"}],"event_choices":[{"damage_healed":0.0,"max_hp_gain":0.0,"max_hp_loss":0.0,"gold_gain":0.0,"cards_transformed":["Strike_R"],"event_name":"Living Wall","player_choice":"Change","floor":2.0,"gold_loss":0.0,"damage_taken":0.0,"cards_obtained":["Clash"]},{"damage_healed":0.0,"max_hp_gain":0.0,"max_hp_loss":0.0,"gold_gain":0.0,"event_name":"The Woman in Blue","player_choice":"Bought 0 Potions","floor":4.0,"gold_loss":0.0,"damage_taken":0.0},{"cards_removed":["Strike_R"],"damage_healed":0.0,"max_hp_gain":0.0,"max_hp_loss":0.0,"gold_gain":0.0,"event_name":"Beggar","player_choice":"Gave Gold","floor":21.0,"gold_loss":75.0,"damage_taken":0.0},{"damage_healed":0,"gold_gain":0,"player_choice":"Stole Relic","damage_taken":0,"relics_obtained":["Sundial"],"max_hp_gain":0,"max_hp_loss":0,"event_name":"Addict","floor":25,"gold_loss":0,"cards_obtained":["Shame"]}],"is_beta":false,"boss_relics":[{"not_picked":["Astrolabe","Lizard Tail"],"picked":"Eternal Feather"}],"items_purged_floors":[11,20],"is_endless":false,"potions_floor_spawned":[5,7,16,22,29,31],"killed_by":"Automaton","ascension_level":5}