{"gold_per_floor":[115,125,145,145,164,192,192,207,207,20,54,229,240,250,250,350,350,369,294,0,0,17,46,46,65,147,147,147,147,164,180,180,284,284,299,299,317,335,350,350,375,388,414,9,27,27,27,46,46,46,46,46,21,21],"floor_reached":54,"playtime":5055,"items_purged":["Strike_G"],"score":753,"play_id":"65a2406c-d4ba-4478-998b-f3534ab04a5b","local_time":"20190309121532","is_ascension_mode":false,"campfire_choices":[{"floor":7,"key":"REST"},{"floor":15,"key":"REST"},{"floor":24,"key":"REST"},{"floor":27,"key":"REST"},{"floor":29,"key":"RECALL"},{"floor":32,"key":"REST"},{"floor":40,"key":"REST"},{"data":"Noxious Fumes","floor":47,"key":"SMITH"},{"data":"Noxious Fumes","floor":49,"key":"SMITH"},{"data":"Noxious Fumes","floor":52,"key":"SMITH"}],"neow_cost":"NONE","seed_source_timestamp":2123778745216695,"circlet_count":0,"master_deck":["Defend_G+1","Defend_G+1","Defend_G+1","Defend_G+1","Strike_G+1","Strike_G+1","Survivor","Neutralize","Reflex","Backflip","Footwork","Heel Hook","Noxious Fumes+1","Glass Knife","Backstab","Noxious Fumes+1","Die Die Die","Flying Knee","Doubt","Heel Hook","Bouncing Flask","Envenom","Backflip","Backflip","Deflect","Leg Sweep","Noxious Fumes+1","Poisoned Stab+1","Prepared+1","Adrenaline+1","Acrobatics+1","Catalyst+1","Outmaneuver+1","Deflect+1","Finisher","Catalyst+1","Calculated Gamble+1","Leg Sweep+1","Night Terror+1","Backflip+1","Expertise+1","Apotheosis+1","Deadly Poison+1","Distraction+1","Deadly Poison+1","Dodge and Roll+1"],"relics":["Ring of the Snake","Pen Nib","Mercury Hourglass","Sozu","ClockworkSouvenir","Mummified Hand","Sundial","Toxic Egg 2","Orrery","Frozen Egg 2","Potion Belt","Lee\u0027s Waffle"],"potions_floor_usage":[6,16,23,33,50],"damage_taken":[{"damage":0,"enemies":"2 Louse","floor":1,"turns":3},{"damage":3,"enemies":"Small Slimes","floor":2,"turns":5},{"damage":2,"enemies":"Jaw Worm","floor":3,"turns":10},{"damage":0,"enemies":"Blue Slaver","floor":5,"turns":6},{"damage":28,"enemies":"3 Sentries","floor":6,"turns":8},{"damage":0,"enemies":"2 Fungi Beasts","floor":8,"turns":4},{"damage":15,"enemies":"Lagavulin","floor":11,"turns":5},{"damage":0,"enemies":"Lots of Slimes","floor":13,"turns":3},{"damage":10,"enemies":"Looter","floor":14,"turns":2},{"damage":10,"enemies":"Hexaghost","floor":16,"turns":8},{"damage":14,"enemies":"3 Byrds","floor":18,"turns":5},{"damage":3,"enemies":"Spheric Guardian","floor":22,"turns":5},{"damage":30,"enemies":"Gremlin Leader","floor":23,"turns":6},{"damage":9,"enemies":"Snake Plant","floor":25,"turns":3},{"damage":12,"enemies":"Sentry and Sphere","floor":30,"turns":6},{"damage":0,"enemies":"Snecko","floor":31,"turns":3},{"damage":11,"enemies":"Automaton","floor":33,"turns":9},{"damage":8,"enemies":"3 Darklings","floor":35,"turns":4},{"damage":6,"enemies":"3 Shapes","floor":37,"turns":3},{"damage":9,"enemies":"Maw","floor":38,"turns":6},{"damage":24,"enemies":"Jaw Worm Horde","floor":39,"turns":4},{"damage":13,"enemies":"Giant Head","floor":41,"turns":5},{"damage":17,"enemies":"Sphere and 2 Shapes","floor":42,"turns":6},{"damage":1,"enemies":"4 Shapes","floor":45,"turns":5},{"damage":3,"enemies":"Spire Growth","floor":48,"turns":3},{"damage":62,"enemies":"Donu and Deca","floor":50,"turns":10},{"damage":75,"enemies":"Shield and Spear","floor":54,"turns":5}],"seed_played":"180001387876411983","potions_obtained":[{"floor":5,"key":"PowerPotion"},{"floor":8,"key":"Weak Potion"},{"floor":11,"key":"PowerPotion"},{"floor":13,"key":"GamblersBrew"},{"floor":16,"key":"Fire Potion"}],"is_trial":false,"path_per_floor":["?","?","?","?","T","?","M","?"],"character_chosen":"THE_SILENT","items_purchased":["Noxious Fumes","Die Die Die","Backflip","ClockworkSouvenir","Lee\u0027s Waffle","Apotheosis+1","Deadly Poison+1","Dodge and Roll+1"],"campfire_rested":6,"item_purchase_floors":[10,10,20,20,44,44,44,53],"current_hp_per_floor":[70,67,65,58,58,30,51,51,51,51,36,36,36,26,47,37,70,56,56,56,56,53,23,44,35,35,56,56,56,44,44,65,54,70,62,62,56,47,23,44,31,14,14,77,76,73,73,70,70,8,73,73,73,0],"gold":21,"neow_bonus":"TRANSFORM_CARD","is_prod":false,"is_daily":false,"chose_seed":false,"campfire_upgraded":3,"win_rate":0,"timestamp":1552151732,"path_taken":["M","M","M","?","M","E","R","M","T","$","E","?","M","M","R","BOSS","M","?","$","?","M","E","R","M","T","R","?","R","M","M","R","BOSS","M","?","?","M","M","R","E","M","T","$","M","?","R","M","R","BOSS","R","$","E"],"build_version":"2019-01-23","purchased_purges":1,"victory":false,"max_hp_per_floor":[70,70,70,70,70,70,70,70,70,70,70,70,70,70,70,70,70,70,70,70,70,70,70,70,70,70,70,70,70,70,70,70,70,70,70,70,70,70,70,70,70,70,70,77,77,73,73,73,73,73,73,73,73,73],"card_choices":[{"not_picked":["Outmaneuver","Terror"],"picked":"Backflip","floor":1},{"not_picked":["Sucker Punch","PiercingWail"],"picked":"Footwork","floor":2},{"not_picked":["Endless Agony","Deadly Poison"],"picked":"Heel Hook","floor":3},{"not_picked":["Doppelganger","Poisoned Stab"],"picked":"Noxious Fumes","floor":5},{"not_picked":["Expertise","Choke"],"picked":"Glass Knife","floor":6},{"not_picked":["Slice","Blade Dance"],"picked":"Backstab","floor":8},{"not_picked":["Bane","Dagger Spray"],"picked":"Flying Knee","floor":11},{"not_picked":["Endless Agony","Predator"],"picked":"Heel Hook","floor":13},{"not_picked":["Slice","Dagger Throw"],"picked":"Bouncing Flask","floor":14},{"not_picked":["Corpse Explosion","Doppelganger"],"picked":"Envenom","floor":16},{"not_picked":["Bane","Dagger Spray+1"],"picked":"Backflip","floor":18},{"not_picked":["Masterful Stab","Outmaneuver"],"picked":"Deflect","floor":22},{"not_picked":["Riddle With Holes","Flying Knee+1"],"picked":"Leg Sweep","floor":23},{"not_picked":["Dodge and Roll","Backstab+1"],"picked":"Noxious Fumes","floor":25},{"not_picked":["Sucker Punch","Quick Slash"],"picked":"Poisoned Stab+1","floor":30},{"not_picked":["Terror+1","Reflex+1"],"picked":"Prepared+1","floor":31},{"not_picked":["Wraith Form v2","Doppelganger+1"],"picked":"Adrenaline+1","floor":33},{"not_picked":["Sucker Punch","Skewer+1"],"picked":"Acrobatics+1","floor":34},{"not_picked":["Quick Slash+1","Heel Hook"],"picked":"Catalyst+1","floor":34},{"not_picked":["Flechettes+1","Underhanded Strike"],"picked":"Outmaneuver+1","floor":34},{"not_picked":["Quick Slash","Well Laid Plans+1"],"picked":"Deflect+1","floor":34},{"not_picked":["Infinite Blades+1","Poisoned Stab"],"picked":"Finisher","floor":34},{"not_picked":["Slice","Bouncing Flask+1"],"picked":"Catalyst+1","floor":35},{"not_picked":["Flechettes","Underhanded Strike+1"],"picked":"Calculated Gamble+1","floor":37},{"not_picked":["Caltrops+1","Dodge and Roll+1"],"picked":"Leg Sweep+1","floor":38},{"not_picked":["Sucker Punch+1","PiercingWail+1"],"picked":"Night Terror+1","floor":39},{"not_picked":["Grand Finale","Underhanded Strike"],"picked":"Backflip+1","floor":41},{"not_picked":["Dagger Spray+1","Distraction+1"],"picked":"Expertise+1","floor":42},{"not_picked":["Underhanded Strike","Slice"],"picked":"Distraction+1","floor":45},{"not_picked":["Flechettes","Flying Knee"],"picked":"Deadly Poison+1","floor":48}],"player_experience":258502,"relics_obtained":[{"floor":6,"key":"Pen Nib"},{"floor":11,"key":"Mercury Hourglass"},{"floor":23,"key":"Mummified Hand"},{"floor":26,"key":"Sundial"},{"floor":28,"key":"Toxic Egg 2"},{"floor":41,"key":"Frozen Egg 2"},{"floor":43,"key":"Potion Belt"}],"event_choices":[{"cards_removed":["Defend_G"],"damage_healed":0,"gold_gain":0,"player_choice":"Card Removal","damage_taken":7,"max_hp_gain":0,"max_hp_loss":0,"event_name":"Golden Wing","floor":4,"gold_loss":0},{"damage_healed":0,"gold_gain":175,"player_choice":"AGREE","damage_taken":0,"max_hp_gain":0,"max_hp_loss":0,"event_name":"Liars Game","floor":12,"gold_loss":0,"cards_obtained":["Doubt"]},{"cards_removed":["Strike_G"],"damage_healed":0,"gold_gain":0,"player_choice":"Gave Gold","damage_taken":0,"max_hp_gain":0,"max_hp_loss":0,"event_name":"Beggar","floor":19,"gold_loss":75},{"damage_healed":0,"gold_gain":0,"player_choice":"Simplicity","damage_taken":0,"max_hp_gain":0,"max_hp_loss":0,"event_name":"Back to Basics","floor":21,"gold_loss":0,"cards_upgraded":["Defend_G","Defend_G","Defend_G","Defend_G","Strike_G","Strike_G"]},{"damage_healed":0,"gold_gain":0,"player_choice":"Bought 0 Potions","damage_taken":0,"max_hp_gain":0,"max_hp_loss":0,"event_name":"The Woman in Blue","floor":36,"gold_loss":0},{"damage_healed":0,"gold_gain":0,"player_choice":"Max HP","damage_taken":0,"max_hp_gain":0,"max_hp_loss":4,"event_name":"Winding Halls","floor":46,"gold_loss":0}],"is_beta":false,"boss_relics":[{"not_picked":["Eternal Feather","Calling Bell"],"picked":"Sozu"},{"not_picked":["WristBlade","Runic Dome"],"picked":"Orrery"}],"items_purged_floors":[20],"is_endless":false,"potions_floor_spawned":[5,8,11,13,14,16,23,25,30,38,39,41],"killed_by":"Shield and Spear","ascension_level":0}