{"gold_per_floor":[113,128,148,166,182,208,208,223,223,234,35,35,52,63,63,158,158,173,190,206,221,254,254,283,283,307,307,222,250,260,185,185,185],"floor_reached":33,"playtime":2239,"items_purged":[],"score":293,"play_id":"d016ba1f-9e90-496f-b475-ff2d18db16de","local_time":"20190218205545","is_ascension_mode":false,"campfire_choices":[{"data":"Fiend Fire","floor":7,"key":"SMITH"},{"floor":15,"key":"REST"},{"floor":23,"key":"REST"},{"floor":25,"key":"REST"},{"floor":27,"key":"REST"},{"floor":32,"key":"REST"}],"neow_cost":"NONE","seed_source_timestamp":516549213645559,"circlet_count":0,"master_deck":["Strike_R","Strike_R","Strike_R+1","Strike_R+1","Defend_R+1","Defend_R+1","Defend_R","Defend_R","Bash+1","Seeing Red","Carnage","Anger","Battle Trance+1","Pommel Strike","Fiend Fire+1","Perfected Strike","Metallicize","True Grit","Fire Breathing","Metallicize","Bludgeon+1","Uppercut+1","Feel No Pain+1","Clash+1","True Grit","Cleave+1","Searing Blow+1","Hemokinesis+1","Double Tap","Sword Boomerang+1","Rupture"],"relics":["Burning Blood","NeowsBlessing","Sundial","Molten Egg 2","Red Skull","Busted Crown","Red Mask","Whetstone","Dream Catcher","War Paint","Nunchaku"],"potions_floor_usage":[8,33,33,33],"damage_taken":[{"damage":0,"enemies":"Jaw Worm","floor":1,"turns":1},{"damage":0,"enemies":"Small Slimes","floor":2,"turns":1},{"damage":0,"enemies":"2 Louse","floor":3,"turns":1},{"damage":9,"enemies":"Blue Slaver","floor":4,"turns":4},{"damage":3,"enemies":"2 Fungi Beasts","floor":5,"turns":3},{"damage":26,"enemies":"Lagavulin","floor":6,"turns":5},{"damage":12,"enemies":"Large Slime","floor":8,"turns":4},{"damage":10,"enemies":"Exordium Thugs","floor":10,"turns":4},{"damage":7,"enemies":"Blue Slaver","floor":13,"turns":3},{"damage":4,"enemies":"3 Louse","floor":14,"turns":3},{"damage":34,"enemies":"Slime Boss","floor":16,"turns":8},{"damage":9,"enemies":"3 Byrds","floor":18,"turns":5},{"damage":12,"enemies":"Shell Parasite","floor":19,"turns":6},{"damage":21,"enemies":"Centurion and Healer","floor":20,"turns":5},{"damage":27,"enemies":"Sentry and Sphere","floor":21,"turns":4},{"damage":24,"enemies":"Masked Bandits","floor":22,"turns":5},{"damage":27,"enemies":"Book of Stabbing","floor":24,"turns":6},{"damage":30,"enemies":"Slavers","floor":29,"turns":3},{"damage":17,"enemies":"Chosen and Byrds","floor":30,"turns":5},{"damage":59,"enemies":"Collector","floor":33,"turns":5}],"seed_played":"8705097289831486400","potions_obtained":[{"floor":2,"key":"Poison Potion"},{"floor":5,"key":"Swift Potion"},{"floor":6,"key":"Dexterity Potion"},{"floor":8,"key":"FearPotion"},{"floor":13,"key":"SkillPotion"},{"floor":20,"key":"EssenceOfSteel"}],"is_trial":false,"path_per_floor":["?","?","?","?"],"character_chosen":"IRONCLAD","items_purchased":["True Grit","Red Skull"],"campfire_rested":5,"item_purchase_floors":[11,11],"current_hp_per_floor":[80,80,80,77,80,60,60,54,54,50,50,34,33,35,59,31,80,77,71,56,35,17,41,20,44,44,68,68,44,33,33,57,0],"gold":185,"neow_bonus":"THREE_ENEMY_KILL","is_prod":false,"is_daily":false,"chose_seed":false,"campfire_upgraded":1,"win_rate":0.0,"timestamp":1550541345,"path_taken":["M","M","M","M","M","E","R","M","T","M","$","?","M","M","R","BOSS","M","M","M","M","?","R","E","R","T","R","?","E","M","?","R","BOSS"],"build_version":"2019-01-23","purchased_purges":0,"victory":false,"max_hp_per_floor":[80,80,80,80,80,80,80,80,80,80,80,80,80,80,80,80,80,80,80,80,80,80,80,80,80,80,80,80,80,80,80,80,80],"card_choices":[{"not_picked":["Cleave","Thunderclap"],"picked":"Seeing Red","floor":1},{"not_picked":["Blood for Blood","Clothesline"],"picked":"Carnage","floor":2},{"not_picked":["Bloodletting","Dual Wield"],"picked":"Anger","floor":3},{"not_picked":["True Grit","Feel No Pain"],"picked":"Battle Trance","floor":4},{"not_picked":["Flex","Warcry"],"picked":"Pommel Strike","floor":5},{"not_picked":["Clothesline","Flex"],"picked":"Fiend Fire","floor":6},{"not_picked":["Pommel Strike","Armaments"],"picked":"Perfected Strike","floor":8},{"not_picked":["Clash+1","Pummel+1"],"picked":"Metallicize","floor":10},{"not_picked":["Clash+1","Battle Trance"],"picked":"Fire Breathing","floor":13},{"not_picked":["Pommel Strike+1","Whirlwind+1"],"picked":"Metallicize","floor":14},{"not_picked":["Impervious","Brutality"],"picked":"Bludgeon+1","floor":16},{"not_picked":[],"picked":"Uppercut+1","floor":18},{"not_picked":[],"picked":"Feel No Pain+1","floor":19},{"not_picked":[],"picked":"Clash+1","floor":20},{"not_picked":[],"picked":"True Grit","floor":21},{"not_picked":[],"picked":"Cleave+1","floor":22},{"not_picked":[],"picked":"Searing Blow+1","floor":24},{"not_picked":[],"picked":"Hemokinesis+1","floor":27},{"not_picked":[],"picked":"Double Tap","floor":29},{"not_picked":[],"picked":"Sword Boomerang+1","floor":30},{"not_picked":[],"picked":"Rupture","floor":32}],"player_experience":110426,"relics_obtained":[{"floor":6,"key":"Sundial"},{"floor":9,"key":"Molten Egg 2"},{"floor":22,"key":"Red Mask"},{"floor":24,"key":"Whetstone"},{"floor":26,"key":"Dream Catcher"},{"floor":29,"key":"Nunchaku"}],"event_choices":[{"damage_healed":0,"gold_gain":0,"player_choice":"Entered Light","damage_taken":16,"max_hp_gain":0,"max_hp_loss":0,"event_name":"Shining Light","floor":12,"gold_loss":0,"cards_upgraded":["Bash","Defend_R"]},{"damage_healed":0,"gold_gain":0,"player_choice":"Fought Bandits","damage_taken":0,"max_hp_gain":0,"max_hp_loss":0,"event_name":"Masked Bandits","floor":22,"gold_loss":0},{"damage_healed":0,"gold_gain":0,"player_choice":"Obtained Relic","damage_taken":0,"relics_obtained":["War Paint"],"max_hp_gain":0,"max_hp_loss":0,"event_name":"Addict","floor":28,"gold_loss":85},{"cards_removed":["Strike_R"],"damage_healed":0,"gold_gain":0,"player_choice":"Gave Gold","damage_taken":0,"max_hp_gain":0,"max_hp_loss":0,"event_name":"Beggar","floor":31,"gold_loss":75}],"is_beta":false,"boss_relics":[{"not_picked":["Runic Pyramid","Ectoplasm"],"picked":"Busted Crown"}],"items_purged_floors":[],"is_endless":false,"potions_floor_spawned":[2,5,6,8,13,14,16,20,24,30],"killed_by":"Collector","ascension_level":0}