{"gold_per_floor":[212,212,52,65,65,95,95,123,123,48,77,95,166,66,66,138,138,154,170,190,11,21,48,48,81,93,105,117,129,151,181,193,205],"floor_reached":33,"playtime":2143,"items_purged":["Strike_B","Strike_B","Strike_B"],"score":706,"play_id":"bbf47741-d7ca-4a60-b5ec-3b587857d7a0","local_time":"20190325225154","is_ascension_mode":true,"campfire_choices":[{"floor":7,"key":"REST"},{"floor":15,"key":"REST"},{"floor":24,"key":"REST"},{"floor":29,"key":"REST"},{"floor":32,"key":"DIG"}],"neow_cost":"NONE","seed_source_timestamp":25995109746562,"circlet_count":0,"master_deck":["AscendersBane","Strike_B+1","Defend_B","Defend_B","Defend_B","Defend_B","Zap+1","Dualcast","Sweeping Beam+1","Coolheaded","Core Surge","Leap+1","Seek+1","Rebound+1","Coolheaded+1","Gash","Glacier+1","Glacier+1","Self Repair","Blizzard"],"relics":["Cracked Core","Lantern","Toxic Egg 2","Du-Vu Doll","Ancient Tea Set","Whetstone","Fusion Hammer","Shovel","MawBank","Singing Bowl","Regal Pillow","FossilizedHelix"],"potions_floor_usage":[8,16,16,23,25,33],"damage_taken":[{"damage":2,"enemies":"Jaw Worm","floor":1,"turns":3},{"damage":0,"enemies":"Cultist","floor":4,"turns":3},{"damage":30,"enemies":"3 Sentries","floor":6,"turns":9},{"damage":21,"enemies":"Lagavulin","floor":8,"turns":6},{"damage":20,"enemies":"Gremlin Nob","floor":11,"turns":4},{"damage":0,"enemies":"Small Slimes","floor":12,"turns":2},{"damage":0,"enemies":"Slime Boss","floor":16,"turns":5},{"damage":0,"enemies":"Chosen","floor":18,"turns":5},{"damage":0,"enemies":"Shell Parasite","floor":19,"turns":6},{"damage":3,"enemies":"Snecko","floor":20,"turns":5},{"damage":12,"enemies":"Snake Plant","floor":22,"turns":5},{"damage":46,"enemies":"Book of Stabbing","floor":23,"turns":7},{"damage":12,"enemies":"Slavers","floor":25,"turns":3},{"damage":4,"enemies":"Chosen and Byrds","floor":30,"turns":8},{"damage":0,"enemies":"Sentry and Sphere","floor":31,"turns":8},{"damage":93,"enemies":"Champ","floor":33,"turns":15}],"seed_played":"1067618339293448379","potions_obtained":[{"floor":4,"key":"PowerPotion"},{"floor":6,"key":"Strength Potion"},{"floor":11,"key":"FearPotion"},{"floor":18,"key":"Poison Potion"},{"floor":25,"key":"Strength Potion"},{"floor":30,"key":"Ancient Potion"}],"is_trial":false,"path_per_floor":["M","?","$","M","?","E","R","E","T","$","E","M","T","$","R","B",null,"M","M","M","$","M","E","R","E","T","?","$","R","M","M","R","B"],"character_chosen":"DEFECT","items_purchased":["Lantern","PowerPotion"],"campfire_rested":4,"item_purchase_floors":[3,21],"current_hp_per_floor":[62,62,62,62,67,37,59,38,38,38,18,18,18,18,40,40,67,67,67,64,64,52,6,28,16,16,16,16,53,58,65,65,0],"gold":205,"neow_bonus":"HUNDRED_GOLD","is_prod":false,"is_daily":false,"chose_seed":false,"campfire_upgraded":0,"win_rate":0,"timestamp":1553550714,"path_taken":["M","?","$","M","?","E","R","E","T","$","E","M","?","$","R","BOSS","M","M","M","$","M","E","R","E","T","?","$","R","M","M","R","BOSS"],"build_version":"2019-01-23","purchased_purges":3,"victory":false,"max_hp_per_floor":[71,71,71,71,76,76,76,76,76,76,76,76,76,76,76,76,76,76,76,76,76,76,76,76,76,76,76,76,76,78,78,78,78],"card_choices":[{"not_picked":["Turbo","Loop"],"picked":"Sweeping Beam","floor":1},{"not_picked":["Go for the Eyes","Stack"],"picked":"Coolheaded","floor":4},{"not_picked":["Compile Driver","Sweeping Beam"],"picked":"Core Surge","floor":6},{"not_picked":["Go for the Eyes","Rebound","Reprogram+1"],"picked":"SKIP","floor":8},{"not_picked":["Cold Snap","Gash"],"picked":"Leap+1","floor":11},{"not_picked":["Sunder","Beam Cell","Heatsinks"],"picked":"SKIP","floor":12},{"not_picked":["Reboot+1","Rainbow+1"],"picked":"Seek+1","floor":16},{"not_picked":["Skim+1","Double Energy+1"],"picked":"Rebound+1","floor":18},{"not_picked":["Conserve Battery+1","Rebound"],"picked":"Coolheaded+1","floor":19},{"not_picked":["Force Field+1","Recycle+1"],"picked":"Gash","floor":20},{"not_picked":["Loop+1","Leap+1"],"picked":"Glacier+1","floor":22},{"not_picked":["Leap+1","Beam Cell"],"picked":"Glacier+1","floor":23},{"not_picked":["Doom and Gloom","Recycle+1"],"picked":"Self Repair","floor":25},{"not_picked":["Streamline","Steam Power+1","Double Energy+1"],"picked":"Singing Bowl","floor":30},{"not_picked":["Double Energy+1","Leap+1"],"picked":"Blizzard","floor":31}],"player_experience":1045284,"relics_obtained":[{"floor":6,"key":"Toxic Egg 2"},{"floor":8,"key":"Du-Vu Doll"},{"floor":9,"key":"Ancient Tea Set"},{"floor":11,"key":"Whetstone"},{"floor":23,"key":"Shovel"},{"floor":25,"key":"MawBank"},{"floor":26,"key":"Singing Bowl"},{"floor":27,"key":"Regal Pillow"},{"floor":32,"key":"FossilizedHelix"}],"event_choices":[{"damage_healed":0,"gold_gain":0,"player_choice":"Grow","damage_taken":0,"max_hp_gain":0,"max_hp_loss":0,"event_name":"Living Wall","floor":2,"gold_loss":0,"cards_upgraded":["Zap"]},{"damage_healed":0,"gold_gain":0,"player_choice":"Donut","damage_taken":0,"max_hp_gain":5,"max_hp_loss":0,"event_name":"Big Fish","floor":5,"gold_loss":0},{"damage_healed":0,"gold_gain":0,"player_choice":"Relic","damage_taken":0,"max_hp_gain":0,"max_hp_loss":0,"event_name":"Wheel of Change","floor":27,"gold_loss":0}],"is_beta":false,"boss_relics":[{"not_picked":["Sozu","Astrolabe"],"picked":"Fusion Hammer"}],"items_purged_floors":[10,14,21],"is_endless":false,"potions_floor_spawned":[4,6,11,12,18,22,25,30],"killed_by":"Champ","ascension_level":20}