{"gold_per_floor":[112,112,123,139,27,27,56,56,56,76,76,104,124,49,49,125,125,125,50,50,20,20,20,20,20,20,20,20,20,20,20,20,20],"floor_reached":33,"playtime":2381,"items_purged":["Strike_R"],"score":665,"play_id":"891255a0-ba44-4005-82c8-41bfc401d723","local_time":"20190129180306","is_ascension_mode":true,"campfire_choices":[{"data":"Bash","floor":6.0,"key":"SMITH"},{"data":"Pommel Strike","floor":8.0,"key":"SMITH"},{"data":"Anger","floor":11.0,"key":"SMITH"},{"floor":15,"key":"REST"},{"data":"Thunderclap","floor":23,"key":"SMITH"},{"data":"Feel No Pain","floor":25,"key":"SMITH"},{"floor":32,"key":"REST"}],"neow_cost":"NONE","seed_source_timestamp":18123533170262,"circlet_count":0,"master_deck":["AscendersBane","Strike_R","Strike_R","Defend_R","Defend_R","Defend_R","Defend_R","Bash+1","Thunderclap+1","Anger+1","Iron Wave","Metallicize","Pommel Strike+1","Shrug It Off","Feel No Pain+1","Shrug It Off","Feed","Shrug It Off+1","Rampage","True Grit+1","Dark Embrace","Armaments","Juggernaut","Spot Weakness"],"special_seed":0,"relics":["Burning Blood","Mercury Hourglass","Juzu Bracelet","Ornamental Fan","Bottled Flame","Ectoplasm","Molten Egg 2","Pen Nib","Dodecahedron"],"potions_floor_usage":[16,24,27,31,33,33],"damage_taken":[{"damage":2.0,"enemies":"Cultist","floor":1.0,"turns":4.0},{"damage":6.0,"enemies":"2 Louse","floor":3.0,"turns":2.0},{"damage":7.0,"enemies":"Jaw Worm","floor":4.0,"turns":3.0},{"damage":23.0,"enemies":"Gremlin Nob","floor":7.0,"turns":4.0},{"damage":6.0,"enemies":"Blue Slaver","floor":10.0,"turns":4.0},{"damage":22.0,"enemies":"Lagavulin","floor":12.0,"turns":4.0},{"damage":17,"enemies":"Gremlin Gang","floor":13,"turns":4},{"damage":20,"enemies":"Slime Boss","floor":16,"turns":8},{"damage":19,"enemies":"Spheric Guardian","floor":18,"turns":6},{"damage":2,"enemies":"3 Byrds","floor":20,"turns":5},{"damage":28,"enemies":"Slavers","floor":24,"turns":6},{"damage":0,"enemies":"Gremlin Leader","floor":27,"turns":7},{"damage":16,"enemies":"Snake Plant","floor":28,"turns":5},{"damage":16,"enemies":"Chosen and Byrds","floor":29,"turns":8},{"damage":34,"enemies":"Colosseum Slavers","floor":30,"turns":5},{"damage":0,"enemies":"Cultist and Chosen","floor":31,"turns":9},{"damage":102,"enemies":"Champ","floor":33,"turns":22}],"seed_played":"-8882097112017594822","potions_obtained":[{"floor":1.0,"key":"PowerPotion"},{"floor":4.0,"key":"GamblersBrew"},{"floor":7.0,"key":"Ancient Potion"},{"floor":13,"key":"Strength Potion"},{"floor":16,"key":"Poison Potion"},{"floor":24,"key":"BloodPotion"},{"floor":29,"key":"Ancient Potion"},{"floor":31,"key":"Regen Potion"}],"is_trial":false,"path_per_floor":["M","T","M","M","$","R","E","R","T","M","R","E","M","?","R","B",null,"M","?","M","$","?","R","E","R","T","E","M","M","?","M","R","B"],"character_chosen":"IRONCLAD","items_purchased":["Metallicize","True Grit"],"campfire_rested":2,"item_purchase_floors":[5,21],"current_hp_per_floor":[79,79,79,78,78,78,61,61,61,61,61,45,34,34,58,44,73,63,63,70,70,70,70,51,51,51,57,50,43,18,37,67,0],"gold":20,"neow_bonus":"TEN_PERCENT_HP_BONUS","is_prod":false,"is_daily":false,"chose_seed":false,"campfire_upgraded":5,"win_rate":0,"timestamp":1548781386,"path_taken":["M","?","M","M","$","R","E","R","T","M","R","E","M","?","R","BOSS","M","?","M","$","?","R","E","R","T","E","M","M","?","M","R","BOSS"],"build_version":"2019-01-23","purchased_purges":1,"victory":false,"max_hp_per_floor":[82,82,82,82,82,82,82,82,82,82,82,82,82,82,82,82,82,85,85,88,88,88,88,91,91,91,91,94,97,100,103,103,103],"card_choices":[{"not_picked":["Warcry","Second Wind"],"picked":"Thunderclap","floor":1.0},{"not_picked":["Clothesline","Armaments"],"picked":"Anger","floor":3.0},{"not_picked":["Thunderclap","Reckless Charge"],"picked":"Iron Wave","floor":4.0},{"not_picked":["Cleave","Sword Boomerang"],"picked":"Pommel Strike","floor":7.0},{"not_picked":["Burning Pact","Searing Blow"],"picked":"Shrug It Off","floor":10.0},{"not_picked":["Clash","Entrench"],"picked":"Feel No Pain","floor":12},{"not_picked":["Uppercut","True Grit"],"picked":"Shrug It Off","floor":13},{"not_picked":["Reaper","Limit Break"],"picked":"Feed","floor":16},{"not_picked":["Iron Wave","True Grit"],"picked":"Shrug It Off+1","floor":18},{"not_picked":["Power Through","Warcry"],"picked":"Rampage","floor":20},{"not_picked":["Blood for Blood","Anger","Perfected Strike"],"picked":"SKIP","floor":24},{"not_picked":["Sentinel","Perfected Strike+1"],"picked":"Dark Embrace","floor":27},{"not_picked":["Sword Boomerang+1","Clash+1"],"picked":"Armaments","floor":28},{"not_picked":["Searing Blow+1","Havoc"],"picked":"Juggernaut","floor":29},{"not_picked":["Inflame","Havoc"],"picked":"Spot Weakness","floor":31}],"player_experience":799543,"relics_obtained":[{"floor":2.0,"key":"Mercury Hourglass"},{"floor":7.0,"key":"Juzu Bracelet"},{"floor":9.0,"key":"Ornamental Fan"},{"floor":12,"key":"Bottled Flame"},{"floor":24,"key":"Molten Egg 2"},{"floor":26,"key":"Pen Nib"},{"floor":27,"key":"Dodecahedron"}],"event_choices":[{"cards_removed":["Strike_R"],"damage_healed":0,"gold_gain":0,"player_choice":"Card Removal","damage_taken":0,"max_hp_gain":0,"max_hp_loss":0,"event_name":"The Cleric","floor":14,"gold_loss":75},{"cards_removed":["Strike_R"],"damage_healed":0,"gold_gain":0,"player_choice":"Gave Gold","damage_taken":0,"max_hp_gain":0,"max_hp_loss":0,"event_name":"Beggar","floor":19,"gold_loss":75},{"damage_healed":0,"gold_gain":0,"player_choice":"Upgraded","damage_taken":0,"max_hp_gain":0,"max_hp_loss":0,"event_name":"Upgrade Shrine","floor":22,"gold_loss":0,"cards_upgraded":["True Grit"]},{"damage_healed":0,"gold_gain":0,"player_choice":"Fight","damage_taken":0,"max_hp_gain":0,"max_hp_loss":0,"event_name":"Colosseum","floor":30,"gold_loss":0},{"damage_healed":0,"gold_gain":0,"player_choice":"Fled From Nobs","damage_taken":0,"max_hp_gain":0,"max_hp_loss":0,"event_name":"Colosseum","floor":30,"gold_loss":0}],"is_beta":false,"boss_relics":[{"not_picked":["Mark of Pain","White Beast Statue"],"picked":"Ectoplasm"}],"items_purged_floors":[5],"is_endless":false,"potions_floor_spawned":[1,4,7,13,16,24,29,31],"killed_by":"Champ","ascension_level":20}