{"gold_per_floor":[119,130,5,5,22,53,53,85,85,100,100,135,153,153,153,227,227,242,252,264,89,4,4,35,35,35,51,85,30,62,4,4,77,77,94,94,107,1106,215,242,242],"floor_reached":41,"playtime":2876,"items_purged":["Strike_B","Strike_B","Normality"],"score":1044,"play_id":"106f5446-af5d-4d20-9aec-38d415d3ee6b","local_time":"20190208000838","is_ascension_mode":true,"campfire_choices":[{"data":"Zap","floor":7,"key":"SMITH"},{"floor":11,"key":"REST"},{"floor":15,"key":"REST"},{"floor":23,"key":"REST"},{"floor":25,"key":"REST"},{"floor":32,"key":"REST"}],"neow_cost":"NONE","seed_source_timestamp":40360793272956,"circlet_count":0,"master_deck":["AscendersBane","Strike_B","Defend_B+1","Defend_B","Defend_B","Defend_B","Zap+1","Dualcast","Ball Lightning","Coolheaded","FTL","Genetic Algorithm","Coolheaded","Echo Form+1","Static Discharge+1","Glacier+1","Undo","Capacitor+1","Glacier+1","Coolheaded","Creative AI+1","Capacitor+1","Normality"],"relics":["Cracked Core","Pen Nib","Cables","Singing Bowl","Gremlin Horn","Centennial Puzzle","Frozen Egg 2","Fusion Hammer","Strawberry","War Paint","Torii","PreservedInsect","StoneCalendar","Sozu","Pantograph","Runic Capacitor","Pear","Ancient Tea Set"],"potions_floor_usage":[19,24,27,33,33],"damage_taken":[{"damage":2,"enemies":"Jaw Worm","floor":1,"turns":4},{"damage":1,"enemies":"Cultist","floor":2,"turns":3},{"damage":1,"enemies":"2 Louse","floor":5,"turns":3},{"damage":21,"enemies":"3 Sentries","floor":6,"turns":5},{"damage":15,"enemies":"Lagavulin","floor":8,"turns":5},{"damage":15,"enemies":"Exordium Wildlife","floor":10,"turns":3},{"damage":15,"enemies":"3 Sentries","floor":12,"turns":5},{"damage":1,"enemies":"3 Louse","floor":13,"turns":3},{"damage":11,"enemies":"The Guardian","floor":16,"turns":12},{"damage":0,"enemies":"Chosen","floor":18,"turns":5},{"damage":3,"enemies":"2 Thieves","floor":19,"turns":3},{"damage":13,"enemies":"3 Cultists","floor":20,"turns":6},{"damage":46,"enemies":"Slavers","floor":24,"turns":4},{"damage":12,"enemies":"Shelled Parasite and Fungi","floor":27,"turns":8},{"damage":21,"enemies":"Book of Stabbing","floor":28,"turns":6},{"damage":1,"enemies":"Gremlin Leader","floor":30,"turns":8},{"damage":36,"enemies":"Collector","floor":33,"turns":17},{"damage":1,"enemies":"Orb Walker","floor":35,"turns":5},{"damage":13,"enemies":"3 Shapes","floor":37,"turns":7},{"damage":67,"enemies":"Reptomancer","floor":40,"turns":10},{"damage":13,"enemies":"Spire Growth","floor":41,"turns":2}],"seed_played":"6868211650436011657","potions_obtained":[{"floor":5,"key":"Swift Potion"},{"floor":12,"key":"Energy Potion"},{"floor":16,"key":"FearPotion"},{"floor":19,"key":"Ancient Potion"},{"floor":28,"key":"Ancient Potion"}],"is_trial":false,"path_per_floor":["M","M","$","?","M","E","R","E","T","M","R","E","M","T","R","B",null,"M","M","M","$","?","R","E","R","T","M","E","$","E","$","R","B",null,"M","?","M","?","$","E","M"],"character_chosen":"DEFECT","items_purchased":["Coolheaded","Glacier","SpeedPotion","Coolheaded","Pantograph","Runic Capacitor","Pear"],"campfire_rested":5,"item_purchase_floors":[3,21,29,31,39,39,39],"current_hp_per_floor":[62,61,61,61,60,39,39,26,26,13,35,22,21,21,44,33,66,68,67,54,54,61,87,41,67,67,55,36,36,35,35,62,26,74,75,75,62,62,72,7,0],"gold":242,"neow_bonus":"RANDOM_COMMON_RELIC","is_prod":false,"is_daily":false,"chose_seed":false,"campfire_upgraded":1,"win_rate":0,"timestamp":1549580918,"path_taken":["M","M","$","?","M","E","R","E","T","M","R","E","?","?","R","BOSS","M","?","M","$","?","R","E","R","T","M","E","$","E","?","R","BOSS","M","?","M","?","$","E","M"],"build_version":"2019-01-23","purchased_purges":3,"victory":false,"max_hp_per_floor":[71,71,71,71,71,71,71,73,73,75,75,77,77,77,77,77,77,79,81,81,81,88,88,88,88,88,88,90,90,90,90,90,90,90,92,92,92,92,102,104,104],"card_choices":[{"not_picked":["Compile Driver","Gash"],"picked":"Ball Lightning","floor":1},{"not_picked":["Undo","Conserve Battery"],"picked":"Ball Lightning","floor":2},{"not_picked":["Redo","Barrage"],"picked":"FTL","floor":5},{"not_picked":["Beam Cell","Redo"],"picked":"Genetic Algorithm","floor":6},{"not_picked":["Conserve Battery","Blizzard","Skim"],"picked":"Singing Bowl","floor":8},{"not_picked":["Streamline","Redo","Barrage"],"picked":"Singing Bowl","floor":10},{"not_picked":["Beam Cell","Go for the Eyes","Rebound"],"picked":"Singing Bowl","floor":12},{"not_picked":["Meteor Strike","White Noise"],"picked":"Coolheaded","floor":13},{"not_picked":["Machine Learning+1","All For One"],"picked":"Echo Form+1","floor":16},{"not_picked":["Force Field","Scrape","Conserve Battery"],"picked":"Singing Bowl","floor":18},{"not_picked":["Sweeping Beam","Steam Power","Gash"],"picked":"Singing Bowl","floor":19},{"not_picked":["Rip and Tear","Stack"],"picked":"Static Discharge+1","floor":20},{"not_picked":["Go for the Eyes","Lockon"],"picked":"Undo","floor":24},{"not_picked":["Redo","Chaos"],"picked":"Capacitor+1","floor":27},{"not_picked":["Turbo","Skim","Steam Power"],"picked":"Singing Bowl","floor":28},{"not_picked":["Turbo","Beam Cell"],"picked":"Glacier+1","floor":30},{"not_picked":["Buffer+1","Hyperbeam"],"picked":"Creative AI+1","floor":33},{"not_picked":["Compile Driver","Rebound","Conserve Battery+1"],"picked":"Singing Bowl","floor":35},{"not_picked":["Force Field","Rip and Tear"],"picked":"Capacitor+1","floor":37},{"not_picked":["Beam Cell+1","Turbo","Scrape+1"],"picked":"Singing Bowl","floor":40}],"player_experience":928249,"relics_obtained":[{"floor":6,"key":"Cables"},{"floor":8,"key":"Singing Bowl"},{"floor":9,"key":"Gremlin Horn"},{"floor":12,"key":"Centennial Puzzle"},{"floor":14,"key":"Frozen Egg 2"},{"floor":24,"key":"War Paint"},{"floor":26,"key":"Torii"},{"floor":28,"key":"PreservedInsect"},{"floor":30,"key":"StoneCalendar"},{"floor":40,"key":"Ancient Tea Set"}],"event_choices":[{"cards_removed":["Strike_B"],"damage_healed":0,"gold_gain":0,"player_choice":"Offered Basic","damage_taken":0,"max_hp_gain":0,"max_hp_loss":0,"event_name":"Bonfire Elementals","floor":4,"gold_loss":0},{"damage_healed":0,"gold_gain":0,"player_choice":"Obtained Relic","damage_taken":0,"relics_obtained":["Strawberry"],"max_hp_gain":0,"max_hp_loss":0,"event_name":"Addict","floor":22,"gold_loss":85},{"cards_removed":["Ball Lightning"],"damage_healed":0,"gold_gain":0,"player_choice":"Removed Attack","damage_taken":0,"max_hp_gain":0,"max_hp_loss":0,"event_name":"Falling","floor":36,"gold_loss":0},{"damage_healed":0,"gold_gain":999,"player_choice":"Gold","damage_taken":0,"max_hp_gain":0,"max_hp_loss":0,"event_name":"MindBloom","floor":38,"gold_loss":0,"cards_obtained":["Normality","Normality"]}],"is_beta":false,"boss_relics":[{"not_picked":["Eternal Feather","Empty Cage"],"picked":"Fusion Hammer"},{"not_picked":["FrozenCore","Orrery"],"picked":"Sozu"}],"items_purged_floors":[3,21,39],"is_endless":false,"potions_floor_spawned":[5,12,13,16,18,19,28,35,37],"killed_by":"Spire Growth","ascension_level":20}