{"gold_per_floor":[116,132,149,35,35,35,67,67,67,67,93,93,93,103,103,178,178,189,199,210,47,60,119,119,153,153,153,53,82,128,140,152,242,254,280,40,50,69,80,111,111,136,218,250,250,277,277,287,287,287],"floor_reached":50,"playtime":4379,"items_purged":["Strike_G","Strike_G"],"score":1352,"play_id":"55642295-3445-47a9-abf3-e1cf775c939c","local_time":"20190124184617","is_ascension_mode":true,"campfire_choices":[{"data":"Poisoned Stab","floor":6.0,"key":"SMITH"},{"data":"Neutralize","floor":8.0,"key":"SMITH"},{"data":"Footwork","floor":10.0,"key":"SMITH"},{"data":"Sucker Punch","floor":13.0,"key":"SMITH"},{"data":"Crippling Poison","floor":15.0,"key":"SMITH"},{"data":"A Thousand Cuts","floor":24.0,"key":"SMITH"},{"floor":27.0,"key":"REST"},{"floor":32.0,"key":"REST"},{"floor":41,"key":"REST"},{"floor":45,"key":"REST"},{"floor":47,"key":"REST"},{"floor":49,"key":"RECALL"}],"neow_cost":"NONE","seed_source_timestamp":13510502028537,"circlet_count":0,"master_deck":["AscendersBane","Defend_G+1","Defend_G","Defend_G+1","Defend_G","Defend_G+1","Survivor","Neutralize+1","Footwork+1","Poisoned Stab+1","Poisoned Stab","Infinite Blades","Infinite Blades","Sucker Punch+1","Crippling Poison+1","A Thousand Cuts+1","Well Laid Plans","Poisoned Stab+1","Backflip","Dodge and Roll","Envenom","Setup+1","Cloak And Dagger+1","Dagger Spray+1","PiercingWail","Catalyst+1","Dodge and Roll","Crippling Poison","Malaise","Backflip","Night Terror","Footwork"],"special_seed":0,"relics":["Ring of the Snake","Boot","Paper Crane","War Paint","Dodecahedron","Pantograph","Velvet Choker","Lantern","Tiny Chest","Gambling Chip","Question Card","MawBank","Red Mask","Astrolabe","Bag of Preparation","Dream Catcher","Gremlin Horn","Bottled Tornado","Meat on the Bone","Kunai"],"potions_floor_usage":[44],"damage_taken":[{"damage":2.0,"enemies":"2 Louse","floor":1.0,"turns":4.0},{"damage":0.0,"enemies":"Jaw Worm","floor":2.0,"turns":5.0},{"damage":0.0,"enemies":"Cultist","floor":3.0,"turns":6.0},{"damage":4.0,"enemies":"Gremlin Nob","floor":7.0,"turns":3.0},{"damage":2.0,"enemies":"3 Sentries","floor":11.0,"turns":8.0},{"damage":0.0,"enemies":"Large Slime","floor":14.0,"turns":5.0},{"damage":8.0,"enemies":"The Guardian","floor":16.0,"turns":10.0},{"damage":9.0,"enemies":"Spheric Guardian","floor":18.0,"turns":5.0},{"damage":3.0,"enemies":"Chosen","floor":19.0,"turns":6.0},{"damage":4.0,"enemies":"Snake Plant","floor":20.0,"turns":4.0},{"damage":6.0,"enemies":"Snecko","floor":22.0,"turns":5.0},{"damage":0.0,"enemies":"Gremlin Leader","floor":23.0,"turns":6.0},{"damage":17.0,"enemies":"Book of Stabbing","floor":25.0,"turns":5.0},{"damage":3.0,"enemies":"Slavers","floor":29.0,"turns":4.0},{"damage":11.0,"enemies":"Masked Bandits","floor":30.0,"turns":3.0},{"damage":41.0,"enemies":"Champ","floor":33.0,"turns":11.0},{"damage":21.0,"enemies":"3 Darklings","floor":35.0,"turns":4.0},{"damage":7.0,"enemies":"3 Shapes","floor":37.0,"turns":4.0},{"damage":0,"enemies":"Maw","floor":38,"turns":6},{"damage":1,"enemies":"3 Darklings","floor":39,"turns":5},{"damage":9,"enemies":"Giant Head","floor":40,"turns":9},{"damage":28,"enemies":"Nemesis","floor":42,"turns":7},{"damage":0,"enemies":"Reptomancer","floor":44,"turns":6},{"damage":23,"enemies":"Giant Head","floor":46,"turns":11},{"damage":0,"enemies":"Sphere and 2 Shapes","floor":48,"turns":4},{"damage":61,"enemies":"Awakened One","floor":50,"turns":12}],"seed_played":"-7397984994648270733","potions_obtained":[{"floor":2.0,"key":"PowerPotion"},{"floor":3.0,"key":"FearPotion"},{"floor":16.0,"key":"GhostInAJar"},{"floor":20.0,"key":"EntropicBrew"},{"floor":35.0,"key":"Poison Potion"},{"floor":44,"key":"Ancient Potion"}],"is_trial":false,"path_per_floor":["M","M","M","$","?","R","E","R","T","R","E","T","R","M","R","B",null,"M","M","M","$","M","E","R","E","T","R","$","E","?","T","R","B",null,"M","$","M","M","M","E","R","E","T","E","R","E","R","M","R","B"],"character_chosen":"THE_SILENT","items_purchased":["Infinite Blades","Lantern","Bag of Preparation","GhostInAJar"],"campfire_rested":5,"item_purchase_floors":[4,21,36,36],"current_hp_per_floor":[57,57,57,57,37,37,33,33,33,33,31,31,31,31,31,48,62,53,50,46,46,40,40,40,23,23,42,42,39,28,28,47,25,56,35,35,28,28,27,18,37,9,9,9,28,17,36,36,36,0],"gold":287,"neow_bonus":"RANDOM_COMMON_RELIC","is_prod":false,"is_daily":false,"chose_seed":false,"campfire_upgraded":6,"win_rate":0,"timestamp":1548351977,"path_taken":["M","M","M","$","?","R","E","R","T","R","E","?","R","M","R","BOSS","M","M","M","$","M","E","R","E","T","R","$","E","?","?","R","BOSS","M","$","M","M","M","E","R","E","T","E","R","E","R","M","R","BOSS"],"build_version":"2019-01-23","purchased_purges":2,"victory":false,"max_hp_per_floor":[66,66,66,66,66,66,66,66,66,66,66,66,66,66,66,66,66,66,66,66,66,66,66,66,66,66,66,66,66,66,66,66,66,66,66,66,66,66,66,66,66,66,66,66,66,66,66,66,66,66],"card_choices":[{"not_picked":["PiercingWail","Blade Dance"],"picked":"Footwork","floor":1.0},{"not_picked":["Calculated Gamble","Underhanded Strike"],"picked":"Poisoned Stab","floor":2.0},{"not_picked":["Outmaneuver","Blade Dance"],"picked":"Poisoned Stab","floor":3.0},{"not_picked":["Bane","Tactician"],"picked":"Infinite Blades","floor":7.0},{"not_picked":["Venomology","Dagger Throw"],"picked":"Sucker Punch","floor":11.0},{"not_picked":["Bane","Expertise"],"picked":"Crippling Poison","floor":14.0},{"not_picked":["Burst","Venomology"],"picked":"A Thousand Cuts","floor":16.0},{"not_picked":["Underhanded Strike","Bane"],"picked":"Well Laid Plans","floor":18.0},{"not_picked":["All Out Attack","Escape Plan","Distraction"],"picked":"SKIP","floor":19.0},{"not_picked":["Backflip","Cloak And Dagger"],"picked":"Poisoned Stab+1","floor":20.0},{"not_picked":["Dagger Throw","Blade Dance","Outmaneuver"],"picked":"SKIP","floor":22.0},{"not_picked":["Unload","Deflect","All Out Attack"],"picked":"SKIP","floor":23.0},{"not_picked":["Deflect","Blur"],"picked":"Backflip","floor":25.0},{"not_picked":["Acrobatics","Bane+1","Escape Plan","Sucker Punch+1"],"picked":"SKIP","floor":29.0},{"not_picked":["Deadly Poison","Bane+1","Finisher"],"picked":"Dodge and Roll","floor":30.0},{"not_picked":["Tools of the Trade","Storm of Steel","Venomology"],"picked":"Envenom","floor":33.0},{"not_picked":["Prepared","Terror","Accuracy+1"],"picked":"PiercingWail","floor":35.0},{"not_picked":["Dagger Throw","Outmaneuver","Poisoned Stab"],"picked":"Catalyst+1","floor":37.0},{"not_picked":["Sucker Punch","Quick Slash","Dagger Throw+1"],"picked":"Dodge and Roll","floor":38},{"not_picked":["Setup+1","Bane","Poisoned Stab+1","Slice+1"],"picked":"SKIP","floor":39},{"not_picked":["All Out Attack+1","Sucker Punch","Escape Plan"],"picked":"Crippling Poison","floor":40},{"not_picked":["Cloak And Dagger","Noxious Fumes","Backflip"],"picked":"Malaise","floor":41},{"not_picked":["Tactician+1","Blade Dance","Choke+1"],"picked":"Backflip","floor":42},{"not_picked":["Quick Slash","Choke","Concentrate","Outmaneuver+1"],"picked":"SKIP","floor":44},{"not_picked":["Cloak And Dagger","Eviscerate","Well Laid Plans+1"],"picked":"Night Terror","floor":46},{"not_picked":["Endless Agony+1","Deadly Poison","Sucker Punch"],"picked":"Footwork","floor":47},{"not_picked":["Bane","Sucker Punch","Caltrops+1","Skewer"],"picked":"SKIP","floor":48}],"player_experience":765305,"relics_obtained":[{"floor":7.0,"key":"Paper Crane"},{"floor":9.0,"key":"War Paint"},{"floor":11.0,"key":"Dodecahedron"},{"floor":12.0,"key":"Pantograph"},{"floor":23.0,"key":"Tiny Chest"},{"floor":25.0,"key":"Gambling Chip"},{"floor":26.0,"key":"Question Card"},{"floor":29.0,"key":"MawBank"},{"floor":30.0,"key":"Red Mask"},{"floor":40,"key":"Dream Catcher"},{"floor":42,"key":"Gremlin Horn"},{"floor":43,"key":"Bottled Tornado"},{"floor":44,"key":"Meat on the Bone"},{"floor":46,"key":"Kunai"}],"event_choices":[{"damage_healed":0.0,"max_hp_gain":0.0,"max_hp_loss":0.0,"gold_gain":0.0,"event_name":"Shining Light","player_choice":"Entered Light","floor":5.0,"gold_loss":0.0,"damage_taken":20.0,"cards_upgraded":["Strike_G","Defend_G"]},{"damage_healed":0.0,"max_hp_gain":0.0,"max_hp_loss":0.0,"gold_gain":0.0,"event_name":"Masked Bandits","player_choice":"Fought Bandits","floor":30.0,"gold_loss":0.0,"damage_taken":0.0}],"is_beta":false,"boss_relics":[{"not_picked":["Pandora\u0027s Box","WristBlade"],"picked":"Velvet Choker"},{"not_picked":["Lizard Tail","White Beast Statue"],"picked":"Astrolabe"}],"items_purged_floors":[4,28],"is_endless":false,"potions_floor_spawned":[2,3,16,19,20,35,40,44,46,48],"killed_by":"Awakened One","ascension_level":20}