{"gold_per_floor":[18,18,33,78,98,98,98,115,115,131,64,64,98,98,98,200,200,219,219,219,205,221,221,266,278,278,290,308,0,30,41,41,137,137,147,147,158,158,158],"floor_reached":39,"playtime":3412,"items_purged":[],"score":423,"play_id":"913e9cf1-3738-4365-bc3f-dadbdf581d96","local_time":"20190309141706","is_ascension_mode":false,"campfire_choices":[{"data":"Magnetism","floor":6,"key":"SMITH"},{"data":"Noxious Fumes","floor":12,"key":"SMITH"},{"floor":15,"key":"REST"},{"data":"Setup","floor":23,"key":"SMITH"},{"floor":32,"key":"REST"}],"neow_cost":"NO_GOLD","seed_source_timestamp":663138178853541,"circlet_count":0,"master_deck":["Defend_G+1","Defend_G+1","Defend_G+1","Defend_G+1","Defend_G+1","Strike_G+1","Strike_G+1","Strike_G+1","Strike_G+1","Survivor","Neutralize","Finesse","Magnetism+1","PiercingWail","Caltrops","Dagger Spray","Infinite Blades","Setup+1","Noxious Fumes+1","Escape Plan","Adrenaline","Escape Plan","Footwork","Deflect+1","Accuracy","Crippling Poison","Flying Knee+1","Leg Sweep+1","After Image","Bane+1","All Out Attack","Cloak And Dagger+1"],"relics":["Ring of the Serpent","Orichalcum","Bottled Flame","Mercury Hourglass","Black Star","Oddly Smooth Stone","Centennial Puzzle","Vajra","Turnip","Matryoshka","Boot"],"potions_floor_usage":[8,13,13,21,27,30,35,39,39,39],"damage_taken":[{"damage":0,"enemies":"2 Louse","floor":1,"turns":3},{"damage":0,"enemies":"Cultist","floor":3,"turns":5},{"damage":4,"enemies":"Small Slimes","floor":5,"turns":5},{"damage":0,"enemies":"Gremlin Gang","floor":8,"turns":4},{"damage":0,"enemies":"Blue Slaver","floor":10,"turns":4},{"damage":28,"enemies":"Gremlin Nob","floor":13,"turns":5},{"damage":26,"enemies":"The Guardian","floor":16,"turns":10},{"damage":0,"enemies":"3 Byrds","floor":18,"turns":5},{"damage":0,"enemies":"2 Thieves","floor":21,"turns":4},{"damage":3,"enemies":"Chosen and Byrds","floor":22,"turns":7},{"damage":7,"enemies":"Book of Stabbing","floor":24,"turns":7},{"damage":12,"enemies":"Sentry and Sphere","floor":25,"turns":6},{"damage":0,"enemies":"3 Cultists","floor":27,"turns":4},{"damage":5,"enemies":"Snecko","floor":28,"turns":9},{"damage":19,"enemies":"Slavers","floor":30,"turns":5},{"damage":0,"enemies":"Shelled Parasite and Fungi","floor":31,"turns":7},{"damage":30,"enemies":"Automaton","floor":33,"turns":11},{"damage":4,"enemies":"3 Darklings","floor":35,"turns":5},{"damage":0,"enemies":"3 Shapes","floor":37,"turns":7},{"damage":69,"enemies":"Awakened One","floor":39,"turns":10}],"seed_played":"-1017086079297865989","potions_obtained":[{"floor":3,"key":"EssenceOfSteel"},{"floor":8,"key":"SteroidPotion"},{"floor":10,"key":"Explosive Potion"},{"floor":16,"key":"Weak Potion"},{"floor":22,"key":"Explosive Potion"},{"floor":24,"key":"Energy Potion"},{"floor":31,"key":"SpeedPotion"},{"floor":33,"key":"Ancient Potion"},{"floor":35,"key":"Weak Potion"},{"floor":37,"key":"Fire Potion"}],"is_trial":false,"path_per_floor":["M","?","M","T","M","R","?","M","T","M","$","R","E","?","R","B",null,"M","?","T","M","M","R","E","M","T","M","M","$","E","M","R","B",null,"M","?","M","?","B"],"character_chosen":"THE_SILENT","items_purchased":["Noxious Fumes","Turnip"],"campfire_rested":2,"item_purchase_floors":[11,29],"current_hp_per_floor":[70,70,70,70,66,66,66,66,66,66,66,66,38,24,45,19,70,70,70,70,70,67,67,60,48,48,48,43,43,24,24,45,15,70,66,66,66,66,0],"gold":158,"neow_bonus":"RANDOM_COLORLESS_2","is_prod":false,"is_daily":false,"chose_seed":false,"campfire_upgraded":3,"win_rate":0,"timestamp":1552155426,"path_taken":["M","?","?","?","M","R","?","?","T","M","$","R","E","?","R","BOSS","M","?","?","M","M","R","E","M","T","M","M","$","E","M","R","BOSS","M","?","?","?","BOSS"],"build_version":"2019-01-23","purchased_purges":0,"victory":false,"max_hp_per_floor":[70,70,70,70,70,70,70,70,70,70,70,70,70,70,70,70,70,70,70,70,70,70,70,70,70,70,70,70,70,70,70,70,70,70,70,70,70,70,70],"card_choices":[{"not_picked":["Riddle With Holes","Backflip"],"picked":"PiercingWail","floor":1},{"not_picked":["Crippling Poison","Deadly Poison"],"picked":"Caltrops","floor":3},{"not_picked":["Calculated Gamble","Prepared"],"picked":"Dagger Spray","floor":5},{"not_picked":["Deadly Poison","Blade Dance"],"picked":"Infinite Blades","floor":8},{"not_picked":["Poisoned Stab","Backflip"],"picked":"Setup","floor":10},{"not_picked":["Riddle With Holes","Infinite Blades"],"picked":"Escape Plan","floor":13},{"not_picked":["Unload","Malaise"],"picked":"Adrenaline","floor":16},{"not_picked":["Bane","Outmaneuver"],"picked":"Escape Plan","floor":18},{"not_picked":["Escape Plan","Cloak And Dagger+1"],"picked":"Footwork","floor":21},{"not_picked":["PiercingWail+1","Blade Dance"],"picked":"Deflect+1","floor":22},{"not_picked":["Dagger Throw","Caltrops"],"picked":"Accuracy","floor":24},{"not_picked":["Sucker Punch+1","Masterful Stab+1"],"picked":"Crippling Poison","floor":25},{"not_picked":["Deadly Poison","Dodge and Roll","Choke"],"picked":"SKIP","floor":27},{"not_picked":["Escape Plan","Dagger Spray"],"picked":"Flying Knee+1","floor":28},{"not_picked":["Deflect","Prepared"],"picked":"Leg Sweep+1","floor":30},{"not_picked":["Backflip","Sucker Punch","Blur"],"picked":"SKIP","floor":31},{"not_picked":["Wraith Form v2","Malaise"],"picked":"After Image","floor":33},{"not_picked":["Dagger Spray+1","Underhanded Strike"],"picked":"Bane+1","floor":35},{"not_picked":["Quick Slash+1","Dagger Spray+1"],"picked":"Cloak And Dagger+1","floor":37}],"player_experience":478120,"relics_obtained":[{"floor":4,"key":"Orichalcum"},{"floor":9,"key":"Bottled Flame"},{"floor":13,"key":"Mercury Hourglass"},{"floor":24,"key":"Oddly Smooth Stone"},{"floor":24,"key":"Centennial Puzzle"},{"floor":26,"key":"Vajra"},{"floor":30,"key":"Matryoshka"},{"floor":30,"key":"Boot"}],"event_choices":[{"damage_healed":0,"gold_gain":0,"player_choice":"Cursed","damage_taken":0,"max_hp_gain":0,"max_hp_loss":0,"event_name":"Wheel of Change","floor":2,"gold_loss":0,"cards_obtained":["Decay"]},{"cards_removed":["Decay"],"damage_healed":0,"gold_gain":0,"player_choice":"Removed Curses","damage_taken":0,"max_hp_gain":0,"max_hp_loss":0,"event_name":"Fountain of Cleansing","floor":7,"gold_loss":0},{"damage_healed":0,"gold_gain":0,"player_choice":"Entered Light","damage_taken":14,"max_hp_gain":0,"max_hp_loss":0,"event_name":"Shining Light","floor":14,"gold_loss":0,"cards_upgraded":["Strike_G","Defend_G"]},{"damage_healed":0,"gold_gain":0,"player_choice":"Simplicity","damage_taken":0,"max_hp_gain":0,"max_hp_loss":0,"event_name":"Back to Basics","floor":19,"gold_loss":0,"cards_upgraded":["Defend_G","Defend_G","Defend_G","Defend_G","Strike_G","Strike_G","Strike_G","Strike_G"]},{"damage_healed":0,"gold_gain":0,"cards_transformed":["Strike_G"],"player_choice":"Transformed","damage_taken":0,"max_hp_gain":0,"max_hp_loss":0,"event_name":"Transmorgrifier","floor":36,"gold_loss":0,"cards_obtained":["All Out Attack"]},{"damage_healed":0,"gold_gain":0,"player_choice":"Took Portal","damage_taken":0,"max_hp_gain":0,"max_hp_loss":0,"event_name":"SecretPortal","floor":38,"gold_loss":0}],"is_beta":false,"boss_relics":[{"not_picked":["Busted Crown","HoveringKite"],"picked":"Black Star"},{"not_picked":["Snecko Eye","Philosopher\u0027s Stone"],"picked":"Ring of the Serpent"}],"items_purged_floors":[],"is_endless":false,"potions_floor_spawned":[3,8,10,16,22,24,31,33,35,37],"killed_by":"Awakened One","ascension_level":0}