{"gold_per_floor":[112,126,51,69,87,87,112,112,112,144,158,170,170,200,200,300,300,311,311,329,54,65,65,82,82,82,97,97,129,93,126,126,225,275,286,286,298,298,298,298,309,309,309,358,374,394,394],"floor_reached":47,"playtime":2699,"items_purged":["Strike_R"],"score":764,"play_id":"1356fb25-f09d-40cc-9b01-338a0cc4173b","local_time":"20190301092659","is_ascension_mode":true,"campfire_choices":[{"data":"Body Slam","floor":6.0,"key":"SMITH"},{"floor":8.0,"key":"REST"},{"floor":13.0,"key":"REST"},{"data":"Rampage","floor":15.0,"key":"SMITH"},{"data":"Impervious","floor":23.0,"key":"SMITH"},{"data":"Bash","floor":25.0,"key":"SMITH"},{"data":"Entrench","floor":28.0,"key":"SMITH"},{"data":"Clothesline","floor":32.0,"key":"SMITH"},{"floor":40.0,"key":"RECALL"},{"floor":42.0,"key":"REST"}],"neow_cost":"NONE","seed_source_timestamp":0,"circlet_count":0,"master_deck":["Strike_R","Strike_R+1","Strike_R","Defend_R+1","Defend_R","Defend_R","Bash+1","Body Slam+1","Clothesline+1","Metallicize+1","Battle Trance+1","Impervious+1","Rampage+1","Barricade+1","Cleave","Ghostly Armor","Flex","Entrench+1","Intimidate+1","Inflame+1","Juggernaut+1","Carnage","Madness","Madness","Flex","Uppercut","Parasite"],"special_seed":0,"relics":["Burning Blood","Bag of Marbles","Potion Belt","Frozen Egg 2","Odd Mushroom","Busted Crown","War Paint","Regal Pillow","Gremlin Horn","Tiny House","Strawberry","Bottled Flame","Blood Vial"],"potions_floor_usage":[],"damage_taken":[{"damage":4.0,"enemies":"Jaw Worm","floor":1.0,"turns":6.0},{"damage":5.0,"enemies":"Cultist","floor":2.0,"turns":4.0},{"damage":5.0,"enemies":"2 Louse","floor":4.0,"turns":4.0},{"damage":6.0,"enemies":"Exordium Wildlife","floor":5.0,"turns":4.0},{"damage":50.0,"enemies":"3 Sentries","floor":7.0,"turns":10.0},{"damage":36.0,"enemies":"Gremlin Nob","floor":10.0,"turns":5.0},{"damage":4.0,"enemies":"Looter","floor":11.0,"turns":3.0},{"damage":10.0,"enemies":"Large Slime","floor":12.0,"turns":6.0},{"damage":7.0,"enemies":"The Mushroom Lair","floor":14.0,"turns":6.0},{"damage":26.0,"enemies":"The Guardian","floor":16.0,"turns":12.0},{"damage":9.0,"enemies":"Shell Parasite","floor":18.0,"turns":6.0},{"damage":3.0,"enemies":"Spheric Guardian","floor":20.0,"turns":6.0},{"damage":1.0,"enemies":"3 Cultists","floor":22.0,"turns":6.0},{"damage":8.0,"enemies":"Sentry and Sphere","floor":24.0,"turns":7.0},{"damage":0.0,"enemies":"Snecko","floor":27.0,"turns":4.0},{"damage":0.0,"enemies":"Book of Stabbing","floor":29.0,"turns":4.0},{"damage":17.0,"enemies":"Slavers","floor":31.0,"turns":5.0},{"damage":35.0,"enemies":"Collector","floor":33.0,"turns":11.0},{"damage":0.0,"enemies":"Orb Walker","floor":35.0,"turns":4.0},{"damage":32.0,"enemies":"3 Darklings","floor":37.0,"turns":5.0},{"damage":18.0,"enemies":"4 Shapes","floor":41.0,"turns":8.0},{"damage":62.0,"enemies":"Transient","floor":45.0,"turns":5.0},{"damage":7.0,"enemies":"Jaw Worm Horde","floor":46.0,"turns":6.0},{"damage":67,"enemies":"Writhing Mass","floor":47,"turns":6}],"seed_played":"-7862091248047252117","potions_obtained":[{"floor":2.0,"key":"Regen Potion"},{"floor":4.0,"key":"Weak Potion"},{"floor":5.0,"key":"LiquidBronze"},{"floor":12.0,"key":"FairyPotion"},{"floor":14.0,"key":"GamblersBrew"},{"floor":16.0,"key":"AttackPotion"},{"floor":18.0,"key":"Dexterity Potion"},{"floor":22.0,"key":"Weak Potion"},{"floor":31.0,"key":"Dexterity Potion"},{"floor":34.0,"key":"SpeedPotion"},{"floor":37.0,"key":"SkillPotion"},{"floor":45.0,"key":"EssenceOfSteel"},{"floor":46,"key":"Poison Potion"}],"is_trial":false,"path_per_floor":["M","M","$","M","M","R","E","R","T","E","M","M","R","?","R","B",null,"M","?","M","$","M","R","M","R","T","M","R","E","$","E","R","B",null,"M","?","M","T","?","R","M","R","T","T","M","M","M"],"character_chosen":"IRONCLAD","items_purchased":["Ghostly Armor","War Paint","Flex","Inflame+1"],"campfire_rested":3,"item_purchase_floors":[21,21,21,30],"current_hp_per_floor":[74,75,75,76,76,76,32,56,56,26,28,24,48,62,62,42,71,68,68,71,71,76,76,74,74,74,80,80,80,80,69,69,40,75,81,70,44,51,51,51,39,81,81,81,27,28,0],"gold":394,"neow_bonus":"REMOVE_CARD","is_prod":false,"is_daily":false,"chose_seed":false,"campfire_upgraded":6,"win_rate":0,"timestamp":1551446819,"path_taken":["M","M","$","M","M","R","E","R","T","E","M","M","R","?","R","BOSS","M","?","M","$","M","R","M","R","T","M","R","E","?","E","R","BOSS","M","?","M","?","?","R","M","R","T","?","M","M","M"],"build_version":"2019-01-23","purchased_purges":1,"victory":false,"max_hp_per_floor":[80,80,80,80,80,80,80,80,80,80,80,80,80,80,80,80,80,80,80,80,80,80,80,80,80,80,80,80,80,80,80,80,80,85,85,85,85,92,92,92,92,92,92,92,92,92,92],"card_choices":[{"not_picked":["Shrug It Off","Combust"],"picked":"Body Slam","floor":1.0},{"not_picked":["Armaments","Spot Weakness","Headbutt"],"picked":"SKIP","floor":2.0},{"not_picked":["Bloodletting","Ghostly Armor","Wild Strike"],"picked":"SKIP","floor":4.0},{"not_picked":["Shrug It Off","Seeing Red","Headbutt"],"picked":"SKIP","floor":5.0},{"not_picked":["Shrug It Off","Seeing Red","Headbutt"],"picked":"SKIP","floor":5.0},{"not_picked":["Feel No Pain","Corruption"],"picked":"Clothesline","floor":7.0},{"not_picked":["Rampage","Headbutt"],"picked":"Metallicize","floor":10.0},{"not_picked":["Havoc","Burning Pact"],"picked":"Battle Trance","floor":11.0},{"not_picked":["Twin Strike","Corruption+1"],"picked":"Impervious","floor":12.0},{"not_picked":["Feel No Pain+1","Clothesline"],"picked":"Rampage","floor":14.0},{"not_picked":["Immolate","Reaper"],"picked":"Barricade+1","floor":16.0},{"not_picked":[],"picked":"Cleave","floor":18.0},{"not_picked":["Thunderclap+1"],"picked":"SKIP","floor":20.0},{"not_picked":["Warcry"],"picked":"SKIP","floor":22.0},{"not_picked":[],"picked":"Dropkick","floor":24.0},{"not_picked":[],"picked":"Entrench","floor":27.0},{"not_picked":[],"picked":"Intimidate+1","floor":29.0},{"not_picked":["Warcry"],"picked":"SKIP","floor":31.0},{"not_picked":[],"picked":"Juggernaut+1","floor":33.0},{"not_picked":[],"picked":"Carnage","floor":35.0},{"not_picked":["Wild Strike+1"],"picked":"SKIP","floor":37.0},{"not_picked":["Headbutt"],"picked":"SKIP","floor":41.0},{"not_picked":[],"picked":"Flex","floor":45.0},{"not_picked":[],"picked":"Uppercut","floor":46}],"player_experience":467490,"relics_obtained":[{"floor":7.0,"key":"Bag of Marbles"},{"floor":9.0,"key":"Potion Belt"},{"floor":10.0,"key":"Frozen Egg 2"},{"floor":14.0,"key":"Odd Mushroom"},{"floor":29.0,"key":"Regal Pillow"},{"floor":31.0,"key":"Gremlin Horn"},{"floor":38.0,"key":"Strawberry"},{"floor":43.0,"key":"Bottled Flame"},{"floor":44.0,"key":"Blood Vial"}],"event_choices":[{"damage_healed":0.0,"max_hp_gain":0.0,"max_hp_loss":0.0,"gold_gain":0.0,"event_name":"Mushrooms","player_choice":"Fought Mushrooms","floor":14.0,"gold_loss":0.0,"damage_taken":0.0},{"cards_removed":["Defend_R"],"damage_healed":0.0,"max_hp_gain":0.0,"max_hp_loss":0.0,"gold_gain":0.0,"event_name":"Purifier","player_choice":"Purged","floor":19.0,"gold_loss":0.0,"damage_taken":0.0},{"damage_healed":0.0,"max_hp_gain":0.0,"max_hp_loss":0.0,"gold_gain":0.0,"event_name":"Winding Halls","player_choice":"Embrace Madness","floor":36.0,"gold_loss":0.0,"damage_taken":11.0,"cards_obtained":["Madness","Madness"]},{"cards_removed":["Dropkick"],"damage_healed":0.0,"max_hp_gain":0.0,"max_hp_loss":0.0,"gold_gain":0.0,"event_name":"Falling","player_choice":"Removed Attack","floor":39.0,"gold_loss":0.0,"damage_taken":0.0}],"is_beta":false,"boss_relics":[{"not_picked":["Black Blood","Astrolabe"],"picked":"Busted Crown"},{"not_picked":["Sozu","Philosopher\u0027s Stone"],"picked":"Tiny House"}],"items_purged_floors":[3],"is_endless":false,"potions_floor_spawned":[2,4,5,12,14,16,18,22,31,37,45,46],"killed_by":"Writhing Mass","ascension_level":9}