{"gold_per_floor":[118,129,129,129,94,94,119,119,119,134,163,163,16,50,50,153,153,166,166,180,280,280,242,252,283,335,347,373,387,41,51,51,147,147,157,157,175,175,175,175,200,200,200,213,213,313,26,57,57,57,57,57,19,51,51],"floor_reached":55,"playtime":3773,"items_purged":[],"score":1237,"play_id":"ba813b23-7312-42e8-af7d-24371278ad76","local_time":"20190607190408","is_ascension_mode":true,"campfire_choices":[{"data":"Fusion","floor":6,"key":"SMITH"},{"floor":8,"key":"REST"},{"data":"Zap","floor":15,"key":"SMITH"},{"floor":32,"key":"RECALL"},{"data":"Bandage Up","floor":40,"key":"SMITH"},{"data":"Go for the Eyes","floor":45,"key":"SMITH"},{"data":"Glacier","floor":49,"key":"SMITH"},{"data":"Dualcast","floor":52,"key":"SMITH"}],"neow_cost":"NONE","seed_source_timestamp":1765844369278494,"circlet_count":0,"master_deck":["Strike_B+1","Strike_B+1","Strike_B+1","Defend_B+1","Defend_B+1","Defend_B+1","Defend_B+1","Zap+1","Dualcast+1","Thunder Strike","Ball Lightning","Fusion+1","Glacier+1","Machine Learning+1","Defragment+1","Go for the Eyes+1","Creative AI+1","Defragment+1","Cold Snap+1","Defragment+1","Cold Snap+1","Steam","Redo+1","Storm+1","Recycle+1","Buffer+1","Coolheaded+1","Bandage Up+1","Core Surge","Compile Driver+1","Storm+1","Static Discharge+1","Buffer+1"],"relics":["Cracked Core","Lantern","Darkstone Periapt","Frozen Egg 2","Smiling Mask","PreservedInsect","Bronze Scales","Vajra","Sozu","Ice Cream","Letter Opener","MutagenicStrength","Pen Nib","Bag of Marbles","Lee\u0027s Waffle","Oddly Smooth Stone","Nuclear Battery","Meat on the Bone","Blue Candle","Bottled Flame","Strawberry","Prayer Wheel","Gremlin Horn","Dream Catcher","Centennial Puzzle"],"potions_floor_usage":[11,20,25,27],"damage_taken":[{"damage":12,"enemies":"Small Slimes","floor":1,"turns":3},{"damage":4,"enemies":"2 Louse","floor":2,"turns":2},{"damage":25,"enemies":"Lagavulin","floor":7,"turns":7},{"damage":0,"enemies":"Cultist","floor":10,"turns":3},{"damage":3,"enemies":"3 Sentries","floor":11,"turns":7},{"damage":0,"enemies":"Gremlin Nob","floor":14,"turns":3},{"damage":0,"enemies":"Hexaghost","floor":16,"turns":9},{"damage":7,"enemies":"Shell Parasite","floor":18,"turns":5},{"damage":0,"enemies":"3 Byrds","floor":20,"turns":4},{"damage":11,"enemies":"Colosseum Slavers","floor":21,"turns":4},{"damage":12,"enemies":"Colosseum Nobs","floor":21,"turns":4},{"damage":7,"enemies":"Sentry and Sphere","floor":24,"turns":4},{"damage":0,"enemies":"Gremlin Leader","floor":25,"turns":5},{"damage":11,"enemies":"Snake Plant","floor":27,"turns":3},{"damage":8,"enemies":"Book of Stabbing","floor":28,"turns":4},{"damage":0,"enemies":"3 Cultists","floor":29,"turns":4},{"damage":0,"enemies":"Cultist and Chosen","floor":31,"turns":3},{"damage":0,"enemies":"Automaton","floor":33,"turns":6},{"damage":15,"enemies":"3 Shapes","floor":35,"turns":3},{"damage":0,"enemies":"Orb Walker","floor":37,"turns":2},{"damage":2,"enemies":"Nemesis","floor":41,"turns":5},{"damage":3,"enemies":"Jaw Worm Horde","floor":44,"turns":4},{"damage":0,"enemies":"Mind Bloom Boss Battle","floor":46,"turns":6},{"damage":9,"enemies":"Reptomancer","floor":48,"turns":2},{"damage":41,"enemies":"Awakened One","floor":50,"turns":8},{"damage":29,"enemies":"Shield and Spear","floor":54,"turns":3},{"damage":73,"enemies":"The Heart","floor":55,"turns":5}],"seed_played":"-8432534660446535811","potions_obtained":[{"floor":1,"key":"SpeedPotion"},{"floor":7,"key":"Block Potion"},{"floor":10,"key":"Block Potion"},{"floor":11,"key":"SpeedPotion"},{"floor":14,"key":"Energy Potion"}],"is_trial":false,"path_per_floor":["M","M","?","?","?","R","E","R","T","M","E","?","$","E","R","B",null,"M","?","M","?","?","$","M","E","T","M","E","M","$","M","R","B",null,"M","T","M","?","$","R","E","T","T","M","R","?","$","E","R","B",null,"R","$","E","B"],"character_chosen":"DEFECT","items_purchased":["Bronze Scales","Defragment+1","Lee\u0027s Waffle","Oddly Smooth Stone","Storm+1","Gremlin Horn","Static Discharge+1"],"campfire_rested":1,"item_purchase_floors":[13,23,30,30,47,47,53],"current_hp_per_floor":[56,52,40,33,51,51,26,48,48,48,45,45,45,45,45,45,68,61,61,61,38,38,38,31,31,31,20,12,12,82,82,82,82,82,67,67,67,67,67,67,71,71,78,81,81,87,87,78,78,55,81,81,81,58,0],"gold":51,"neow_bonus":"ONE_RANDOM_RARE_CARD","is_prod":false,"is_daily":false,"chose_seed":false,"campfire_upgraded":6,"win_rate":0,"timestamp":1559945048,"path_taken":["M","M","?","?","?","R","E","R","T","M","E","?","$","E","R","BOSS","M","?","M","?","?","$","M","E","T","M","E","M","?","M","R","BOSS","M","?","M","?","?","R","E","?","T","M","R","?","$","E","R","BOSS","R","$","E","BOSS"],"build_version":"2019-01-23","purchased_purges":0,"victory":false,"max_hp_per_floor":[75,75,75,75,75,75,75,75,75,75,75,75,75,75,75,75,75,75,75,75,75,75,75,75,75,75,75,75,75,82,82,82,82,82,82,82,82,82,82,82,82,82,89,89,89,89,89,89,89,89,89,89,89,89,89],"card_choices":[{"not_picked":["Sweeping Beam","Coolheaded"],"picked":"Ball Lightning","floor":1},{"not_picked":["Reinforced Body","Glacier"],"picked":"Fusion","floor":2},{"not_picked":["Sweeping Beam","Gash"],"picked":"Glacier","floor":7},{"not_picked":["Streamline","Steam"],"picked":"Machine Learning+1","floor":10},{"not_picked":["Ball Lightning","Glacier"],"picked":"Defragment+1","floor":11},{"not_picked":["Redo","Chill"],"picked":"Go for the Eyes","floor":14},{"not_picked":["Biased Cognition+1","Multi-Cast"],"picked":"Creative AI+1","floor":16},{"not_picked":["Rebound","FTL"],"picked":"Defragment+1","floor":18},{"not_picked":["FTL","Steam"],"picked":"Cold Snap+1","floor":20},{"not_picked":["White Noise","Barrage+1","Cold Snap"],"picked":"SKIP","floor":24},{"not_picked":["Hyperbeam","Undo+1"],"picked":"Cold Snap+1","floor":25},{"not_picked":["Redo","Barrage+1"],"picked":"Steam","floor":27},{"not_picked":["Sweeping Beam+1","Stack"],"picked":"Redo+1","floor":28},{"not_picked":["Sweeping Beam","Steam"],"picked":"Storm+1","floor":29},{"not_picked":["Reinforced Body","Rebound"],"picked":"Recycle+1","floor":31},{"not_picked":["All For One","Fission"],"picked":"Buffer+1","floor":33},{"not_picked":["Stack","Turbo"],"picked":"Coolheaded+1","floor":35},{"not_picked":["Ball Lightning","Chaos","Go for the Eyes+1"],"picked":"SKIP","floor":37},{"not_picked":["Forethought","PanicButton"],"picked":"Bandage Up","floor":38},{"not_picked":["Redo+1","Skim+1"],"picked":"Core Surge","floor":41},{"not_picked":["Redo","Conserve Battery+1","Cold Snap"],"picked":"SKIP","floor":44},{"not_picked":["Cold Snap+1","Darkness+1"],"picked":"Compile Driver+1","floor":46},{"not_picked":["Reinforced Body","Ball Lightning","Hologram"],"picked":"SKIP","floor":48},{"not_picked":["Sweeping Beam","Ball Lightning+1"],"picked":"Buffer+1","floor":54}],"player_experience":939059,"relics_obtained":[{"floor":7,"key":"Darkstone Periapt"},{"floor":9,"key":"Frozen Egg 2"},{"floor":11,"key":"Smiling Mask"},{"floor":14,"key":"Vajra"},{"floor":21,"key":"Ice Cream"},{"floor":21,"key":"Letter Opener"},{"floor":25,"key":"Pen Nib"},{"floor":28,"key":"Bag of Marbles"},{"floor":36,"key":"Meat on the Bone"},{"floor":41,"key":"Blue Candle"},{"floor":42,"key":"Bottled Flame"},{"floor":43,"key":"Strawberry"},{"floor":46,"key":"Prayer Wheel"},{"floor":48,"key":"Dream Catcher"},{"floor":54,"key":"Centennial Puzzle"}],"event_choices":[{"damage_healed":0,"gold_gain":0,"player_choice":"Success","damage_taken":12,"relics_obtained":["Lantern"],"max_hp_gain":0,"max_hp_loss":0,"event_name":"Scrap Ooze","floor":3,"gold_loss":0},{"cards_removed":["Strike_B"],"damage_healed":0,"gold_gain":0,"player_choice":"Card Removal","damage_taken":7,"max_hp_gain":0,"max_hp_loss":0,"event_name":"Golden Wing","floor":4,"gold_loss":0},{"damage_healed":18,"gold_gain":0,"player_choice":"Healed","damage_taken":0,"max_hp_gain":0,"max_hp_loss":0,"event_name":"The Cleric","floor":5,"gold_loss":35},{"damage_healed":0,"gold_gain":0,"player_choice":"Searched \u00271\u0027 times","damage_taken":0,"relics_obtained":["PreservedInsect"],"max_hp_gain":0,"max_hp_loss":0,"event_name":"Dead Adventurer","floor":12,"gold_loss":0},{"damage_healed":0,"gold_gain":0,"player_choice":"Simplicity","damage_taken":0,"max_hp_gain":0,"max_hp_loss":0,"event_name":"Back to Basics","floor":19,"gold_loss":0,"cards_upgraded":["Strike_B","Strike_B","Strike_B","Defend_B","Defend_B","Defend_B","Defend_B"]},{"damage_healed":0,"gold_gain":0,"player_choice":"Fight","damage_taken":0,"max_hp_gain":0,"max_hp_loss":0,"event_name":"Colosseum","floor":21,"gold_loss":0},{"damage_healed":0,"gold_gain":0,"player_choice":"Fought Nobs","damage_taken":0,"max_hp_gain":0,"max_hp_loss":0,"event_name":"Colosseum","floor":21,"gold_loss":0},{"damage_healed":0,"gold_gain":0,"player_choice":"Inject Mutagens","damage_taken":0,"relics_obtained":["MutagenicStrength"],"max_hp_gain":0,"max_hp_loss":0,"event_name":"Drug Dealer","floor":22,"gold_loss":0},{"damage_healed":0,"gold_gain":0,"player_choice":"Memory 1","damage_taken":0,"max_hp_gain":0,"max_hp_loss":0,"event_name":"SensoryStone","floor":38,"gold_loss":0},{"damage_healed":0,"gold_gain":0,"player_choice":"Fight","damage_taken":0,"max_hp_gain":0,"max_hp_loss":0,"event_name":"MindBloom","floor":46,"gold_loss":0}],"is_beta":false,"boss_relics":[{"not_picked":["Ectoplasm","Runic Dome"],"picked":"Sozu"},{"not_picked":["Fusion Hammer","Velvet Choker"],"picked":"Nuclear Battery"}],"items_purged_floors":[],"is_endless":false,"potions_floor_spawned":[1,7,10,11,14,21,21,27,28,29,33,35,41,44],"killed_by":"The Heart","ascension_level":7}