{"gold_per_floor":[112,27,27,44,63,63,37,63,63,85,115,127,139],"floor_reached":13,"playtime":603,"items_purged":[],"score":170,"play_id":"2d5bd104-4bd6-4953-a073-42aeeb09f7f7","local_time":"20190517180345","is_ascension_mode":true,"campfire_choices":[{"data":"Catalyst","floor":6.0,"key":"SMITH"},{"data":"Footwork","floor":12,"key":"SMITH"}],"neow_cost":"NONE","seed_source_timestamp":19024658168812,"circlet_count":0,"master_deck":["AscendersBane","Defend_G","Defend_G","Defend_G","Defend_G","Defend_G","Strike_G","Strike_G","Strike_G","Strike_G","Strike_G","Survivor","Neutralize","Poisoned Stab","Poisoned Stab","Footwork+1","Catalyst+1","Poisoned Stab","PiercingWail","Deflect"],"special_seed":0,"relics":["Ring of the Snake","Sundial","MawBank"],"potions_floor_usage":[13,13],"damage_taken":[{"damage":0.0,"enemies":"Cultist","floor":1.0,"turns":3.0},{"damage":0.0,"enemies":"Jaw Worm","floor":4.0,"turns":4.0},{"damage":7.0,"enemies":"2 Louse","floor":5.0,"turns":4.0},{"damage":31.0,"enemies":"Gremlin Nob","floor":8.0,"turns":5.0},{"damage":0.0,"enemies":"Blue Slaver","floor":10.0,"turns":5.0},{"damage":3,"enemies":"Looter","floor":11,"turns":3},{"damage":19,"enemies":"3 Sentries","floor":13,"turns":9}],"seed_played":"-7637958066867381204","potions_obtained":[{"floor":1.0,"key":"Weak Potion"},{"floor":3.0,"key":"EssenceOfSteel"},{"floor":8.0,"key":"GamblersBrew"},{"floor":10.0,"key":"Block Potion"}],"is_trial":false,"path_per_floor":["M","$","?","M","M","R","$","E","T","M","M","R","E"],"character_chosen":"THE_SILENT","items_purchased":["Footwork","PiercingWail"],"campfire_rested":0,"item_purchase_floors":[2,7],"current_hp_per_floor":[59,59,59,59,52,52,52,21,21,21,18,18,0],"gold":139,"neow_bonus":"THREE_CARDS","is_prod":false,"is_daily":false,"chose_seed":false,"campfire_upgraded":2,"win_rate":0,"timestamp":1558109025,"path_taken":["M","$","?","M","M","R","?","E","T","M","?","R","E"],"build_version":"2019-01-23","purchased_purges":0,"victory":false,"max_hp_per_floor":[66,66,66,66,66,66,66,66,66,66,66,66,66],"card_choices":[{"not_picked":["Dodge and Roll","Riddle With Holes"],"picked":"Poisoned Stab","floor":0.0},{"not_picked":["Blur","Bane"],"picked":"Poisoned Stab","floor":1.0},{"not_picked":["Dagger Throw","Underhanded Strike"],"picked":"Catalyst","floor":4.0},{"not_picked":["Dagger Throw","Dodge and Roll"],"picked":"Poisoned Stab","floor":5.0},{"not_picked":["Caltrops","Cloak And Dagger","Backstab"],"picked":"SKIP","floor":8.0},{"not_picked":["Dagger Spray","Tools of the Trade","Underhanded Strike"],"picked":"SKIP","floor":10.0},{"not_picked":["Tactician","Accuracy"],"picked":"Deflect","floor":11}],"player_experience":1214564,"relics_obtained":[{"floor":8.0,"key":"Sundial"},{"floor":9.0,"key":"MawBank"}],"event_choices":[{"damage_healed":0.0,"max_hp_gain":0.0,"max_hp_loss":0.0,"gold_gain":0.0,"event_name":"Lab","player_choice":"Got Potions","floor":3.0,"gold_loss":0.0,"damage_taken":0.0}],"is_beta":false,"boss_relics":[],"items_purged_floors":[],"is_endless":false,"potions_floor_spawned":[1,8,10],"killed_by":"3 Sentries","ascension_level":20}