{"gold_per_floor":[116,133,133,42,42,68,83,101,101,113,113,113,133,165,177,265,277,304,50,50,50,62,62,97,97,97,125,13,38,38,51,51,128,128,148,98,23,36,36,65,65,65,65,92,110,125,125,158,158,158,158,158,158,14,49,49],"floor_reached":57,"playtime":3648,"items_purged":["Strike_G+1"],"score":2972,"play_id":"18fd3f13-3d33-4cd6-bc80-df09e1857d01","local_time":"20181223191731","is_ascension_mode":true,"campfire_choices":[{"data":"Noxious Fumes","floor":12,"key":"SMITH"},{"data":"Dagger Spray","floor":15,"key":"SMITH"},{"floor":23,"key":"RECALL"},{"floor":25,"key":"REST"},{"floor":32,"key":"REST"},{"floor":41,"key":"REST"},{"floor":47,"key":"REST"},{"floor":49,"key":"REST"},{"floor":53,"key":"REST"}],"neow_cost":"NONE","seed_source_timestamp":22164857262105,"circlet_count":0,"master_deck":["AscendersBane","Defend_G+1","Defend_G+1","Defend_G+1","Defend_G+1","Defend_G+1","Strike_G+1","Strike_G+1","Strike_G+1","Survivor","Neutralize","Dagger Spray+1","Well Laid Plans","Bouncing Flask","Poisoned Stab","Noxious Fumes+1","Backflip","Leg Sweep","Leg Sweep","Catalyst+1","Leg Sweep+1","Backflip+1","Wraith Form v2+1","Backflip+1","Malaise+1","Backflip+1","Adrenaline+1","Catalyst+1","Leg Sweep+1","Deadly Poison+1","Dodge and Roll+1","Footwork","Deflect+1","PiercingWail+1"],"relics":["Ring of the Snake","NeowsBlessing","Mercury Hourglass","Pantograph","MawBank","Fusion Hammer","Toxic Egg 2","Ginger","Ornamental Fan","Meat on the Bone","Art of War","WristBlade","Unceasing Top","Pocketwatch","Dodecahedron","Ancient Tea Set","Mummified Hand"],"potions_floor_usage":[14,24,27,27,29,33,50,55,56],"damage_taken":[{"damage":0,"enemies":"Cultist","floor":1,"turns":1},{"damage":0,"enemies":"Small Slimes","floor":2,"turns":1},{"damage":0,"enemies":"Lagavulin","floor":6,"turns":1},{"damage":0,"enemies":"2 Louse","floor":7,"turns":2},{"damage":4,"enemies":"Blue Slaver","floor":8,"turns":3},{"damage":4,"enemies":"2 Fungi Beasts","floor":10,"turns":4},{"damage":0,"enemies":"Looter","floor":13,"turns":3},{"damage":6,"enemies":"Gremlin Nob","floor":14,"turns":3},{"damage":13,"enemies":"Hexaghost","floor":16,"turns":9},{"damage":2,"enemies":"Chosen","floor":18,"turns":4},{"damage":0,"enemies":"Spheric Guardian","floor":22,"turns":6},{"damage":34,"enemies":"Book of Stabbing","floor":24,"turns":6},{"damage":22,"enemies":"Slavers","floor":27,"turns":4},{"damage":9,"enemies":"Book of Stabbing","floor":29,"turns":5},{"damage":15,"enemies":"Shelled Parasite and Fungi","floor":31,"turns":7},{"damage":48,"enemies":"Collector","floor":33,"turns":12},{"damage":22,"enemies":"3 Darklings","floor":35,"turns":8},{"damage":0,"enemies":"Orb Walker","floor":38,"turns":4},{"damage":0,"enemies":"Reptomancer","floor":40,"turns":7},{"damage":9,"enemies":"Giant Head","floor":44,"turns":8},{"damage":0,"enemies":"Transient","floor":45,"turns":6},{"damage":0,"enemies":"Maw","floor":46,"turns":5},{"damage":9,"enemies":"Nemesis","floor":48,"turns":7},{"damage":14,"enemies":"Awakened One","floor":50,"turns":15},{"damage":11,"enemies":"Donu and Deca","floor":51,"turns":11},{"damage":47,"enemies":"Shield and Spear","floor":55,"turns":9},{"damage":49,"enemies":"The Heart","floor":56,"turns":11}],"seed_played":"3269452422064202806","potions_obtained":[{"floor":1,"key":"Dexterity Potion"},{"floor":6,"key":"AttackPotion"},{"floor":10,"key":"Energy Potion"},{"floor":14,"key":"GamblersBrew"},{"floor":22,"key":"Explosive Potion"},{"floor":24,"key":"PowerPotion"},{"floor":31,"key":"EssenceOfSteel"},{"floor":44,"key":"Strength Potion"},{"floor":46,"key":"EssenceOfSteel"},{"floor":48,"key":"PowerPotion"}],"is_trial":false,"path_per_floor":["M","M","?","$","$","E","M","M","T","M","?","R","M","E","R","B",null,"M","$","?","?","M","R","E","R","T","E","$","E","?","M","R","B",null,"M","?","$","M","?","E","R","?","T","E","M","M","R","E","R","B","B",null,"R","$","E","B",null],"character_chosen":"THE_SILENT","items_purchased":["Dagger Spray","Well Laid Plans","Toxic Egg 2","Backflip+1","Block Potion","Footwork","PowerPotion","Deflect+1"],"campfire_rested":6,"item_purchase_floors":[4,4,19,28,28,54,54,54],"current_hp_per_floor":[59,59,59,59,59,59,59,55,55,51,44,44,44,38,38,50,62,60,60,60,60,60,60,26,45,45,23,23,26,26,23,42,30,57,35,35,35,35,35,35,53,53,53,44,44,44,62,53,63,49,52,60,63,63,28,16],"gold":49,"neow_bonus":"THREE_ENEMY_KILL","is_prod":false,"is_daily":false,"chose_seed":false,"campfire_upgraded":2,"win_rate":0,"timestamp":1545589051,"path_taken":["M","?","?","?","$","E","M","M","T","M","?","R","M","E","R","BOSS","M","$","?","?","M","R","E","R","T","E","$","E","?","M","R","BOSS","M","?","$","?","?","E","R","?","T","E","?","M","R","E","R","BOSS","BOSS","R","$","E","BOSS"],"build_version":"2018-12-20","purchased_purges":1,"victory":true,"max_hp_per_floor":[66,66,66,66,66,66,66,66,66,66,66,66,66,66,66,66,66,66,66,66,66,66,66,66,66,66,66,66,66,66,66,66,66,66,66,66,66,66,63,63,63,63,63,63,63,63,63,63,63,63,63,63,63,63,63,63],"card_choices":[{"not_picked":["Outmaneuver","Slice","Sucker Punch"],"picked":"SKIP","floor":1},{"not_picked":["Catalyst","Outmaneuver","Underhanded Strike"],"picked":"SKIP","floor":2},{"not_picked":["Underhanded Strike","Slice"],"picked":"Bouncing Flask","floor":6},{"not_picked":["Flying Knee","Quick Slash"],"picked":"Poisoned Stab","floor":7},{"not_picked":["Flechettes","Tools of the Trade"],"picked":"Noxious Fumes","floor":8},{"not_picked":["Sucker Punch","Outmaneuver","Poisoned Stab"],"picked":"SKIP","floor":10},{"not_picked":["Outmaneuver","Skewer"],"picked":"Backflip","floor":13},{"not_picked":["Outmaneuver","Deadly Poison"],"picked":"Leg Sweep","floor":14},{"not_picked":["Flying Knee","Reflex"],"picked":"Leg Sweep","floor":18},{"not_picked":["Blade Dance+1","Dagger Spray","Terror+1"],"picked":"SKIP","floor":22},{"not_picked":["Eviscerate","Bane","Well Laid Plans"],"picked":"SKIP","floor":24},{"not_picked":["Flechettes","Poisoned Stab"],"picked":"Leg Sweep+1","floor":27},{"not_picked":["Flying Knee","Setup+1"],"picked":"Wraith Form v2","floor":29},{"not_picked":["Caltrops","Infinite Blades"],"picked":"Backflip+1","floor":31},{"not_picked":["Adrenaline+1","Wraith Form v2"],"picked":"Malaise+1","floor":33},{"not_picked":["Bane","Deadly Poison+1"],"picked":"Backflip+1","floor":35},{"not_picked":["Cloak And Dagger+1","Sucker Punch","Infinite Blades"],"picked":"SKIP","floor":38},{"not_picked":["Backflip+1","Acrobatics+1"],"picked":"Adrenaline+1","floor":40},{"not_picked":["Reflex+1","Acrobatics+1","Bane"],"picked":"SKIP","floor":44},{"not_picked":["Cloak And Dagger+1","Accuracy"],"picked":"Leg Sweep+1","floor":45},{"not_picked":["Underhanded Strike+1","Sucker Punch"],"picked":"Deadly Poison+1","floor":46},{"not_picked":["A Thousand Cuts","Quick Slash"],"picked":"Dodge and Roll+1","floor":48},{"not_picked":["Riddle With Holes","Prepared+1"],"picked":"PiercingWail+1","floor":55}],"player_experience":692824,"relics_obtained":[{"floor":6,"key":"Pantograph"},{"floor":14,"key":"MawBank"},{"floor":24,"key":"Ginger"},{"floor":26,"key":"Ornamental Fan"},{"floor":27,"key":"Meat on the Bone"},{"floor":29,"key":"Art of War"},{"floor":40,"key":"Unceasing Top"},{"floor":43,"key":"Pocketwatch"},{"floor":44,"key":"Dodecahedron"},{"floor":48,"key":"Ancient Tea Set"},{"floor":55,"key":"Mummified Hand"}],"event_choices":[{"damage_healed":0,"gold_gain":0,"player_choice":"Gave Potion","damage_taken":0,"relics_obtained":["Mercury Hourglass"],"max_hp_gain":0,"max_hp_loss":0,"event_name":"WeMeetAgain","floor":3,"gold_loss":0},{"cards_removed":["Strike_G"],"damage_healed":0,"gold_gain":0,"player_choice":"Card Removal","damage_taken":7,"max_hp_gain":0,"max_hp_loss":0,"event_name":"Golden Wing","floor":11,"gold_loss":0},{"damage_healed":0,"gold_gain":0,"player_choice":"Simplicity","damage_taken":0,"max_hp_gain":0,"max_hp_loss":0,"event_name":"Back to Basics","floor":20,"gold_loss":0,"cards_upgraded":["Defend_G","Defend_G","Defend_G","Defend_G","Defend_G","Strike_G","Strike_G","Strike_G","Strike_G"]},{"damage_healed":0,"gold_gain":0,"player_choice":"Read","damage_taken":0,"max_hp_gain":0,"max_hp_loss":0,"event_name":"The Library","floor":21,"gold_loss":0,"cards_obtained":["Catalyst"]},{"damage_healed":0,"gold_gain":0,"player_choice":"Ignored","damage_taken":0,"max_hp_gain":0,"max_hp_loss":0,"event_name":"Vampires","floor":30,"gold_loss":0},{"damage_healed":0,"gold_gain":0,"player_choice":"Upgrade","damage_taken":0,"max_hp_gain":0,"max_hp_loss":0,"event_name":"Designer","floor":36,"gold_loss":50,"cards_upgraded":["Wraith Form v2"]},{"damage_healed":0,"gold_gain":0,"player_choice":"Max HP","damage_taken":0,"max_hp_gain":0,"max_hp_loss":3,"event_name":"Winding Halls","floor":39,"gold_loss":0},{"damage_healed":0,"gold_gain":0,"player_choice":"Copied","damage_taken":0,"max_hp_gain":0,"max_hp_loss":0,"event_name":"Duplicator","floor":42,"gold_loss":0,"cards_obtained":["Catalyst"]}],"is_beta":false,"boss_relics":[{"not_picked":["Busted Crown","Cursed Key"],"picked":"Fusion Hammer"},{"not_picked":["Calling Bell","Runic Dome"],"picked":"WristBlade"}],"items_purged_floors":[37],"is_endless":false,"potions_floor_spawned":[1,6,10,14,22,24,31,44,46,48],"ascension_level":20}