{"gold_per_floor":[109,109,9,9,20,20,49,49,74,85,85,142,156,185,185,256,256,266,316,333,363,378,378,378,378],"floor_reached":25,"playtime":1503,"items_purged":["Strike_R"],"score":418,"play_id":"657c9e43-8791-412b-b700-3d176615db8d","local_time":"20181222133033","is_ascension_mode":true,"campfire_choices":[{"data":"Bash","floor":6.0,"key":"SMITH"},{"data":"Clothesline","floor":8.0,"key":"SMITH"},{"floor":11.0,"key":"REST"},{"data":"Disarm","floor":15.0,"key":"SMITH"},{"data":"Writhe","floor":23,"key":"PURGE"}],"neow_cost":"NONE","seed_source_timestamp":5106138575610,"circlet_count":0,"master_deck":["AscendersBane","Strike_R","Strike_R","Strike_R+1","Strike_R+1","Defend_R+1","Defend_R","Defend_R+1","Defend_R","Bash+1","Dark Embrace","Rampage","Shrug It Off","Clothesline+1","Havoc","Disarm+1","Thunderclap","Fiend Fire","True Grit","Immolate"],"special_seed":0,"relics":["Burning Blood","Pen Nib","War Paint","Mango","Peace Pipe","Cursed Key","Tiny Chest","Nilry\u0027s Codex"],"potions_floor_usage":[22],"damage_taken":[{"damage":4.0,"enemies":"2 Louse","floor":1.0,"turns":4.0},{"damage":7.0,"enemies":"Jaw Worm","floor":5.0,"turns":4.0},{"damage":22.0,"enemies":"3 Sentries","floor":7.0,"turns":11.0},{"damage":0.0,"enemies":"Cultist","floor":10.0,"turns":2.0},{"damage":31.0,"enemies":"3 Sentries","floor":12.0,"turns":9.0},{"damage":9.0,"enemies":"Blue Slaver","floor":13.0,"turns":4.0},{"damage":15.0,"enemies":"Lagavulin","floor":14.0,"turns":5.0},{"damage":19.0,"enemies":"The Guardian","floor":16.0,"turns":13.0},{"damage":20,"enemies":"2 Thieves","floor":18,"turns":5},{"damage":0,"enemies":"Chosen","floor":20,"turns":4},{"damage":41,"enemies":"Sentry and Sphere","floor":22,"turns":7},{"damage":40,"enemies":"Gremlin Leader","floor":25,"turns":6}],"seed_played":"-2435092402086324739","potions_obtained":[{"floor":1.0,"key":"BloodPotion"},{"floor":7.0,"key":"SkillPotion"},{"floor":10.0,"key":"Poison Potion"},{"floor":13.0,"key":"EssenceOfSteel"},{"floor":14.0,"key":"Regen Potion"}],"is_trial":false,"path_per_floor":["M","?","$","?","M","R","E","R","T","M","R","?","M","E","R","B",null,"M","?","M","?","M","R","?","E"],"character_chosen":"IRONCLAD","items_purchased":["Shrug It Off"],"campfire_rested":1,"item_purchase_floors":[3],"current_hp_per_floor":[70,47,47,47,46,46,30,30,30,36,58,54,51,42,42,29,74,60,60,66,66,45,45,24,0],"gold":378,"neow_bonus":"ONE_RANDOM_RARE_CARD","is_prod":false,"is_daily":false,"chose_seed":false,"campfire_upgraded":3,"win_rate":0,"timestamp":1545481833,"path_taken":["M","?","$","?","M","R","E","R","T","M","R","?","?","E","R","BOSS","M","?","M","?","M","R","?","E"],"build_version":"2018-12-20","purchased_purges":1,"victory":false,"max_hp_per_floor":[75,75,75,75,75,75,75,75,75,75,75,89,89,89,89,89,89,89,89,89,89,89,89,89,89],"card_choices":[{"not_picked":["Reckless Charge","Spot Weakness"],"picked":"Rampage","floor":1.0},{"not_picked":["Sentinel","Fire Breathing","Hemokinesis"],"picked":"SKIP","floor":5.0},{"not_picked":["Pummel","Flex"],"picked":"Clothesline","floor":7.0},{"not_picked":["Sword Boomerang","Second Wind"],"picked":"Havoc","floor":10.0},{"not_picked":["Wild Strike","Ghostly Armor"],"picked":"Disarm","floor":12.0},{"not_picked":["Twin Strike","Perfected Strike"],"picked":"Thunderclap","floor":13.0},{"not_picked":["Power Through","Twin Strike","Cleave"],"picked":"SKIP","floor":14.0},{"not_picked":["Limit Break","Brutality"],"picked":"Fiend Fire","floor":16.0},{"not_picked":["Cleave","Thunderclap"],"picked":"True Grit","floor":18},{"not_picked":["Thunderclap","Anger+1"],"picked":"Immolate","floor":20},{"not_picked":["Dropkick","Warcry+1","Thunderclap"],"picked":"SKIP","floor":22}],"player_experience":672588,"relics_obtained":[{"floor":7.0,"key":"Pen Nib"},{"floor":9.0,"key":"War Paint"},{"floor":12.0,"key":"Mango"},{"floor":14.0,"key":"Peace Pipe"},{"floor":24,"key":"Nilry\u0027s Codex"}],"event_choices":[{"damage_healed":0.0,"max_hp_gain":0.0,"max_hp_loss":0.0,"gold_gain":0.0,"event_name":"Shining Light","player_choice":"Entered Light","floor":2.0,"gold_loss":0.0,"damage_taken":23.0,"cards_upgraded":["Strike_R","Strike_R"]},{"damage_healed":0.0,"max_hp_gain":0.0,"max_hp_loss":0.0,"gold_gain":0.0,"event_name":"The Cleric","player_choice":"Leave","floor":4.0,"gold_loss":0.0,"damage_taken":0.0},{"damage_healed":0.0,"max_hp_gain":0.0,"max_hp_loss":0.0,"gold_gain":30.0,"event_name":"Dead Adventurer","player_choice":"Searched \u00273\u0027 times","floor":12.0,"gold_loss":0.0,"damage_taken":0.0},{"damage_healed":0,"gold_gain":50,"player_choice":"Stole From Cult","damage_taken":0,"max_hp_gain":0,"max_hp_loss":0,"event_name":"Nest","floor":19,"gold_loss":0},{"damage_healed":0,"gold_gain":0,"player_choice":"Opened","damage_taken":0,"relics_obtained":["Tiny Chest"],"max_hp_gain":0,"max_hp_loss":0,"event_name":"The Mausoleum","floor":21,"gold_loss":0,"cards_obtained":["Writhe"]},{"damage_healed":0,"gold_gain":0,"player_choice":"Obtained Book","damage_taken":21,"max_hp_gain":0,"max_hp_loss":0,"event_name":"Cursed Tome","floor":24,"gold_loss":0}],"is_beta":false,"boss_relics":[{"not_picked":["Philosopher\u0027s Stone","Empty Cage"],"picked":"Cursed Key"}],"items_purged_floors":[3],"is_endless":false,"potions_floor_spawned":[1,7,10,13,14],"killed_by":"Gremlin Leader","ascension_level":20}