{"gold_per_floor":[111,111,186,202,44,44,76,76,76,103,114,31,31,31,31,108,108,126,126,145,159,31,31,63,74,74,124,141,141],"floor_reached":29,"playtime":1164,"items_purged":["Strike_B"],"score":502,"play_id":"a8ead5c4-e904-4947-8667-b817ce10d28e","local_time":"20190417155331","is_ascension_mode":true,"campfire_choices":[{"data":"Zap","floor":6,"key":"SMITH"},{"floor":8,"key":"REST"},{"data":"Consume","floor":13,"key":"SMITH"},{"data":"Lockon","floor":15,"key":"SMITH"},{"data":"Electrodynamics","floor":23,"key":"SMITH"}],"neow_cost":"NONE","seed_source_timestamp":15280121309390,"circlet_count":0,"master_deck":["AscendersBane","Strike_B","Strike_B+1","Strike_B+1","Defend_B","Defend_B","Defend_B+1","Defend_B","Zap+1","Dualcast","FTL+1","Lockon+1","Hologram","Leap","Consume+1","Electrodynamics+1","Skim","Leap"],"relics":["Cracked Core","Whetstone","Bottled Flame","Kunai","Art of War","Calipers","Busted Crown","The Courier","Bronze Scales"],"potions_floor_usage":[10,20,24,28,29],"damage_taken":[{"damage":0,"enemies":"Small Slimes","floor":1,"turns":3},{"damage":3,"enemies":"2 Louse","floor":4,"turns":2},{"damage":22,"enemies":"Lagavulin","floor":7,"turns":6},{"damage":7,"enemies":"3 Sentries","floor":10,"turns":7},{"damage":3,"enemies":"Jaw Worm","floor":11,"turns":3},{"damage":17,"enemies":"The Guardian","floor":16,"turns":10},{"damage":6,"enemies":"2 Thieves","floor":18,"turns":3},{"damage":0,"enemies":"3 Byrds","floor":20,"turns":2},{"damage":8,"enemies":"Centurion and Healer","floor":21,"turns":5},{"damage":39,"enemies":"Gremlin Leader","floor":24,"turns":5},{"damage":9,"enemies":"Snake Plant","floor":25,"turns":4},{"damage":2,"enemies":"Chosen and Byrds","floor":28,"turns":4},{"damage":23,"enemies":"Slavers","floor":29,"turns":2}],"seed_played":"2186094878329377928","potions_obtained":[{"floor":1,"key":"Swift Potion"},{"floor":10,"key":"SpeedPotion"},{"floor":18,"key":"Explosive Potion"},{"floor":21,"key":"Strength Potion"},{"floor":25,"key":"Poison Potion"}],"is_trial":false,"path_per_floor":["M","?","?","M","$","R","E","R","T","E","M","$","R","?","R","B",null,"M","?","M","M","$","R","E","M","T","?","M","E"],"character_chosen":"DEFECT","items_purchased":["Whetstone","Consume","PowerPotion"],"campfire_rested":1,"item_purchase_floors":[5,12,22],"current_hp_per_floor":[71,48,37,34,34,34,12,35,35,28,25,25,25,25,25,8,61,55,78,78,70,70,70,31,22,22,22,20,0],"gold":141,"neow_bonus":"TEN_PERCENT_HP_BONUS","is_prod":false,"is_daily":false,"chose_seed":false,"campfire_upgraded":4,"win_rate":0,"timestamp":1555509211,"path_taken":["M","?","?","M","$","R","E","R","T","E","M","$","R","?","R","BOSS","M","?","M","M","$","R","E","?","T","?","M","E"],"build_version":"2019-01-23","purchased_purges":1,"victory":false,"max_hp_per_floor":[78,78,78,78,78,78,78,78,78,78,78,78,78,78,78,78,78,78,78,78,78,78,78,78,78,78,78,78,78],"card_choices":[{"not_picked":["Compile Driver","Gash"],"picked":"FTL","floor":1},{"not_picked":["Redo","Streamline"],"picked":"Lockon","floor":4},{"not_picked":["Streamline","Stack"],"picked":"Auto Shields","floor":7},{"not_picked":["BootSequence","Beam Cell"],"picked":"Hologram","floor":10},{"not_picked":["Steam Power","Sunder"],"picked":"Leap","floor":11},{"not_picked":["Seek","Thunder Strike"],"picked":"Electrodynamics","floor":16},{"not_picked":["Steam Power"],"picked":"SKIP","floor":18},{"not_picked":["Barrage"],"picked":"SKIP","floor":20},{"not_picked":[],"picked":"Skim","floor":21},{"not_picked":[],"picked":"Leap","floor":24},{"not_picked":["Static Discharge"],"picked":"SKIP","floor":25},{"not_picked":["Beam Cell"],"picked":"SKIP","floor":28}],"player_experience":1149220,"relics_obtained":[{"floor":7,"key":"Bottled Flame"},{"floor":9,"key":"Kunai"},{"floor":10,"key":"Art of War"},{"floor":24,"key":"The Courier"},{"floor":26,"key":"Bronze Scales"}],"event_choices":[{"damage_healed":0,"gold_gain":0,"player_choice":"Entered Light","damage_taken":23,"max_hp_gain":0,"max_hp_loss":0,"event_name":"Shining Light","floor":2,"gold_loss":0,"cards_upgraded":["Defend_B","Strike_B"]},{"damage_healed":0,"gold_gain":75,"player_choice":"Gather Gold","damage_taken":11,"max_hp_gain":0,"max_hp_loss":0,"event_name":"World of Goop","floor":3,"gold_loss":0},{"damage_healed":0,"gold_gain":0,"player_choice":"Searched \u00271\u0027 times","damage_taken":0,"relics_obtained":["Calipers"],"max_hp_gain":0,"max_hp_loss":0,"event_name":"Dead Adventurer","floor":14,"gold_loss":0},{"cards_removed":["Auto Shields"],"damage_healed":23,"gold_gain":0,"player_choice":"Offered Uncommon","damage_taken":0,"max_hp_gain":0,"max_hp_loss":0,"event_name":"Bonfire Elementals","floor":19,"gold_loss":0},{"damage_healed":0,"gold_gain":50,"player_choice":"Stole From Cult","damage_taken":0,"max_hp_gain":0,"max_hp_loss":0,"event_name":"Nest","floor":27,"gold_loss":0}],"is_beta":false,"boss_relics":[{"not_picked":["FrozenCore","Calling Bell"],"picked":"Busted Crown"}],"items_purged_floors":[22],"is_endless":false,"potions_floor_spawned":[1,10,18,21,25],"killed_by":"Slavers","ascension_level":20}