{"gold_per_floor":[210,227,246,264,44,44,69,69,69,69,69,83,94,123,123,197,197,210,56,73,73,86,121,121,149,149,175,175,195,208,21,21,96,96,108,128,128,3,18,45,45,68,137,168,178,213,226,240,240,240,240,240,240,24,24],"floor_reached":55,"playtime":3581,"items_purged":["Strike_B","Strike_B","Dualcast"],"score":2258,"play_id":"fdd81f01-2d60-4cec-b62b-31e4a93717e7","local_time":"20190610152903","is_ascension_mode":true,"campfire_choices":[{"data":"Apotheosis","floor":6.0,"key":"SMITH"},{"data":"Coolheaded","floor":8.0,"key":"SMITH"},{"floor":10.0,"key":"REST"},{"data":"Skim","floor":15.0,"key":"SMITH"},{"floor":24.0,"key":"REST"},{"floor":28.0,"key":"REST"},{"floor":32.0,"key":"RECALL"},{"data":"1","floor":41,"key":"LIFT"},{"data":"2","floor":49,"key":"LIFT"},{"data":"3","floor":53,"key":"LIFT"}],"neow_cost":"NONE","seed_source_timestamp":7454477760465,"circlet_count":0,"master_deck":["AscendersBane","Defend_B","Defend_B","Defend_B","Defend_B","Auto Shields","Compile Driver","Sweeping Beam","Coolheaded+1","Apotheosis+1","Sweeping Beam","Ball Lightning","Skim+1","Biased Cognition","Capacitor","Self Repair","Barrage+1","Glacier","Go for the Eyes","Recycle","Static Discharge","Echo Form","Seek","Lockon+1","Rainbow+1","Double Energy+1","Glacier","Force Field+1","Heatsinks","Defragment"],"special_seed":0,"relics":["Cracked Core","Mercury Hourglass","Cables","DataDisk","Fusion Hammer","Meat on the Bone","Bag of Marbles","Letter Opener","Orichalcum","Astrolabe","Girya","Mummified Hand","Pantograph","Centennial Puzzle"],"potions_floor_usage":[44,55],"damage_taken":[{"damage":0.0,"enemies":"2 Louse","floor":1.0,"turns":2.0},{"damage":0.0,"enemies":"Cultist","floor":2.0,"turns":3.0},{"damage":1.0,"enemies":"Jaw Worm","floor":3.0,"turns":4.0},{"damage":22.0,"enemies":"Exordium Wildlife","floor":4.0,"turns":6.0},{"damage":0.0,"enemies":"Lagavulin","floor":7.0,"turns":7.0},{"damage":1.0,"enemies":"Exordium Thugs","floor":12.0,"turns":4.0},{"damage":2.0,"enemies":"Red Slaver","floor":13.0,"turns":3.0},{"damage":10.0,"enemies":"3 Sentries","floor":14.0,"turns":4.0},{"damage":0.0,"enemies":"Slime Boss","floor":16.0,"turns":6.0},{"damage":0.0,"enemies":"Spheric Guardian","floor":18.0,"turns":3.0},{"damage":8.0,"enemies":"3 Byrds","floor":20.0,"turns":4.0},{"damage":15.0,"enemies":"Snake Plant","floor":22.0,"turns":4.0},{"damage":53.0,"enemies":"Book of Stabbing","floor":23.0,"turns":5.0},{"damage":11.0,"enemies":"Gremlin Leader","floor":25.0,"turns":7.0},{"damage":34.0,"enemies":"Slavers","floor":27.0,"turns":4.0},{"damage":0.0,"enemies":"Snecko","floor":29.0,"turns":3.0},{"damage":3.0,"enemies":"Cultist and Chosen","floor":30.0,"turns":4.0},{"damage":8.0,"enemies":"Champ","floor":33.0,"turns":10.0},{"damage":0,"enemies":"Orb Walker","floor":35,"turns":3},{"damage":2,"enemies":"3 Shapes","floor":36,"turns":6},{"damage":16,"enemies":"Maw","floor":39,"turns":6},{"damage":12,"enemies":"Nemesis","floor":40,"turns":12},{"damage":0,"enemies":"Reptomancer","floor":44,"turns":7},{"damage":0,"enemies":"Sphere and 2 Shapes","floor":45,"turns":3},{"damage":0,"enemies":"Giant Head","floor":46,"turns":10},{"damage":17,"enemies":"4 Shapes","floor":47,"turns":4},{"damage":0,"enemies":"3 Darklings","floor":48,"turns":2},{"damage":55,"enemies":"Time Eater","floor":50,"turns":7},{"damage":27,"enemies":"Donu and Deca","floor":51,"turns":10},{"damage":72,"enemies":"Shield and Spear","floor":55,"turns":5}],"seed_played":"6163549571440577369","potions_obtained":[{"floor":1.0,"key":"Poison Potion"},{"floor":2.0,"key":"Poison Potion"},{"floor":12.0,"key":"Regen Potion"},{"floor":16.0,"key":"Dexterity Potion"},{"floor":27.0,"key":"EntropicBrew"},{"floor":29.0,"key":"EssenceOfSteel"},{"floor":30.0,"key":"Fruit Juice"},{"floor":35,"key":"LiquidBronze"},{"floor":40,"key":"GamblersBrew"},{"floor":44,"key":"Dexterity Potion"}],"is_trial":false,"path_per_floor":["M","M","M","M","$","R","E","R","T","R","$","M","M","E","R","B",null,"M","$","M","?","M","E","R","E","T","E","R","M","M","$","R","B",null,"M","M","?","$","M","E","R","T","T","E","M","E","M","M","R","B","B",null,"R","$","E"],"character_chosen":"DEFECT","items_purchased":["Apotheosis","Sweeping Beam","Self Repair","Echo Form","Defragment","Centennial Puzzle"],"campfire_rested":3,"item_purchase_floors":[5,5,19,31,54,54],"current_hp_per_floor":[64,64,63,41,41,41,41,41,41,62,62,61,59,49,49,49,66,66,66,65,65,50,21,42,53,53,31,52,52,59,59,59,66,74,76,76,72,72,72,67,67,67,67,67,72,72,65,65,65,49,55,68,68,68,0],"gold":24,"neow_bonus":"HUNDRED_GOLD","is_prod":false,"is_daily":false,"chose_seed":false,"campfire_upgraded":3,"win_rate":0,"timestamp":1560173343,"path_taken":["M","M","M","M","$","R","E","R","T","R","$","M","M","E","R","BOSS","M","$","M","?","M","E","R","E","T","E","R","?","M","$","R","BOSS","M","M","?","$","M","E","R","?","T","E","M","E","?","M","R","BOSS","BOSS","R","$","E"],"build_version":"2019-01-23","purchased_purges":3,"victory":false,"max_hp_per_floor":[71,71,71,71,71,71,71,71,71,71,71,71,71,71,71,71,71,71,71,71,71,71,71,71,71,71,71,71,71,71,71,71,76,76,76,76,72,72,72,72,72,72,72,72,72,72,72,72,72,72,72,72,72,72,72],"card_choices":[{"not_picked":["Steam Power","Chaos"],"picked":"Auto Shields","floor":1.0},{"not_picked":["Streamline","Auto Shields"],"picked":"Compile Driver","floor":2.0},{"not_picked":["Redo","Skim"],"picked":"Sweeping Beam","floor":3.0},{"not_picked":["Redo","Blizzard"],"picked":"Coolheaded","floor":4.0},{"not_picked":["Hello World","Double Energy"],"picked":"Ball Lightning","floor":7.0},{"not_picked":["Sweeping Beam","Compile Driver","Beam Cell"],"picked":"SKIP","floor":12.0},{"not_picked":["Thunder Strike","Barrage","Scrape"],"picked":"SKIP","floor":13.0},{"not_picked":["Turbo","Doom and Gloom"],"picked":"Skim","floor":14.0},{"not_picked":["Seek","Core Surge"],"picked":"Biased Cognition","floor":16.0},{"not_picked":["Beam Cell","Self Repair"],"picked":"Capacitor","floor":18.0},{"not_picked":["Skim","Redo"],"picked":"Barrage+1","floor":20.0},{"not_picked":["Gash","Steam","Auto Shields"],"picked":"SKIP","floor":22.0},{"not_picked":["Leap","All For One"],"picked":"Go for the Eyes","floor":23.0},{"not_picked":["Conserve Battery+1","Force Field","Rebound"],"picked":"SKIP","floor":25.0},{"not_picked":["Lockon","Ball Lightning"],"picked":"Recycle","floor":27.0},{"not_picked":["Beam Cell","Rip and Tear","Lockon+1"],"picked":"SKIP","floor":29.0},{"not_picked":["Hologram","Heatsinks"],"picked":"Static Discharge","floor":30.0},{"not_picked":["Electrodynamics","Multi-Cast"],"picked":"Seek","floor":33.0},{"not_picked":["Rip and Tear","Stack"],"picked":"Glacier","floor":35},{"not_picked":["Barrage+1","Stack+1","Cold Snap+1"],"picked":"SKIP","floor":36},{"not_picked":["Doom and Gloom","Leap"],"picked":"Force Field+1","floor":39},{"not_picked":["BootSequence+1","Stack","Compile Driver"],"picked":"SKIP","floor":40},{"not_picked":["Redo","Steam","Aggregate"],"picked":"SKIP","floor":44},{"not_picked":["Hologram","Melter","Self Repair"],"picked":"SKIP","floor":45},{"not_picked":["Steam Power","Chill","Steam"],"picked":"SKIP","floor":46},{"not_picked":["Barrage","Lockon"],"picked":"Heatsinks","floor":47},{"not_picked":["Ball Lightning","Streamline","Steam"],"picked":"SKIP","floor":48}],"player_experience":1336587,"relics_obtained":[{"floor":7.0,"key":"Mercury Hourglass"},{"floor":9.0,"key":"Cables"},{"floor":14.0,"key":"DataDisk"},{"floor":23.0,"key":"Meat on the Bone"},{"floor":25.0,"key":"Bag of Marbles"},{"floor":26.0,"key":"Letter Opener"},{"floor":27.0,"key":"Orichalcum"},{"floor":40,"key":"Girya"},{"floor":43,"key":"Mummified Hand"},{"floor":44,"key":"Pantograph"}],"event_choices":[{"damage_healed":0.0,"max_hp_gain":0.0,"max_hp_loss":0.0,"gold_gain":0.0,"event_name":"Match and Keep!","player_choice":"1 cards matched","floor":21.0,"gold_loss":0.0,"damage_taken":0.0,"cards_obtained":["Glacier"]},{"damage_healed":0,"gold_gain":0,"player_choice":"Max HP","damage_taken":0,"max_hp_gain":0,"max_hp_loss":4,"event_name":"Winding Halls","floor":37,"gold_loss":0}],"is_beta":false,"boss_relics":[{"not_picked":["Coffee Dripper","Tiny House"],"picked":"Fusion Hammer"},{"not_picked":["Pandora\u0027s Box","Cursed Key"],"picked":"Astrolabe"}],"items_purged_floors":[19,31,38],"is_endless":false,"potions_floor_spawned":[1,2,3,12,16,22,27,29,30,35,40,44,48],"killed_by":"Shield and Spear","ascension_level":20}