{"gold_per_floor":[114,124,136,136,153,153,178,193,193,223,237,237,237,253,253,355,355,367,384,384],"floor_reached":20,"playtime":1074,"items_purged":[],"score":188,"play_id":"8c12840a-c9d7-41cc-a98b-0fb8d3100044","local_time":"20190129211130","is_ascension_mode":false,"campfire_choices":[{"floor":6.0,"key":"RECALL"},{"data":"Demon Form","floor":15,"key":"SMITH"}],"neow_cost":"NONE","seed_source_timestamp":180046204438200,"circlet_count":0,"master_deck":["Strike_R","Strike_R","Strike_R","Strike_R","Strike_R","Defend_R","Defend_R","Defend_R","Defend_R","Bash","Armaments+1","Perfected Strike","Rampage","Rampage","Demon Form+1","Inflame","Feed","Spot Weakness+1","Headbutt"],"special_seed":0,"relics":["Burning Blood","Bronze Scales","Red Skull","Paper Frog","Dodecahedron","Lizard Tail"],"potions_floor_usage":[7,13,20],"damage_taken":[{"damage":6.0,"enemies":"Cultist","floor":1.0,"turns":3.0},{"damage":1.0,"enemies":"2 Louse","floor":2.0,"turns":2.0},{"damage":8.0,"enemies":"Jaw Worm","floor":3.0,"turns":4.0},{"damage":5.0,"enemies":"Looter","floor":5.0,"turns":3.0},{"damage":25,"enemies":"3 Sentries","floor":7,"turns":9},{"damage":0,"enemies":"3 Louse","floor":8,"turns":3},{"damage":18,"enemies":"Lagavulin","floor":10,"turns":5},{"damage":13,"enemies":"Red Slaver","floor":11,"turns":3},{"damage":10,"enemies":"Looter","floor":14,"turns":3},{"damage":9,"enemies":"Slime Boss","floor":16,"turns":7},{"damage":17,"enemies":"Spheric Guardian","floor":18,"turns":4},{"damage":44,"enemies":"Shell Parasite","floor":19,"turns":5},{"damage":34,"enemies":"Snake Plant","floor":20,"turns":4}],"seed_played":"-3966066993386294579","potions_obtained":[{"floor":2.0,"key":"Block Potion"},{"floor":5.0,"key":"Swift Potion"},{"floor":8,"key":"SpeedPotion"},{"floor":13,"key":"Fruit Juice"},{"floor":13,"key":"SkillPotion"},{"floor":14,"key":"EssenceOfSteel"},{"floor":16,"key":"LiquidBronze"}],"is_trial":false,"path_per_floor":["M","M","M","$","M","R","E","M","T","E","M","?","?","M","R","B",null,"M","M","M"],"character_chosen":"IRONCLAD","items_purchased":[],"campfire_rested":0,"item_purchase_floors":[],"current_hp_per_floor":[80,80,78,78,79,79,60,66,66,54,47,47,52,48,48,45,85,74,36,8],"gold":384,"neow_bonus":"RANDOM_COMMON_RELIC","is_prod":false,"is_daily":false,"chose_seed":false,"campfire_upgraded":1,"win_rate":0,"timestamp":1548814290,"path_taken":["M","M","M","$","?","R","E","M","T","E","M","?","?","M","R","BOSS","M","?","M"],"build_version":"2019-01-23","purchased_purges":0,"victory":false,"max_hp_per_floor":[80,80,80,80,80,80,80,80,80,80,80,80,85,85,85,85,85,85,85,85],"card_choices":[{"not_picked":["Cleave","Body Slam"],"picked":"Armaments","floor":1.0},{"not_picked":["Burning Pact","Sever Soul","Searing Blow"],"picked":"SKIP","floor":2.0},{"not_picked":["Anger","Twin Strike"],"picked":"Perfected Strike","floor":3.0},{"not_picked":["Warcry","Cleave"],"picked":"Rampage","floor":5.0},{"not_picked":["Sword Boomerang","Pommel Strike"],"picked":"Rampage","floor":7},{"not_picked":["Twin Strike","Cleave"],"picked":"Demon Form","floor":8},{"not_picked":["Intimidate","Armaments","Body Slam"],"picked":"SKIP","floor":10},{"not_picked":["Anger","Entrench"],"picked":"Inflame","floor":11},{"not_picked":["Warcry","Wild Strike","Brutality"],"picked":"SKIP","floor":14},{"not_picked":["Reaper","Immolate"],"picked":"Feed","floor":16},{"not_picked":["Iron Wave","Entrench"],"picked":"Spot Weakness+1","floor":18},{"not_picked":["Rage","Anger"],"picked":"Headbutt","floor":19}],"player_experience":249968,"relics_obtained":[{"floor":7,"key":"Red Skull"},{"floor":9,"key":"Paper Frog"},{"floor":10,"key":"Dodecahedron"}],"event_choices":[{"damage_healed":0,"gold_gain":0,"player_choice":"Grow","damage_taken":0,"max_hp_gain":0,"max_hp_loss":0,"event_name":"Living Wall","floor":12,"gold_loss":0,"cards_upgraded":["Armaments"]},{"damage_healed":0,"gold_gain":0,"player_choice":"Got Potions","damage_taken":0,"max_hp_gain":0,"max_hp_loss":0,"event_name":"Lab","floor":13,"gold_loss":0}],"is_beta":false,"boss_relics":[{"not_picked":["Empty Cage","Cursed Key"],"picked":"Lizard Tail"}],"items_purged_floors":[],"is_endless":false,"potions_floor_spawned":[2,5,8,14,16],"killed_by":"Snake Plant","ascension_level":0}