{"gold_per_floor":[117,117,129,141,84,84,113,38,38,57,57,91,91,91,91,91],"floor_reached":16,"playtime":850,"items_purged":["Strike_R"],"score":205,"play_id":"e31ae52b-9f84-4f10-87c1-5cd5797e7b31","local_time":"20190615184043","is_ascension_mode":true,"campfire_choices":[{"data":"Armaments","floor":6,"key":"SMITH"},{"data":"Flex","floor":11,"key":"SMITH"},{"data":"Havoc","floor":15,"key":"SMITH"}],"neow_cost":"NONE","seed_source_timestamp":2458558540564954,"circlet_count":0,"master_deck":["AscendersBane","Strike_R","Strike_R","Strike_R","Strike_R","Defend_R","Defend_R","Defend_R","Defend_R","Bash","Purity","Rampage+1","Anger","Immolate","Armaments+1","Flex+1","Ghostly Armor","Havoc+1"],"relics":["Burning Blood","Unceasing Top","Molten Egg 2","Dead Branch"],"potions_floor_usage":[7,12],"damage_taken":[{"damage":2,"enemies":"Cultist","floor":1,"turns":4},{"damage":8,"enemies":"Small Slimes","floor":3,"turns":6},{"damage":6,"enemies":"2 Louse","floor":4,"turns":3},{"damage":20,"enemies":"Gremlin Nob","floor":7,"turns":4},{"damage":7,"enemies":"Looter","floor":10,"turns":3},{"damage":14,"enemies":"Lagavulin","floor":12,"turns":6},{"damage":49,"enemies":"Slime Boss","floor":16,"turns":6}],"seed_played":"4486623120959685835","potions_obtained":[{"floor":3,"key":"Block Potion"},{"floor":7,"key":"Strength Potion"}],"is_trial":false,"path_per_floor":["M","?","M","M","$","R","E","$","T","M","R","E","?","$","R","B"],"character_chosen":"IRONCLAD","items_purchased":["Armaments"],"campfire_rested":0,"item_purchase_floors":[5],"current_hp_per_floor":[72,72,70,70,70,70,56,56,56,55,55,47,47,47,47,0],"gold":91,"neow_bonus":"RANDOM_COLORLESS","is_prod":false,"is_daily":false,"chose_seed":false,"campfire_upgraded":3,"win_rate":0,"timestamp":1560634843,"path_taken":["M","?","M","M","$","R","E","?","T","M","R","E","?","$","R","BOSS"],"build_version":"2019-01-23","purchased_purges":1,"victory":false,"max_hp_per_floor":[75,75,75,75,75,75,75,75,75,75,75,75,75,75,75,75],"card_choices":[{"not_picked":["Anger","Iron Wave"],"picked":"Rampage","floor":1},{"not_picked":["Body Slam","Evolve"],"picked":"Anger","floor":3},{"not_picked":["True Grit","Heavy Blade"],"picked":"Immolate","floor":4},{"not_picked":["Headbutt","Wild Strike"],"picked":"Flex","floor":7},{"not_picked":["Searing Blow+1","Havoc"],"picked":"Ghostly Armor","floor":10},{"not_picked":["Thunderclap+1","Power Through"],"picked":"Havoc","floor":12}],"player_experience":1058831,"relics_obtained":[{"floor":7,"key":"Unceasing Top"},{"floor":9,"key":"Molten Egg 2"},{"floor":12,"key":"Dead Branch"}],"event_choices":[{"damage_healed":0,"gold_gain":0,"player_choice":"Upgraded","damage_taken":0,"max_hp_gain":0,"max_hp_loss":0,"event_name":"Upgrade Shrine","floor":2,"gold_loss":0,"cards_upgraded":["Rampage"]},{"damage_healed":0,"gold_gain":0,"player_choice":"Fled","damage_taken":0,"max_hp_gain":0,"max_hp_loss":0,"event_name":"Scrap Ooze","floor":13,"gold_loss":0}],"is_beta":false,"boss_relics":[],"items_purged_floors":[8],"is_endless":false,"potions_floor_spawned":[3,7],"killed_by":"Slime Boss","ascension_level":18}