{"gold_per_floor":[364,235,235,50,50,50,50,83,83,118,118,132,132,145,145,217,217,227,54,15,30,40,40,70,70,70,104,104,130,130,164,176,259,271,301,324,349,26,26,26,56,71,71,71,105,105,105,118,118,118,118,118,118,11,46,46],"floor_reached":56,"playtime":4501,"items_purged":["Injury","Strike_R","Strike_R"],"score":2074,"play_id":"2e46c071-95c0-4359-9a40-604374311dd9","local_time":"20190327191228","is_ascension_mode":true,"campfire_choices":[{"data":"Bash","floor":6,"key":"SMITH"},{"floor":11,"key":"REST"},{"data":"Anger","floor":13,"key":"SMITH"},{"data":"Shockwave","floor":15,"key":"SMITH"},{"data":"Immolate","floor":23,"key":"SMITH"},{"floor":28,"key":"REST"},{"data":"Disarm","floor":30,"key":"SMITH"},{"data":"Armaments","floor":32,"key":"SMITH"},{"data":"Feel No Pain","floor":40,"key":"SMITH"},{"floor":47,"key":"RECALL"},{"data":"Inflame","floor":49,"key":"SMITH"},{"floor":53,"key":"REST"}],"neow_cost":"CURSE","seed_source_timestamp":22904470969708,"circlet_count":0,"master_deck":["AscendersBane","Strike_R+1","Strike_R","Defend_R","Defend_R","Defend_R","Bash+1","Anger+1","Thunderclap","Headbutt","Shockwave+1","Immolate+1","Anger","Feel No Pain+1","Feed","Disarm+1","Seeing Red","Seeing Red","Inflame+1","Armaments+1","Feed","Battle Trance","Disarm+1","Limit Break","Shrug It Off","Inflame","Parasite","Limit Break","Battle Trance","Disarm+1"],"relics":["Burning Blood","Darkstone Periapt","Bottled Flame","Paper Frog","Runic Pyramid","PreservedInsect","Kunai","Bird Faced Urn","Matryoshka","Charon\u0027s Ashes","MawBank","Cursed Key","Membership Card","Pocketwatch","Blood Vial","Unceasing Top","Incense Burner"],"potions_floor_usage":[8,8,14,24,27,33,33,37,45,50,56],"damage_taken":[{"damage":12,"enemies":"Small Slimes","floor":1,"turns":4},{"damage":25,"enemies":"Lagavulin","floor":8,"turns":5},{"damage":32,"enemies":"Gremlin Nob","floor":10,"turns":4},{"damage":4,"enemies":"Jaw Worm","floor":12,"turns":2},{"damage":0,"enemies":"Cultist","floor":14,"turns":2},{"damage":30,"enemies":"The Guardian","floor":16,"turns":12},{"damage":11,"enemies":"2 Thieves","floor":18,"turns":2},{"damage":0,"enemies":"Chosen","floor":21,"turns":3},{"damage":31,"enemies":"Snake Plant","floor":22,"turns":4},{"damage":37,"enemies":"Slavers","floor":24,"turns":5},{"damage":26,"enemies":"Book of Stabbing","floor":27,"turns":5},{"damage":0,"enemies":"Gremlin Leader","floor":29,"turns":3},{"damage":18,"enemies":"Book of Stabbing","floor":31,"turns":4},{"damage":46,"enemies":"Automaton","floor":33,"turns":9},{"damage":24,"enemies":"3 Shapes","floor":35,"turns":5},{"damage":11,"enemies":"3 Darklings","floor":36,"turns":4},{"damage":0,"enemies":"Maw","floor":37,"turns":6},{"damage":9,"enemies":"Nemesis","floor":41,"turns":5},{"damage":12,"enemies":"Transient","floor":42,"turns":6},{"damage":15,"enemies":"Giant Head","floor":45,"turns":7},{"damage":15,"enemies":"3 Darklings","floor":48,"turns":3},{"damage":49,"enemies":"Donu and Deca","floor":50,"turns":6},{"damage":50,"enemies":"Time Eater","floor":51,"turns":7},{"damage":68,"enemies":"Shield and Spear","floor":55,"turns":6},{"damage":124,"enemies":"The Heart","floor":56,"turns":8}],"seed_played":"-4425148758938211306","potions_obtained":[{"floor":1,"key":"Strength Potion"},{"floor":8,"key":"BloodPotion"},{"floor":12,"key":"SpeedPotion"},{"floor":14,"key":"SpeedPotion"},{"floor":21,"key":"Energy Potion"},{"floor":24,"key":"SkillPotion"},{"floor":31,"key":"BloodPotion"},{"floor":33,"key":"Fire Potion"},{"floor":36,"key":"SkillPotion"},{"floor":41,"key":"BloodPotion"},{"floor":48,"key":"SkillPotion"}],"is_trial":false,"path_per_floor":["M","$","?","$","?","R","$","E","T","E","R","M","R","M","R","B",null,"M","$","$","M","M","R","E","?","T","E","R","E","R","E","R","B",null,"M","M","M","$","?","R","E","M","T","?","E","T","R","M","R","B","B",null,"R","$","E","B"],"character_chosen":"IRONCLAD","items_purchased":["Anger","Regen Potion","PreservedInsect","Feel No Pain","Membership Card","Limit Break","Shrug It Off","Battle Trance"],"campfire_rested":3,"item_purchase_floors":[2,4,19,20,38,38,38,54],"current_hp_per_floor":[62,62,39,39,39,39,39,34,34,8,30,32,32,45,45,21,62,57,57,57,63,41,41,10,26,26,11,35,44,44,35,35,11,71,58,60,74,74,74,74,78,76,82,82,85,85,85,85,85,53,21,98,124,124,75,0],"gold":46,"neow_bonus":"TWO_FIFTY_GOLD","is_prod":false,"is_daily":false,"chose_seed":false,"campfire_upgraded":8,"win_rate":0,"timestamp":1553710348,"path_taken":["M","$","?","$","?","R","?","E","T","E","R","?","R","M","R","BOSS","M","?","$","M","M","R","E","?","T","E","R","E","R","E","R","BOSS","M","M","M","$","?","R","E","?","T","?","E","?","R","M","R","BOSS","BOSS","R","$","E","BOSS"],"build_version":"2019-01-23","purchased_purges":3,"victory":false,"max_hp_per_floor":[75,75,75,75,75,75,75,75,75,75,75,75,75,75,75,75,75,75,75,75,75,78,78,78,78,78,81,81,84,84,87,87,91,91,94,97,101,101,101,101,104,104,110,110,114,114,114,117,117,120,124,124,124,124,131,131],"card_choices":[{"not_picked":["Perfected Strike","True Grit","Havoc"],"picked":"SKIP","floor":1},{"not_picked":["Twin Strike","Pummel"],"picked":"Thunderclap","floor":8},{"not_picked":["Anger","Wild Strike"],"picked":"Headbutt","floor":10},{"not_picked":["Intimidate","Headbutt"],"picked":"Shockwave","floor":12},{"not_picked":["Thunderclap","Clash","Heavy Blade"],"picked":"SKIP","floor":14},{"not_picked":["Brutality","Double Tap"],"picked":"Immolate","floor":16},{"not_picked":["True Grit","Iron Wave"],"picked":"Anger","floor":18},{"not_picked":["Wild Strike+1","Heavy Blade+1"],"picked":"Feed","floor":21},{"not_picked":["Warcry","Heavy Blade+1"],"picked":"Disarm","floor":22},{"not_picked":["Body Slam","Rupture"],"picked":"Seeing Red","floor":24},{"not_picked":["Rupture","Headbutt"],"picked":"Seeing Red","floor":27},{"not_picked":["Havoc","Carnage"],"picked":"Inflame","floor":29},{"not_picked":["Rampage","Cleave"],"picked":"Armaments","floor":31},{"not_picked":["Bludgeon","Immolate"],"picked":"Feed","floor":33},{"not_picked":["Headbutt","Burning Pact","Wild Strike"],"picked":"SKIP","floor":35},{"not_picked":["Headbutt+1","Shrug It Off"],"picked":"Battle Trance","floor":36},{"not_picked":["Sword Boomerang","Clash"],"picked":"Disarm+1","floor":37},{"not_picked":["Clothesline+1","Blood for Blood+1","Thunderclap"],"picked":"SKIP","floor":41},{"not_picked":["Pommel Strike","Warcry+1"],"picked":"Inflame","floor":42},{"not_picked":["Flex","Perfected Strike"],"picked":"Limit Break","floor":45},{"not_picked":["Entrench","Cleave","Sword Boomerang"],"picked":"SKIP","floor":48},{"not_picked":["Rampage","Pommel Strike"],"picked":"Disarm+1","floor":55}],"player_experience":1053458,"relics_obtained":[{"floor":8,"key":"Darkstone Periapt"},{"floor":9,"key":"Bottled Flame"},{"floor":10,"key":"Paper Frog"},{"floor":24,"key":"Kunai"},{"floor":26,"key":"Bird Faced Urn"},{"floor":27,"key":"Matryoshka"},{"floor":29,"key":"Charon\u0027s Ashes"},{"floor":31,"key":"MawBank"},{"floor":41,"key":"Pocketwatch"},{"floor":43,"key":"Blood Vial"},{"floor":45,"key":"Unceasing Top"},{"floor":55,"key":"Incense Burner"}],"event_choices":[{"damage_healed":0,"gold_gain":0,"player_choice":"Entered Light","damage_taken":23,"max_hp_gain":0,"max_hp_loss":0,"event_name":"Shining Light","floor":3,"gold_loss":0,"cards_upgraded":["Strike_R","Defend_R"]},{"damage_healed":0,"gold_gain":0,"player_choice":"Ignored","damage_taken":0,"max_hp_gain":0,"max_hp_loss":0,"event_name":"Liars Game","floor":5,"gold_loss":0},{"damage_healed":16,"gold_gain":0,"player_choice":"Heal","damage_taken":0,"max_hp_gain":0,"max_hp_loss":0,"event_name":"The Library","floor":25,"gold_loss":0},{"cards_removed":["Strike_R"],"damage_healed":0,"gold_gain":0,"player_choice":"Offered Basic","damage_taken":0,"max_hp_gain":0,"max_hp_loss":0,"event_name":"Bonfire Elementals","floor":39,"gold_loss":0},{"cards_removed":["Defend_R"],"damage_healed":0,"gold_gain":0,"player_choice":"Removed Skill","damage_taken":0,"max_hp_gain":0,"max_hp_loss":0,"event_name":"Falling","floor":44,"gold_loss":0}],"is_beta":false,"boss_relics":[{"not_picked":["Astrolabe","Calling Bell"],"picked":"Runic Pyramid"},{"not_picked":["Coffee Dripper","White Beast Statue"],"picked":"Cursed Key"}],"items_purged_floors":[2,4,54],"is_endless":false,"potions_floor_spawned":[1,8,12,14,21,24,31,33,36,41,48],"killed_by":"The Heart","ascension_level":20}