{"gold_per_floor":[111,111,40,40,40,40,75,75,101,126,145,110,120,137,137,236,236,253,155,65,77,77,77,77,77,77,97,112,124,124,155,155,259,259,277,277,277,277,177,177,191,191,216,183,193,193,193,206,206,206],"floor_reached":50,"playtime":3580,"items_purged":["Defend_B","Strike_B"],"score":493,"play_id":"95d10a60-331e-4b16-9a92-07ce47fd0e0d","local_time":"20181016100039","is_ascension_mode":false,"campfire_choices":[{"data":"Loop","floor":6,"key":"SMITH"},{"floor":8,"key":"REST"},{"data":"Zap","floor":15,"key":"SMITH"},{"data":"Electrodynamics","floor":23,"key":"SMITH"},{"data":"Dualcast","floor":25,"key":"SMITH"},{"data":"Glacier","floor":32,"key":"SMITH"},{"data":"Creative AI","floor":40,"key":"SMITH"},{"data":"Defragment","floor":47,"key":"SMITH"},{"data":"Auto Shields","floor":49,"key":"SMITH"}],"neow_cost":"PERCENT_DAMAGE","seed_source_timestamp":330156764892914,"circlet_count":0,"master_deck":["Defend_B","Defend_B","Zap+1","Dualcast+1","Ball Lightning+1","Loop+1","BootSequence","Glacier+1","Melter","Electrodynamics+1","Fusion+1","Streamline","Auto Shields+1","White Noise+1","Hello World","Creative AI+1","White Noise+1","Defragment+1"],"relics":["Cracked Core","Gambling Chip","Darkstone Periapt","PreservedInsect","Blood Vial","Centennial Puzzle","Eternal Feather","Letter Opener","Torii","Empty Cage","Unceasing Top","Bronze Scales"],"potions_floor_usage":[10,18,31,33,33,33,35,38,41,46,50],"damage_taken":[{"damage":0,"enemies":"2 Louse","floor":1,"turns":4},{"damage":25,"enemies":"3 Sentries","floor":7,"turns":6},{"damage":11,"enemies":"Lagavulin","floor":10,"turns":4},{"damage":0,"enemies":"Jaw Worm","floor":11,"turns":2},{"damage":0,"enemies":"Cultist","floor":13,"turns":3},{"damage":2,"enemies":"Exordium Wildlife","floor":14,"turns":5},{"damage":21,"enemies":"The Guardian","floor":16,"turns":11},{"damage":0,"enemies":"Shell Parasite","floor":18,"turns":5},{"damage":17,"enemies":"3 Byrds","floor":21,"turns":3},{"damage":0,"enemies":"3 Cultists","floor":27,"turns":2},{"damage":0,"enemies":"Snecko","floor":28,"turns":5},{"damage":12,"enemies":"Centurion and Healer","floor":29,"turns":3},{"damage":2,"enemies":"Book of Stabbing","floor":31,"turns":4},{"damage":9,"enemies":"Collector","floor":33,"turns":10},{"damage":10,"enemies":"3 Shapes","floor":35,"turns":4},{"damage":2,"enemies":"Mind Bloom Boss Battle","floor":38,"turns":8},{"damage":9,"enemies":"3 Darklings","floor":41,"turns":2},{"damage":0,"enemies":"Transient","floor":45,"turns":5},{"damage":0,"enemies":"Spire Growth","floor":46,"turns":4},{"damage":0,"enemies":"Sphere and 2 Shapes","floor":48,"turns":3},{"damage":80,"enemies":"Time Eater","floor":50,"turns":6}],"seed_played":"4215275644503226186","potions_obtained":[{"floor":7,"key":"Dexterity Potion"},{"floor":11,"key":"Weak Potion"},{"floor":13,"key":"FearPotion"},{"floor":14,"key":"GamblersBrew"},{"floor":28,"key":"EntropicBrew"},{"floor":29,"key":"Regen Potion"},{"floor":33,"key":"EssenceOfSteel"},{"floor":35,"key":"Swift Potion"},{"floor":36,"key":"SmokeBomb"},{"floor":36,"key":"Explosive Potion"},{"floor":36,"key":"SkillPotion"},{"floor":48,"key":"Swift Potion"}],"is_trial":false,"path_per_floor":["M","?","$","T","$","R","E","R","T","E","M","?","M","M","R","B",null,"M","$","?","M","?","R","$","R","T","M","M","M","?","E","R","B",null,"M","?","?","?","$","R","M","?","T","$","M","M","R","M","R"],"character_chosen":"DEFECT","items_purchased":["Loop","Streamline","Defragment"],"campfire_rested":1,"item_purchase_floors":[3,19,44],"current_hp_per_floor":[54,47,47,47,47,47,22,44,44,35,37,55,57,57,57,38,75,75,75,75,58,44,53,53,62,62,64,66,56,56,56,65,71,80,70,70,70,70,70,79,71,71,71,71,73,75,80,80,80,0],"gold":206,"neow_bonus":"ONE_RARE_RELIC","is_prod":false,"is_daily":false,"chose_seed":false,"campfire_upgraded":8,"win_rate":0,"timestamp":1539694839,"path_taken":["M","?","$","?","?","R","E","R","T","E","M","?","M","?","R","BOSS","M","$","?","M","?","R","$","R","T","M","M","M","?","E","R","BOSS","M","?","?","?","?","R","?","?","T","?","?","M","R","M","R","BOSS"],"build_version":"2018-10-11","purchased_purges":2,"victory":false,"max_hp_per_floor":[75,75,75,75,75,75,75,75,75,75,75,75,75,75,75,75,75,75,75,75,75,80,80,80,80,80,80,80,80,80,80,80,80,80,80,80,80,80,80,80,80,80,80,80,80,80,80,80,80,80],"card_choices":[{"not_picked":["Coolheaded","Sweeping Beam"],"picked":"Ball Lightning","floor":1},{"not_picked":["Hyperbeam","Conserve Battery"],"picked":"BootSequence","floor":7},{"not_picked":["Beam Cell","Leap"],"picked":"Glacier","floor":10},{"not_picked":["Cold Snap","Beam Cell","Compile Driver"],"picked":"SKIP","floor":11},{"not_picked":["Darkness","Doom and Gloom"],"picked":"Melter","floor":13},{"not_picked":["Chill","Go for the Eyes","Sweeping Beam"],"picked":"SKIP","floor":14},{"not_picked":["Fission","All For One"],"picked":"Electrodynamics","floor":16},{"not_picked":["Gash","Stack"],"picked":"Fusion+1","floor":18},{"not_picked":["Barrage","Beam Cell"],"picked":"Auto Shields","floor":21},{"not_picked":["Aggregate","Glacier","Heatsinks"],"picked":"SKIP","floor":27},{"not_picked":["Chill","Tempest"],"picked":"White Noise+1","floor":28},{"not_picked":["Blizzard+1","Conserve Battery"],"picked":"Hello World","floor":29},{"not_picked":["Thunder Strike","Scrape","Leap+1"],"picked":"SKIP","floor":31},{"not_picked":["Thunder Strike","All For One"],"picked":"Creative AI","floor":33},{"not_picked":["Gash+1","Hologram+1","Coolheaded+1"],"picked":"SKIP","floor":35},{"not_picked":["Fusion+1","Steam","Compile Driver"],"picked":"SKIP","floor":41},{"not_picked":["Darkness+1","Auto Shields+1","Hologram+1"],"picked":"SKIP","floor":45},{"not_picked":["Echo Form","Loop+1","Turbo+1"],"picked":"SKIP","floor":48}],"player_experience":327253,"relics_obtained":[{"floor":4,"key":"Darkstone Periapt"},{"floor":7,"key":"PreservedInsect"},{"floor":9,"key":"Blood Vial"},{"floor":10,"key":"Centennial Puzzle"},{"floor":26,"key":"Letter Opener"},{"floor":31,"key":"Torii"},{"floor":38,"key":"Unceasing Top"},{"floor":43,"key":"Bronze Scales"}],"event_choices":[{"event_name":"Golden Wing","player_choice":"Card Removal","floor":2,"damage_taken":0},{"event_name":"The Cleric","player_choice":"Healed","floor":12,"damage_taken":0},{"event_name":"Designer","player_choice":"Full Service","floor":20,"damage_taken":0},{"event_name":"Forgotten Altar","player_choice":"Shed Blood","floor":22,"damage_taken":0},{"event_name":"Cursed Tome","player_choice":"Ignored","floor":30,"damage_taken":0},{"event_name":"The Lab","player_choice":"Got Potions","floor":36,"damage_taken":0},{"event_name":"SensoryStone","player_choice":"Memory 1","floor":37,"damage_taken":0},{"event_name":"MindBloom","player_choice":"Fight","floor":38,"damage_taken":0},{"event_name":"Duplicator","player_choice":"One dupe","floor":42,"damage_taken":0}],"is_beta":false,"boss_relics":[{"not_picked":["Busted Crown","White Beast Statue"],"picked":"Eternal Feather"},{"not_picked":["Snecko Eye","Inserter"],"picked":"Empty Cage"}],"items_purged_floors":[19,39],"is_endless":false,"potions_floor_spawned":[7,11,13,14,28,29,33,35,48],"killed_by":"Time Eater","ascension_level":0}