{"gold_per_floor":[215,233,248,6,6,6,36,36,86,112,122,151,76,96,96,173,173,184,203,118,137,37,37,70,81,81,136,11,11,61,88,88,161,161,179,189,189,66,76,105,105,105,173,202,212,227,227,252,252,252,252,252,252,35,67,67],"floor_reached":56,"playtime":3372,"items_purged":["Strike_R","Anger","Strike_R"],"score":2186,"play_id":"413cf865-d8ab-4977-8dda-6147c6558f70","local_time":"20190224222113","is_ascension_mode":true,"campfire_choices":[{"data":"Immolate","floor":6,"key":"SMITH"},{"data":"Bash","floor":8,"key":"SMITH"},{"data":"True Grit","floor":15,"key":"SMITH"},{"data":"Bludgeon","floor":23,"key":"SMITH"},{"data":"Shockwave","floor":29,"key":"SMITH"},{"data":"Flame Barrier","floor":32,"key":"SMITH"},{"floor":41,"key":"REST"},{"floor":47,"key":"RECALL"},{"floor":49,"key":"REST"},{"data":"Dual Wield","floor":53,"key":"SMITH"}],"neow_cost":"NONE","seed_source_timestamp":34274359588727,"circlet_count":0,"master_deck":["AscendersBane","Strike_R","Strike_R","Strike_R","Defend_R","Defend_R","Defend_R","Defend_R","Bash+1","Shockwave+1","Immolate+1","Rampage","True Grit+1","Evolve","Headbutt","Brutality","Feel No Pain","Bludgeon+1","Flame Barrier+1","Disarm+1","Fiend Fire","Armaments","Corruption","Shockwave+1","Shrug It Off+1","Dual Wield+1","Shrug It Off","Demon Form","Armaments","True Grit+1"],"relics":["Burning Blood","Pen Nib","Anchor","Red Skull","Question Card","Snecko Eye","Boot","PreservedInsect","Pantograph","Tiny Chest","Mark of Pain","War Paint","Mummified Hand","Bird Faced Urn","Self Forming Clay","Centennial Puzzle","Gambling Chip"],"potions_floor_usage":[7,24,33,44,55],"damage_taken":[{"damage":8,"enemies":"2 Louse","floor":1,"turns":4},{"damage":0,"enemies":"Cultist","floor":2,"turns":3},{"damage":4,"enemies":"Jaw Worm","floor":3,"turns":4},{"damage":22,"enemies":"3 Sentries","floor":7,"turns":5},{"damage":6,"enemies":"Gremlin Nob","floor":10,"turns":3},{"damage":0,"enemies":"2 Fungi Beasts","floor":11,"turns":1},{"damage":0,"enemies":"3 Sentries","floor":12,"turns":2},{"damage":0,"enemies":"3 Louse","floor":14,"turns":1},{"damage":45,"enemies":"Hexaghost","floor":16,"turns":7},{"damage":0,"enemies":"Chosen","floor":18,"turns":3},{"damage":2,"enemies":"Spheric Guardian","floor":19,"turns":3},{"damage":0,"enemies":"Chosen and Byrds","floor":21,"turns":3},{"damage":24,"enemies":"Book of Stabbing","floor":24,"turns":4},{"damage":0,"enemies":"Centurion and Healer","floor":25,"turns":3},{"damage":0,"enemies":"Gremlin Leader","floor":27,"turns":3},{"damage":48,"enemies":"Automaton","floor":33,"turns":7},{"damage":7,"enemies":"3 Darklings","floor":35,"turns":4},{"damage":0,"enemies":"3 Shapes","floor":36,"turns":1},{"damage":20,"enemies":"3 Darklings","floor":39,"turns":4},{"damage":37,"enemies":"Nemesis","floor":40,"turns":5},{"damage":57,"enemies":"Reptomancer","floor":44,"turns":4},{"damage":0,"enemies":"4 Shapes","floor":45,"turns":4},{"damage":0,"enemies":"Transient","floor":46,"turns":6},{"damage":0,"enemies":"Giant Head","floor":48,"turns":3},{"damage":17,"enemies":"Donu and Deca","floor":50,"turns":7},{"damage":23,"enemies":"Time Eater","floor":51,"turns":7},{"damage":1,"enemies":"Shield and Spear","floor":55,"turns":2},{"damage":77,"enemies":"The Heart","floor":56,"turns":8}],"seed_played":"-2225476469406651647","potions_obtained":[{"floor":1,"key":"PowerPotion"},{"floor":2,"key":"BloodPotion"},{"floor":3,"key":"Weak Potion"},{"floor":12,"key":"PowerPotion"},{"floor":19,"key":"Strength Potion"},{"floor":33,"key":"Fire Potion"},{"floor":35,"key":"FairyPotion"},{"floor":44,"key":"Fire Potion"}],"is_trial":false,"path_per_floor":["M","M","M","$","?","R","E","R","T","E","M","E","?","M","R","B",null,"M","M","?","M","$","R","E","M","T","E","$","R","?","T","R","B",null,"M","M","?","$","M","E","R","$","T","E","M","M","R","E","R","B","B",null,"R","$","E","B"],"character_chosen":"IRONCLAD","items_purchased":["Immolate","Corruption","Shockwave","Centennial Puzzle","Armaments"],"campfire_rested":2,"item_purchase_floors":[4,38,38,54,54],"current_hp_per_floor":[66,72,74,74,74,74,58,58,58,58,64,70,70,75,75,36,65,71,75,75,75,75,75,57,63,63,69,69,69,69,69,69,33,65,64,70,70,70,56,25,47,47,47,13,25,35,35,47,69,66,68,73,73,73,75,0],"gold":67,"neow_bonus":"HUNDRED_GOLD","is_prod":false,"is_daily":false,"chose_seed":false,"campfire_upgraded":7,"win_rate":0,"timestamp":1551043273,"path_taken":["M","M","M","$","?","R","E","R","T","E","?","E","?","M","R","BOSS","M","M","?","M","$","R","E","M","T","E","$","R","?","?","R","BOSS","M","M","?","$","?","E","R","$","T","E","M","M","R","E","R","BOSS","BOSS","R","$","E","BOSS"],"build_version":"2019-01-23","purchased_purges":3,"victory":false,"max_hp_per_floor":[75,75,75,75,75,75,75,75,75,75,75,75,75,75,75,75,75,75,75,75,75,75,75,75,75,75,75,75,75,75,75,75,75,75,75,75,75,75,75,75,75,75,75,75,75,75,75,75,75,75,75,75,75,75,75,75],"card_choices":[{"not_picked":["Thunderclap","Iron Wave"],"picked":"Anger","floor":1},{"not_picked":["Warcry","Clothesline"],"picked":"Shockwave","floor":2},{"not_picked":["Havoc","Heavy Blade","Shockwave"],"picked":"SKIP","floor":3},{"not_picked":["Flex","Dropkick"],"picked":"Rampage","floor":7},{"not_picked":["Corruption","Carnage"],"picked":"True Grit","floor":10},{"not_picked":["Rage","Wild Strike"],"picked":"Evolve","floor":11},{"not_picked":["True Grit","Dual Wield","Entrench"],"picked":"SKIP","floor":12},{"not_picked":["Body Slam","Bludgeon","Twin Strike"],"picked":"Headbutt","floor":14},{"not_picked":["Double Tap","Dark Embrace","Bludgeon"],"picked":"Brutality","floor":16},{"not_picked":["Evolve","Anger","Inflame"],"picked":"Feel No Pain","floor":18},{"not_picked":["Rampage","True Grit","Cleave","Intimidate"],"picked":"SKIP","floor":19},{"not_picked":["Warcry","Disarm","Iron Wave+1"],"picked":"Bludgeon","floor":21},{"not_picked":["Whirlwind","Hemokinesis","Flex"],"picked":"Flame Barrier","floor":24},{"not_picked":["Warcry","Heavy Blade","Rage","Blood for Blood"],"picked":"SKIP","floor":25},{"not_picked":["Fire Breathing","Clash","Iron Wave"],"picked":"Disarm","floor":27},{"not_picked":["Double Tap","Immolate","Juggernaut"],"picked":"Fiend Fire","floor":33},{"not_picked":["Hemokinesis+1","Uppercut","Clash","Iron Wave"],"picked":"SKIP","floor":35},{"not_picked":["Inflame","Reckless Charge+1","Anger+1"],"picked":"Armaments","floor":36},{"not_picked":["Iron Wave","Twin Strike+1","Warcry","Fiend Fire"],"picked":"SKIP","floor":39},{"not_picked":["Iron Wave","Battle Trance","Pommel Strike"],"picked":"Shrug It Off+1","floor":40},{"not_picked":["Fire Breathing+1","Whirlwind","Wild Strike"],"picked":"Dual Wield","floor":44},{"not_picked":["Anger","Rampage","Twin Strike+1"],"picked":"Shrug It Off","floor":45},{"not_picked":["Sever Soul","Warcry+1","Clothesline"],"picked":"Demon Form","floor":46},{"not_picked":["Pommel Strike","Evolve","Rage+1","Rupture"],"picked":"SKIP","floor":48},{"not_picked":["Heavy Blade","Combust","Pummel"],"picked":"True Grit+1","floor":55}],"player_experience":983930,"relics_obtained":[{"floor":7,"key":"Pen Nib"},{"floor":9,"key":"Anchor"},{"floor":10,"key":"Red Skull"},{"floor":12,"key":"Question Card"},{"floor":24,"key":"PreservedInsect"},{"floor":26,"key":"Pantograph"},{"floor":27,"key":"Tiny Chest"},{"floor":40,"key":"War Paint"},{"floor":43,"key":"Mummified Hand"},{"floor":44,"key":"Bird Faced Urn"},{"floor":48,"key":"Self Forming Clay"},{"floor":55,"key":"Gambling Chip"}],"event_choices":[{"damage_healed":0,"gold_gain":0,"player_choice":"Cursed","damage_taken":0,"max_hp_gain":0,"max_hp_loss":0,"event_name":"Wheel of Change","floor":5,"gold_loss":0,"cards_obtained":["Decay"]},{"cards_removed":["Decay"],"damage_healed":0,"gold_gain":0,"player_choice":"Card Removal","damage_taken":0,"max_hp_gain":0,"max_hp_loss":0,"event_name":"The Cleric","floor":13,"gold_loss":75},{"damage_healed":0,"gold_gain":0,"player_choice":"Obtained Relic","damage_taken":0,"relics_obtained":["Boot"],"max_hp_gain":0,"max_hp_loss":0,"event_name":"Addict","floor":20,"gold_loss":85},{"damage_healed":0,"gold_gain":50,"player_choice":"Stole From Cult","damage_taken":0,"max_hp_gain":0,"max_hp_loss":0,"event_name":"Nest","floor":30,"gold_loss":0},{"damage_healed":0,"gold_gain":0,"player_choice":"Ignored","damage_taken":0,"max_hp_gain":0,"max_hp_loss":0,"event_name":"SecretPortal","floor":37,"gold_loss":0}],"is_beta":false,"boss_relics":[{"not_picked":["Ectoplasm","Empty Cage"],"picked":"Snecko Eye"},{"not_picked":["Orrery","Calling Bell"],"picked":"Mark of Pain"}],"items_purged_floors":[4,22,28],"is_endless":false,"potions_floor_spawned":[1,2,3,12,14,19,33,35,36,39,44],"killed_by":"The Heart","ascension_level":20}