{"gold_per_floor":[210,210,52,1,21,55,55,86,113,144,144,144,157,173,173,248,248,258,277,287,16,16,16,43,74,74,74,103,103,113,143,143,218,218,233,253,271,117,0,31,31,60,60,60,87,102,102,102],"floor_reached":48,"playtime":2967,"items_purged":["Strike_R","Doubt"],"score":1238,"play_id":"3a297c64-352a-4203-b79d-59a778a84f3a","local_time":"20190518163853","is_ascension_mode":true,"campfire_choices":[{"data":"Juggernaut","floor":7.0,"key":"SMITH"},{"data":"Combust","floor":11.0,"key":"SMITH"},{"floor":12.0,"key":"REST"},{"data":"Iron Wave","floor":15.0,"key":"SMITH"},{"floor":23.0,"key":"REST"},{"data":"Body Slam","floor":27.0,"key":"SMITH"},{"data":"Demon Form","floor":29.0,"key":"SMITH"},{"floor":32.0,"key":"REST"},{"floor":41,"key":"REST"},{"floor":44,"key":"REST"},{"floor":47,"key":"REST"}],"neow_cost":"NONE","seed_source_timestamp":13471014377682,"circlet_count":0,"master_deck":["AscendersBane","Strike_R","Strike_R","Strike_R","Strike_R","Defend_R","Defend_R","Defend_R","Defend_R","Bash","Sword Boomerang","Thunderclap","Juggernaut+1","Combust+1","Rupture","Iron Wave+1","Iron Wave","Body Slam+1","Impervious","Shrug It Off","Parasite","Demon Form+1","Armaments","Warcry+1","Armaments+1","Disarm","Injury"],"special_seed":0,"relics":["Burning Blood","PreservedInsect","Anchor","WingedGreaves","Nunchaku","Bronze Scales","Darkstone Periapt","Cursed Key","OrangePellets","Ice Cream","Unceasing Top","Mango","Calipers","Snecko Eye","Red Mask","Orichalcum","Oddly Smooth Stone","Pocketwatch","Singing Bowl"],"potions_floor_usage":[40,45,48,48],"damage_taken":[{"damage":11.0,"enemies":"Jaw Worm","floor":1.0,"turns":6.0},{"damage":10.0,"enemies":"Small Slimes","floor":5.0,"turns":4.0},{"damage":8.0,"enemies":"Gremlin Nob","floor":6.0,"turns":3.0},{"damage":15.0,"enemies":"Lagavulin","floor":8.0,"turns":7.0},{"damage":33.0,"enemies":"Gremlin Nob","floor":10.0,"turns":4.0},{"damage":1.0,"enemies":"Cultist","floor":13.0,"turns":3.0},{"damage":0.0,"enemies":"Red Slaver","floor":14.0,"turns":3.0},{"damage":50.0,"enemies":"Slime Boss","floor":16.0,"turns":7.0},{"damage":5.0,"enemies":"Shell Parasite","floor":18.0,"turns":5.0},{"damage":30.0,"enemies":"2 Thieves","floor":19.0,"turns":3.0},{"damage":25.0,"enemies":"3 Cultists","floor":20.0,"turns":5.0},{"damage":13.0,"enemies":"Gremlin Leader","floor":25.0,"turns":6.0},{"damage":17.0,"enemies":"Book of Stabbing","floor":28.0,"turns":4.0},{"damage":24.0,"enemies":"Cultist and Chosen","floor":30.0,"turns":6.0},{"damage":29.0,"enemies":"Gremlin Leader","floor":31.0,"turns":5.0},{"damage":31.0,"enemies":"Champ","floor":33.0,"turns":8.0},{"damage":17,"enemies":"3 Darklings","floor":35,"turns":4},{"damage":12,"enemies":"Orb Walker","floor":36,"turns":3},{"damage":19,"enemies":"Transient","floor":37,"turns":6},{"damage":33,"enemies":"Giant Head","floor":40,"turns":6},{"damage":13,"enemies":"Nemesis","floor":42,"turns":5},{"damage":24,"enemies":"Reptomancer","floor":45,"turns":6},{"damage":25,"enemies":"3 Darklings","floor":46,"turns":5},{"damage":89,"enemies":"Nemesis","floor":48,"turns":8}],"seed_played":"-1686384266944333420","potions_obtained":[{"floor":6.0,"key":"Block Potion"},{"floor":13.0,"key":"Explosive Potion"},{"floor":28.0,"key":"SpeedPotion"},{"floor":30.0,"key":"GamblersBrew"},{"floor":31.0,"key":"GamblersBrew"},{"floor":36,"key":"GamblersBrew"},{"floor":40,"key":"AttackPotion"},{"floor":46,"key":"Swift Potion"}],"is_trial":false,"path_per_floor":["M","?","$","?","M","E","R","E","T","E","R","R","M","M","R","B",null,"M","M","M","$","?","R","T","E","T","R","E","R","M","E","R","B",null,"M","M","M","$","?","E","R","E","T","R","E","M","R","E"],"character_chosen":"IRONCLAD","items_purchased":["Regen Potion","OrangePellets","Strength Potion","SpeedPotion"],"campfire_rested":6,"item_purchase_floors":[3,21,21,38],"current_hp_per_floor":[63,58,58,58,54,52,52,57,57,30,30,52,57,63,63,19,61,62,38,19,19,19,41,47,40,46,46,49,49,31,8,38,13,79,68,62,49,49,49,22,52,45,51,83,67,50,83,0],"gold":102,"neow_bonus":"HUNDRED_GOLD","is_prod":false,"is_daily":false,"chose_seed":false,"campfire_upgraded":5,"win_rate":0,"timestamp":1558190333,"path_taken":["M","?","$","?","?","E","R","E","T","E","R","R","M","M","R","BOSS","M","M","M","$","?","R","?","E","T","R","E","R","M","E","R","BOSS","M","?","M","$","?","E","R","E","T","R","E","M","R","E"],"build_version":"2019-01-23","purchased_purges":2,"victory":false,"max_hp_per_floor":[75,75,75,75,75,75,75,75,75,75,75,75,75,75,75,75,75,75,75,75,75,75,75,81,81,87,87,101,101,101,101,101,101,101,101,101,101,101,101,101,101,101,107,107,109,111,111,111],"card_choices":[{"not_picked":["Havoc","Sentinel"],"picked":"Sword Boomerang","floor":1.0},{"not_picked":["Entrench","Flex"],"picked":"Thunderclap","floor":5.0},{"not_picked":["Warcry","Armaments"],"picked":"Juggernaut","floor":6.0},{"not_picked":["True Grit","Berserk"],"picked":"Combust","floor":8.0},{"not_picked":["Wild Strike","Dropkick"],"picked":"Rupture","floor":10.0},{"not_picked":["Warcry","Dual Wield"],"picked":"Iron Wave","floor":13.0},{"not_picked":["Rampage","Havoc"],"picked":"Iron Wave","floor":14.0},{"not_picked":["Anger","Combust"],"picked":"Body Slam","floor":18.0},{"not_picked":["Rampage+1","Flex"],"picked":"Impervious","floor":19.0},{"not_picked":["Armaments","Wild Strike"],"picked":"Shrug It Off","floor":20.0},{"not_picked":["Reckless Charge","Rampage","Uppercut"],"picked":"SKIP","floor":25.0},{"not_picked":["Pommel Strike","Infernal Blade"],"picked":"Demon Form","floor":28.0},{"not_picked":["Anger","Sword Boomerang"],"picked":"Armaments","floor":30.0},{"not_picked":["Headbutt","Dropkick"],"picked":"Warcry+1","floor":31.0},{"not_picked":["Evolve","Flex+1"],"picked":"Armaments+1","floor":35},{"not_picked":["Intimidate+1","Pommel Strike+1","Iron Wave"],"picked":"SKIP","floor":36},{"not_picked":["Sever Soul","Perfected Strike+1","Havoc+1"],"picked":"SKIP","floor":37},{"not_picked":["Hemokinesis","Double Tap","Second Wind"],"picked":"SKIP","floor":40},{"not_picked":["Metallicize","Iron Wave"],"picked":"Disarm","floor":42},{"not_picked":["Iron Wave","Armaments","Rampage"],"picked":"Singing Bowl","floor":45},{"not_picked":["Power Through","Battle Trance","Uppercut"],"picked":"Singing Bowl","floor":46}],"player_experience":1222120,"relics_obtained":[{"floor":6.0,"key":"WingedGreaves"},{"floor":8.0,"key":"Nunchaku"},{"floor":9.0,"key":"Bronze Scales"},{"floor":10.0,"key":"Darkstone Periapt"},{"floor":25.0,"key":"Ice Cream"},{"floor":26.0,"key":"Unceasing Top"},{"floor":28.0,"key":"Mango"},{"floor":31.0,"key":"Calipers"},{"floor":40,"key":"Orichalcum"},{"floor":42,"key":"Oddly Smooth Stone"},{"floor":43,"key":"Pocketwatch"},{"floor":45,"key":"Singing Bowl"}],"event_choices":[{"damage_healed":0.0,"max_hp_gain":0.0,"max_hp_loss":0.0,"gold_gain":0.0,"event_name":"Scrap Ooze","player_choice":"Success","floor":2.0,"gold_loss":0.0,"damage_taken":5.0,"relics_obtained":["PreservedInsect"]},{"damage_healed":0.0,"max_hp_gain":0.0,"max_hp_loss":0.0,"gold_gain":0.0,"event_name":"WeMeetAgain","player_choice":"Paid Gold","floor":4.0,"gold_loss":51.0,"damage_taken":0.0,"relics_obtained":["Anchor"]},{"damage_healed":0.0,"max_hp_gain":0.0,"max_hp_loss":0.0,"gold_gain":0.0,"event_name":"Beggar","player_choice":"Ignored","floor":22.0,"gold_loss":0.0,"damage_taken":0.0},{"damage_healed":0,"gold_gain":0,"player_choice":"Paid","damage_taken":0,"relics_obtained":["Red Mask"],"max_hp_gain":0,"max_hp_loss":0,"event_name":"Tomb of Lord Red Mask","floor":39,"gold_loss":117}],"is_beta":false,"boss_relics":[{"not_picked":["Pandora\u0027s Box","Sozu"],"picked":"Cursed Key"},{"not_picked":["Tiny House","Eternal Feather"],"picked":"Snecko Eye"}],"items_purged_floors":[3,38],"is_endless":false,"potions_floor_spawned":[6,13,14,25,28,30,31,36,40,46],"killed_by":"Nemesis","ascension_level":20}