{"gold_per_floor":[210,210,222,242,261,290,300,310,310,310,325,341,291,306,306,404,404,422,347,174,273,26,83,83,101,101,101],"floor_reached":27,"playtime":1316,"items_purged":["Strike_R","Defend_R"],"score":344,"play_id":"dee57607-f560-4bf6-bcaf-c2cf3cf526de","local_time":"20190609174904","is_ascension_mode":true,"campfire_choices":[{"data":"Armaments","floor":10,"key":"SMITH"},{"data":"Immolate","floor":15,"key":"SMITH"},{"data":"Feed","floor":24,"key":"SMITH"}],"neow_cost":"NONE","seed_source_timestamp":5168824782699681,"circlet_count":0,"master_deck":["Strike_R","Strike_R","Defend_R+1","Defend_R+1","Defend_R+1","Bash","Sever Soul","Headbutt","Wild Strike","Clothesline","Armaments+1","Flex+1","Feel No Pain","Immolate+1","Battle Trance","Ghostly Armor","Feed+1","Whirlwind","Inflame","True Grit","Burning Pact"],"relics":["Burning Blood","Vajra","Peace Pipe","Coffee Dripper","War Paint","Tiny Chest","Ornamental Fan"],"potions_floor_usage":[6,6,16],"damage_taken":[{"damage":8,"enemies":"Jaw Worm","floor":1,"turns":5},{"damage":0,"enemies":"Small Slimes","floor":3,"turns":3},{"damage":1,"enemies":"Cultist","floor":4,"turns":3},{"damage":13,"enemies":"Blue Slaver","floor":5,"turns":4},{"damage":42,"enemies":"Lagavulin","floor":6,"turns":6},{"damage":0,"enemies":"2 Fungi Beasts","floor":7,"turns":3},{"damage":9,"enemies":"Exordium Thugs","floor":8,"turns":5},{"damage":10,"enemies":"Blue Slaver","floor":11,"turns":3},{"damage":4,"enemies":"Exordium Wildlife","floor":12,"turns":3},{"damage":5,"enemies":"Red Slaver","floor":14,"turns":3},{"damage":35,"enemies":"Hexaghost","floor":16,"turns":8},{"damage":2,"enemies":"Chosen","floor":18,"turns":4},{"damage":51,"enemies":"Slavers","floor":23,"turns":5},{"damage":15,"enemies":"2 Thieves","floor":25,"turns":3},{"damage":22,"enemies":"Sentry and Sphere","floor":27,"turns":3}],"seed_played":"8965236463940038778","potions_obtained":[{"floor":4,"key":"Regen Potion"},{"floor":5,"key":"Energy Potion"},{"floor":8,"key":"Ancient Potion"},{"floor":11,"key":"AttackPotion"},{"floor":23,"key":"FearPotion"}],"is_trial":false,"path_per_floor":["M","?","M","M","M","E","M","M","T","R","M","M","?","M","R","B",null,"M","?","$","?","$","E","R","M","T","M"],"character_chosen":"IRONCLAD","items_purchased":["Inflame","True Grit","War Paint"],"campfire_rested":0,"item_purchase_floors":[20,20,22],"current_hp_per_floor":[70,54,60,65,58,36,42,39,39,39,35,37,37,38,38,9,62,66,66,66,66,66,24,24,19,19,0],"gold":101,"neow_bonus":"HUNDRED_GOLD","is_prod":false,"is_daily":false,"chose_seed":false,"campfire_upgraded":3,"win_rate":0,"timestamp":1560116944,"path_taken":["M","?","M","M","M","E","M","M","T","R","M","M","?","M","R","BOSS","M","?","$","?","?","E","R","M","T","?"],"build_version":"2019-01-23","purchased_purges":2,"victory":false,"max_hp_per_floor":[80,80,80,80,80,80,80,80,80,80,80,80,80,80,80,80,80,80,80,80,80,80,83,83,87,87,87],"card_choices":[{"not_picked":["Iron Wave","Anger"],"picked":"Sever Soul","floor":1},{"not_picked":["Flex","Berserk"],"picked":"Headbutt","floor":3},{"not_picked":["Fire Breathing","Cleave"],"picked":"Wild Strike","floor":4},{"not_picked":["Combust","Pummel"],"picked":"Clothesline","floor":5},{"not_picked":["Sword Boomerang","Wild Strike"],"picked":"Armaments","floor":6},{"not_picked":["Rage","Second Wind"],"picked":"Flex","floor":7},{"not_picked":["Armaments","Heavy Blade"],"picked":"Feel No Pain","floor":8},{"not_picked":["Thunderclap","True Grit"],"picked":"Immolate","floor":11},{"not_picked":["Dual Wield","Pommel Strike"],"picked":"Battle Trance","floor":12},{"not_picked":["Thunderclap","Intimidate"],"picked":"Ghostly Armor","floor":14},{"not_picked":["Exhume","Barricade"],"picked":"Feed","floor":16},{"not_picked":["Cleave+1","Fire Breathing"],"picked":"Whirlwind","floor":18},{"not_picked":["Twin Strike","Body Slam"],"picked":"Burning Pact","floor":23},{"not_picked":["Iron Wave","Perfected Strike+1","Havoc"],"picked":"SKIP","floor":25}],"player_experience":226454,"relics_obtained":[{"floor":6,"key":"Vajra"},{"floor":9,"key":"Peace Pipe"},{"floor":23,"key":"Tiny Chest"},{"floor":26,"key":"Ornamental Fan"}],"event_choices":[{"damage_healed":0,"gold_gain":0,"player_choice":"Entered Light","damage_taken":16,"max_hp_gain":0,"max_hp_loss":0,"event_name":"Shining Light","floor":2,"gold_loss":0,"cards_upgraded":["Defend_R","Defend_R"]},{"cards_removed":["Strike_R"],"damage_healed":0,"gold_gain":0,"player_choice":"Card Removal","damage_taken":0,"max_hp_gain":0,"max_hp_loss":0,"event_name":"The Cleric","floor":13,"gold_loss":50},{"cards_removed":["Strike_R"],"damage_healed":0,"gold_gain":0,"player_choice":"Gave Gold","damage_taken":0,"max_hp_gain":0,"max_hp_loss":0,"event_name":"Beggar","floor":19,"gold_loss":75},{"damage_healed":0,"gold_gain":99,"player_choice":"Stole From Cult","damage_taken":0,"max_hp_gain":0,"max_hp_loss":0,"event_name":"Nest","floor":21,"gold_loss":0}],"is_beta":false,"boss_relics":[{"not_picked":["Runic Dome","Astrolabe"],"picked":"Coffee Dripper"}],"items_purged_floors":[20,22],"is_endless":false,"potions_floor_spawned":[4,5,8,11,23],"killed_by":"Sentry and Sphere","ascension_level":9}