{"gold_per_floor":[360,360,380,398,110,141,141,159,228,228,240,260,260,294,294,391,391,408,85,98,115,115,115,115,214,265,278,297,313,56,56,56,152,152,167,167,178,58,58,58,58,74,123,0,0,13,33,33,33,33],"floor_reached":50,"playtime":2431,"items_purged":["Strike_R","Strike_R","Defend_R","Strike_R"],"score":600,"play_id":"4f420ee2-0227-4a03-bec3-5af2beb1766c","local_time":"20181027112317","is_ascension_mode":true,"campfire_choices":[{"data":"Bludgeon","floor":7,"key":"SMITH"},{"data":"Bash","floor":10,"key":"SMITH"},{"floor":13,"key":"REST"},{"data":"Heavy Blade","floor":15,"key":"SMITH"},{"data":"Iron Wave","floor":23,"key":"SMITH"},{"floor":32,"key":"REST"},{"data":"Seeing Red","floor":40,"key":"SMITH"},{"data":"J.A.X.","floor":49,"key":"SMITH"}],"neow_cost":"PERCENT_DAMAGE","seed_source_timestamp":95041086036506,"circlet_count":0,"master_deck":["Strike_R","Strike_R","Defend_R","Defend_R","Bash+1","Iron Wave+1","Bludgeon+1","Spot Weakness","Heavy Blade+1","Flex","Headbutt","Rage+1","J.A.X.+1","Clash","Seeing Red+1","Infernal Blade+1","Secret Technique","Seeing Red+1"],"relics":["Burning Blood","PreservedInsect","Calipers","The Courier","Vajra","Lizard Tail","Lantern","Juzu Bracelet","Bag of Marbles","Strawberry","Sozu","Blood Vial","Red Mask"],"potions_floor_usage":[8,11,14,16,28,33,35],"damage_taken":[{"damage":1,"enemies":"2 Louse","floor":1,"turns":3},{"damage":7,"enemies":"Jaw Worm","floor":3,"turns":3},{"damage":1,"enemies":"Cultist","floor":4,"turns":3},{"damage":25,"enemies":"Lagavulin","floor":6,"turns":5},{"damage":0,"enemies":"Lots of Slimes","floor":8,"turns":2},{"damage":0,"enemies":"Gremlin Gang","floor":11,"turns":5},{"damage":18,"enemies":"Exordium Wildlife","floor":12,"turns":4},{"damage":0,"enemies":"3 Sentries","floor":14,"turns":3},{"damage":64,"enemies":"Hexaghost","floor":16,"turns":9},{"damage":25,"enemies":"Spheric Guardian","floor":18,"turns":4},{"damage":18,"enemies":"2 Thieves","floor":20,"turns":4},{"damage":7,"enemies":"Cultist and Chosen","floor":21,"turns":4},{"damage":13,"enemies":"Snecko","floor":27,"turns":3},{"damage":14,"enemies":"Snake Plant","floor":28,"turns":2},{"damage":5,"enemies":"Centurion and Healer","floor":29,"turns":3},{"damage":128,"enemies":"Champ","floor":33,"turns":13},{"damage":34,"enemies":"3 Darklings","floor":35,"turns":3},{"damage":12,"enemies":"3 Shapes","floor":37,"turns":4},{"damage":11,"enemies":"Sphere and 2 Shapes","floor":42,"turns":5},{"damage":12,"enemies":"Jaw Worm Horde","floor":46,"turns":3},{"damage":32,"enemies":"3 Darklings","floor":47,"turns":3},{"damage":104,"enemies":"Awakened One","floor":50,"turns":6}],"seed_played":"-2772705108774474118","potions_obtained":[{"floor":3,"key":"Explosive Potion"},{"floor":8,"key":"Block Potion"},{"floor":12,"key":"AttackPotion"},{"floor":14,"key":"GamblersBrew"},{"floor":21,"key":"SpeedPotion"},{"floor":33,"key":"Swift Potion"}],"is_trial":false,"path_per_floor":["M","?","M","M","$","E","R","M","T","R","M","M","R","E","R","B",null,"M","$","M","M","?","R","?","?","T","M","M","M","$","?","R","B",null,"M","?","M","$","?","R","?","M","T","?","?","M","M","?","R"],"character_chosen":"IRONCLAD","items_purchased":["PreservedInsect","Spot Weakness","Lantern","Juzu Bracelet","Strawberry","Block Potion"],"campfire_rested":2,"item_purchase_floors":[5,5,19,19,30,30],"current_hp_per_floor":[61,61,60,65,65,46,46,52,52,52,58,46,70,76,76,18,80,61,61,49,48,48,48,48,48,48,41,33,34,41,41,67,13,87,59,59,53,53,53,53,53,48,48,48,48,44,20,76,76,0],"gold":33,"neow_bonus":"TWO_FIFTY_GOLD","is_prod":false,"is_daily":false,"chose_seed":false,"campfire_upgraded":6,"win_rate":0,"timestamp":1540650197,"path_taken":["M","?","M","M","$","E","R","?","T","R","?","M","R","E","R","BOSS","M","$","M","M","?","R","?","?","T","M","M","M","$","?","R","BOSS","M","?","M","$","?","R","?","M","T","?","?","M","M","?","R","BOSS"],"build_version":"2018-10-25v2","purchased_purges":4,"victory":false,"max_hp_per_floor":[80,80,80,80,80,80,80,80,80,80,80,80,80,80,80,80,80,80,80,80,80,80,80,80,80,80,80,80,80,87,87,87,87,87,87,87,87,87,87,87,87,87,87,87,87,87,87,76,76,76],"card_choices":[{"not_picked":["Headbutt","Anger"],"picked":"Iron Wave","floor":1},{"not_picked":["Intimidate","Perfected Strike"],"picked":"Bludgeon","floor":3},{"not_picked":["Sword Boomerang","Second Wind","Anger"],"picked":"SKIP","floor":4},{"not_picked":["Perfected Strike","Blood for Blood","True Grit"],"picked":"SKIP","floor":6},{"not_picked":["Clothesline","Anger","Body Slam"],"picked":"SKIP","floor":8},{"not_picked":["Feel No Pain","Armaments"],"picked":"Heavy Blade","floor":11},{"not_picked":["Warcry","Bludgeon"],"picked":"Flex","floor":12},{"not_picked":["Havoc","Twin Strike"],"picked":"Headbutt","floor":14},{"not_picked":["Evolve","Sever Soul"],"picked":"Rage","floor":18},{"not_picked":["Entrench","Second Wind","Havoc+1"],"picked":"SKIP","floor":20},{"not_picked":["Sword Boomerang","Shockwave","Wild Strike"],"picked":"SKIP","floor":21},{"not_picked":["Corruption","Cleave"],"picked":"Clash","floor":27},{"not_picked":["Cleave","Second Wind+1","Combust"],"picked":"SKIP","floor":28},{"not_picked":["Anger","Flex"],"picked":"Seeing Red","floor":29},{"not_picked":["Immolate","Offering"],"picked":"Demon Form","floor":33},{"not_picked":["Shrug It Off","Anger","Perfected Strike"],"picked":"SKIP","floor":35},{"not_picked":["Rage+1","Evolve","Flex"],"picked":"SKIP","floor":37},{"not_picked":["Pummel","Sentinel"],"picked":"Infernal Blade+1","floor":42},{"not_picked":["Panacea","Blind"],"picked":"Secret Technique","floor":45},{"not_picked":["Twin Strike+1","Armaments"],"picked":"Seeing Red+1","floor":46},{"not_picked":["Body Slam+1","Twin Strike","Cleave"],"picked":"SKIP","floor":47}],"player_experience":352513,"relics_obtained":[{"floor":6,"key":"Calipers"},{"floor":9,"key":"The Courier"},{"floor":14,"key":"Vajra"},{"floor":26,"key":"Bag of Marbles"},{"floor":43,"key":"Blood Vial"}],"event_choices":[{"cards_removed":["Defend_R"],"damage_healed":0,"gold_gain":0,"player_choice":"Forget","damage_taken":0,"max_hp_gain":0,"max_hp_loss":0,"event_name":"Living Wall","floor":2,"gold_loss":0},{"damage_healed":0,"gold_gain":0,"player_choice":"Forge","damage_taken":0,"max_hp_gain":0,"max_hp_loss":0,"event_name":"Accursed Blacksmith","floor":22,"gold_loss":0,"cards_upgraded":["Rage"]},{"damage_healed":0,"gold_gain":0,"player_choice":"Obtain J.A.X.","damage_taken":0,"max_hp_gain":0,"max_hp_loss":0,"event_name":"Drug Dealer","floor":24,"gold_loss":0,"cards_obtained":["J.A.X."]},{"damage_healed":0,"gold_gain":99,"player_choice":"Stole From Cult","damage_taken":0,"max_hp_gain":0,"max_hp_loss":0,"event_name":"Nest","floor":25,"gold_loss":0},{"damage_healed":0,"gold_gain":0,"player_choice":"Ignored","damage_taken":0,"max_hp_gain":0,"max_hp_loss":0,"event_name":"Cursed Tome","floor":31,"gold_loss":0},{"damage_healed":0,"gold_gain":0,"player_choice":"Ignored","damage_taken":0,"max_hp_gain":0,"max_hp_loss":0,"event_name":"Mysterious Sphere","floor":36,"gold_loss":0},{"cards_removed":["Demon Form"],"damage_healed":0,"gold_gain":0,"player_choice":"Removed Power","damage_taken":0,"max_hp_gain":0,"max_hp_loss":0,"event_name":"Falling","floor":39,"gold_loss":0},{"damage_healed":0,"gold_gain":0,"player_choice":"Leave","damage_taken":0,"max_hp_gain":0,"max_hp_loss":0,"event_name":"FaceTrader","floor":41,"gold_loss":0},{"damage_healed":0,"gold_gain":0,"player_choice":"Paid","damage_taken":0,"relics_obtained":["Red Mask"],"max_hp_gain":0,"max_hp_loss":0,"event_name":"Tomb of Lord Red Mask","floor":44,"gold_loss":123},{"damage_healed":0,"gold_gain":0,"player_choice":"Memory 1","damage_taken":0,"max_hp_gain":0,"max_hp_loss":0,"event_name":"SensoryStone","floor":45,"gold_loss":0},{"damage_healed":76,"gold_gain":0,"player_choice":"Heal","damage_taken":0,"max_hp_gain":0,"max_hp_loss":11,"event_name":"The Moai Head","floor":48,"gold_loss":0}],"is_beta":false,"boss_relics":[{"not_picked":["Black Star","Astrolabe"],"picked":"Lizard Tail"},{"not_picked":["Runic Pyramid","Philosopher\u0027s Stone"],"picked":"Sozu"}],"items_purged_floors":[5,19,30,38],"is_endless":false,"potions_floor_spawned":[3,8,12,14,21,33,37,42,46],"killed_by":"Awakened One","ascension_level":4}