{"gold_per_floor":[110,122,122,134,134,134,184,210,288,288,307,332,47,64,64,64],"floor_reached":16,"playtime":753,"items_purged":[],"score":220,"play_id":"13de88dd-1be9-489a-8b9c-c83dcc464062","local_time":"20190131230135","is_ascension_mode":true,"campfire_choices":[{"data":"Carnage","floor":6,"key":"SMITH"},{"floor":10,"key":"REST"},{"floor":15,"key":"REST"}],"neow_cost":"NONE","seed_source_timestamp":9745320861790,"circlet_count":0,"master_deck":["AscendersBane","Strike_R","Strike_R","Strike_R","Defend_R","Defend_R","Defend_R","Defend_R","Bash","Limit Break","Perfected Strike","Uppercut","Carnage+1","Battle Trance","Flex","Offering","Shrug It Off"],"relics":["Burning Blood","Bag of Marbles","Sundial","Question Card","Molten Egg 2"],"potions_floor_usage":[8,14,16],"damage_taken":[{"damage":16,"enemies":"Jaw Worm","floor":1,"turns":6},{"damage":1,"enemies":"Cultist","floor":2,"turns":3},{"damage":5,"enemies":"Small Slimes","floor":4,"turns":3},{"damage":31,"enemies":"Gremlin Nob","floor":8,"turns":4},{"damage":3,"enemies":"2 Fungi Beasts","floor":11,"turns":4},{"damage":25,"enemies":"Lagavulin","floor":12,"turns":5},{"damage":12,"enemies":"Gremlin Gang","floor":14,"turns":6},{"damage":51,"enemies":"Slime Boss","floor":16,"turns":8}],"seed_played":"3259345173634229033","potions_obtained":[{"floor":2,"key":"GamblersBrew"},{"floor":11,"key":"Fire Potion"},{"floor":14,"key":"Poison Potion"}],"is_trial":false,"path_per_floor":["M","M","?","M","?","R","?","E","T","R","M","E","$","M","R","B"],"character_chosen":"IRONCLAD","items_purchased":["Molten Egg 2"],"campfire_rested":2,"item_purchase_floors":[13],"current_hp_per_floor":[58,63,63,64,57,57,50,25,25,47,50,31,31,25,47,0],"gold":64,"neow_bonus":"ONE_RANDOM_RARE_CARD","is_prod":false,"is_daily":false,"chose_seed":false,"campfire_upgraded":1,"win_rate":0,"timestamp":1548972095,"path_taken":["M","M","?","?","?","R","?","E","T","R","M","E","$","?","R","BOSS"],"build_version":"2019-01-23","purchased_purges":0,"victory":false,"max_hp_per_floor":[75,75,75,75,75,75,75,75,75,75,75,75,75,75,75,75],"card_choices":[{"not_picked":["Warcry","Flex"],"picked":"Perfected Strike","floor":1},{"not_picked":["Disarm","Perfected Strike"],"picked":"Uppercut","floor":2},{"not_picked":["Thunderclap","Seeing Red"],"picked":"Carnage","floor":4},{"not_picked":["Hemokinesis","Thunderclap"],"picked":"Battle Trance","floor":8},{"not_picked":["Seeing Red","Thunderclap"],"picked":"Flex","floor":11},{"not_picked":["Pommel Strike","Wild Strike"],"picked":"Offering","floor":12},{"not_picked":["Clothesline+1","Entrench","Dual Wield"],"picked":"Shrug It Off","floor":14}],"player_experience":815820,"relics_obtained":[{"floor":8,"key":"Bag of Marbles"},{"floor":9,"key":"Sundial"},{"floor":12,"key":"Question Card"}],"event_choices":[{"cards_removed":["Strike_R"],"damage_healed":0,"gold_gain":0,"player_choice":"Purged","damage_taken":0,"max_hp_gain":0,"max_hp_loss":0,"event_name":"Purifier","floor":3,"gold_loss":0},{"cards_removed":["Strike_R"],"damage_healed":0,"gold_gain":0,"player_choice":"Card Removal","damage_taken":7,"max_hp_gain":0,"max_hp_loss":0,"event_name":"Golden Wing","floor":5,"gold_loss":0},{"damage_healed":0,"gold_gain":50,"player_choice":"Touch","damage_taken":7,"max_hp_gain":0,"max_hp_loss":0,"event_name":"FaceTrader","floor":7,"gold_loss":0}],"is_beta":false,"boss_relics":[],"items_purged_floors":[],"is_endless":false,"potions_floor_spawned":[2,11,14],"killed_by":"Slime Boss","ascension_level":20}