{"gold_per_floor":[113,113,113,125,138,138,168,168,168,184,200,200,218,252,252,357,357,357,357,59,59,59,59,59,59,59,59,59,59,59,59,59,59,59,59,59,59,59,0,0,0,0,0,0,0,0,0,0,0,0],"floor_reached":51,"playtime":3170,"items_purged":[],"score":909,"play_id":"61dc5c21-8a3f-418c-8f22-b59388d32a8a","local_time":"20181008220227","is_ascension_mode":true,"campfire_choices":[{"data":"Inflame","floor":6,"key":"SMITH"},{"data":"Clothesline","floor":8,"key":"SMITH"},{"data":"Heavy Blade","floor":15,"key":"SMITH"},{"floor":23,"key":"REST"},{"floor":30,"key":"REST"},{"floor":32,"key":"REST"},{"data":"Demon Form","floor":40,"key":"SMITH"},{"data":"Limit Break","floor":42,"key":"SMITH"},{"floor":45,"key":"REST"},{"data":"Bash","floor":47,"key":"SMITH"},{"data":"Double Tap","floor":49,"key":"SMITH"}],"neow_cost":"NONE","seed_source_timestamp":130162656524766,"circlet_count":0,"master_deck":["Strike_R","Strike_R","Strike_R","Strike_R","Strike_R","Defend_R+1","Defend_R","Defend_R","Defend_R+1","Bash+1","Heavy Blade+1","Inflame+1","Clothesline+1","Pommel Strike","Demon Form+1","Impatience","Double Tap+1","Cleave+1","Warcry+1","Limit Break+1","Whirlwind","Feel No Pain","Metallicize","Reaper"],"relics":["Burning Blood","Mummified Hand","Matryoshka","Singing Bowl","Ectoplasm","Toolbox","Kunai","Bottled Flame","Orrery","Mango","Red Mask","Juzu Bracelet","Paper Frog","Bronze Scales","Dream Catcher"],"potions_floor_usage":[5,7,14,16,22,25,27,33,37,38],"damage_taken":[{"damage":0,"enemies":"Small Slimes","floor":1,"turns":3},{"damage":0,"enemies":"2 Louse","floor":4,"turns":3},{"damage":1,"enemies":"Cultist","floor":5,"turns":4},{"damage":17,"enemies":"Gremlin Nob","floor":7,"turns":4},{"damage":7,"enemies":"2 Fungi Beasts","floor":10,"turns":4},{"damage":14,"enemies":"3 Louse","floor":11,"turns":2},{"damage":0,"enemies":"Large Slime","floor":13,"turns":3},{"damage":14,"enemies":"Lagavulin","floor":14,"turns":6},{"damage":24,"enemies":"The Guardian","floor":16,"turns":11},{"damage":9,"enemies":"3 Byrds","floor":18,"turns":6},{"damage":2,"enemies":"Chosen","floor":19,"turns":4},{"damage":49,"enemies":"3 Cultists","floor":21,"turns":5},{"damage":15,"enemies":"Shelled Parasite and Fungi","floor":22,"turns":5},{"damage":7,"enemies":"Snecko","floor":25,"turns":4},{"damage":22,"enemies":"Chosen and Byrds","floor":27,"turns":5},{"damage":32,"enemies":"Centurion and Healer","floor":29,"turns":5},{"damage":13,"enemies":"Snecko","floor":31,"turns":3},{"damage":27,"enemies":"Collector","floor":33,"turns":7},{"damage":19,"enemies":"Orb Walker","floor":35,"turns":3},{"damage":0,"enemies":"Mind Bloom Boss Battle","floor":36,"turns":5},{"damage":18,"enemies":"3 Shapes","floor":37,"turns":4},{"damage":17,"enemies":"Reptomancer","floor":38,"turns":4},{"damage":8,"enemies":"Spire Growth","floor":41,"turns":4},{"damage":26,"enemies":"4 Shapes","floor":44,"turns":4},{"damage":114,"enemies":"Awakened One","floor":50,"turns":8}],"seed_played":"-812401273502284868","potions_obtained":[{"floor":4,"key":"Block Potion"},{"floor":5,"key":"EssenceOfSteel"},{"floor":7,"key":"GamblersBrew"},{"floor":14,"key":"Strength Potion"},{"floor":19,"key":"SpeedPotion"},{"floor":21,"key":"SteroidPotion"},{"floor":25,"key":"GamblersBrew"},{"floor":29,"key":"FearPotion"},{"floor":35,"key":"SkillPotion"},{"floor":36,"key":"FearPotion"},{"floor":37,"key":"Fire Potion"}],"is_trial":false,"path_per_floor":["M","?","?","M","M","R","E","R","T","M","M","?","M","E","R","B",null,"M","M","$","M","M","R","?","M","T","M","?","M","R","M","R","B",null,"M","?","M","M","?","R","M","R","T","M","R","?","R","T","R","B"],"character_chosen":"IRONCLAD","items_purchased":["Impatience","Toolbox"],"campfire_rested":4,"item_purchase_floors":[20,20],"current_hp_per_floor":[88,88,70,76,81,81,70,70,70,69,61,66,72,66,66,48,95,94,99,99,56,47,76,76,77,77,63,42,18,51,44,77,56,116,103,125,115,106,106,106,106,106,106,86,127,127,127,127,127,39],"gold":0,"neow_bonus":"TEN_PERCENT_HP_BONUS","is_prod":false,"is_daily":false,"chose_seed":false,"campfire_upgraded":7,"win_rate":0,"timestamp":1539046947,"path_taken":["M","?","?","M","M","R","E","R","T","M","M","?","M","E","R","BOSS","M","M","$","M","M","R","?","M","T","M","?","?","R","M","R","BOSS","M","?","M","M","?","R","M","R","T","M","R","?","R","?","R","BOSS"],"build_version":"2018-10-04v2","purchased_purges":0,"victory":true,"max_hp_per_floor":[88,88,88,88,88,88,88,88,88,88,88,93,93,95,95,95,95,97,99,99,99,99,99,99,101,101,103,108,110,110,110,110,110,116,116,132,134,136,136,136,138,138,138,138,138,138,138,138,138,138],"card_choices":[{"not_picked":["Sword Boomerang","Evolve"],"picked":"Heavy Blade","floor":1},{"not_picked":["Burning Pact","Armaments","Body Slam"],"picked":"SKIP","floor":4},{"not_picked":["Perfected Strike","Anger"],"picked":"Inflame","floor":5},{"not_picked":["Juggernaut","Disarm"],"picked":"Clothesline","floor":7},{"not_picked":["Twin Strike","Shrug It Off"],"picked":"Pommel Strike","floor":10},{"not_picked":["Twin Strike","Warcry","Rupture"],"picked":"SKIP","floor":11},{"not_picked":["Sword Boomerang","Second Wind","Flame Barrier"],"picked":"SKIP","floor":13},{"not_picked":["Burning Pact","Heavy Blade","Body Slam"],"picked":"Singing Bowl","floor":14},{"not_picked":["Offering","Limit Break"],"picked":"Demon Form","floor":16},{"not_picked":["Iron Wave","Corruption","Body Slam"],"picked":"Singing Bowl","floor":18},{"not_picked":["Twin Strike","Pommel Strike+1","True Grit"],"picked":"Singing Bowl","floor":19},{"not_picked":["Shrug It Off","Pommel Strike"],"picked":"Double Tap","floor":21},{"not_picked":["True Grit+1","Combust"],"picked":"Cleave+1","floor":22},{"not_picked":["Blood for Blood","Bloodletting","Warcry"],"picked":"Singing Bowl","floor":25},{"not_picked":["Shockwave+1","Burning Pact+1","Sever Soul+1"],"picked":"Singing Bowl","floor":27},{"not_picked":["Rupture","Havoc","Warcry"],"picked":"Singing Bowl","floor":29},{"not_picked":["Evolve+1","Headbutt"],"picked":"Warcry+1","floor":31},{"not_picked":["Exhume","Reaper"],"picked":"Limit Break","floor":33},{"not_picked":["Shrug It Off","Carnage"],"picked":"Whirlwind","floor":34},{"not_picked":["Twin Strike","Intimidate"],"picked":"Feel No Pain","floor":34},{"not_picked":["Shrug It Off","Anger","Havoc"],"picked":"Singing Bowl","floor":34},{"not_picked":["Pummel+1","Armaments","Iron Wave"],"picked":"Singing Bowl","floor":34},{"not_picked":["Armaments+1","Pommel Strike+1","Ghostly Armor"],"picked":"Singing Bowl","floor":34},{"not_picked":["Evolve+1","Blood for Blood+1"],"picked":"Metallicize","floor":35},{"not_picked":["Evolve","True Grit","Twin Strike"],"picked":"Singing Bowl","floor":36},{"not_picked":["Headbutt","Thunderclap","Carnage+1"],"picked":"Singing Bowl","floor":37},{"not_picked":["Body Slam","Searing Blow","Thunderclap+1"],"picked":"Singing Bowl","floor":38},{"not_picked":["Perfected Strike","Combust+1","Flex"],"picked":"Singing Bowl","floor":41},{"not_picked":["Body Slam+1","Blood for Blood"],"picked":"Reaper","floor":44}],"player_experience":314823,"relics_obtained":[{"floor":7,"key":"Mummified Hand"},{"floor":9,"key":"Matryoshka"},{"floor":14,"key":"Singing Bowl"},{"floor":26,"key":"Kunai"},{"floor":26,"key":"Bottled Flame"},{"floor":36,"key":"Mango"},{"floor":43,"key":"Juzu Bracelet"},{"floor":43,"key":"Paper Frog"},{"floor":48,"key":"Dream Catcher"}],"event_choices":[{"event_name":"Liars Game","player_choice":"disagreed","floor":2,"damage_taken":0},{"event_name":"Shining Light","player_choice":"Entered Light","floor":3,"damage_taken":0},{"event_name":"Big Fish","player_choice":"Donut","floor":12,"damage_taken":0},{"event_name":"Beggar","player_choice":"Ignored","floor":24,"damage_taken":0},{"event_name":"Forgotten Altar","player_choice":"Shed Blood","floor":28,"damage_taken":0},{"event_name":"MindBloom","player_choice":"Fight","floor":36,"damage_taken":0},{"event_name":"Tomb of Lord Red Mask","player_choice":"Paid","floor":39,"damage_taken":0},{"event_name":"WeMeetAgain","player_choice":"Potion","floor":46,"damage_taken":0}],"is_beta":false,"boss_relics":[{"not_picked":["Coffee Dripper","Runic Pyramid"],"picked":"Ectoplasm"},{"not_picked":["Calling Bell","Empty Cage"],"picked":"Orrery"}],"items_purged_floors":[],"is_endless":false,"potions_floor_spawned":[4,5,7,14,19,21,25,29,35,36,37],"ascension_level":3}