{"gold_per_floor":[20,20,20,35,35,35,62,62,62,62,95,175,175],"floor_reached":13,"playtime":394,"items_purged":[],"score":178,"play_id":"b15f7344-5810-46ba-8c26-3a75e8a91aa6","local_time":"20190616210834","is_ascension_mode":true,"campfire_choices":[{"data":"Glass Knife","floor":6,"key":"SMITH"},{"data":"Neutralize","floor":8,"key":"SMITH"},{"floor":10,"key":"REST"}],"neow_cost":"NO_GOLD","seed_source_timestamp":32920264046663,"circlet_count":0,"master_deck":["AscendersBane","Defend_G","Defend_G","Defend_G","Defend_G","Defend_G","Strike_G","Strike_G","Strike_G","Strike_G","Strike_G","Survivor","Neutralize+1","Glass Knife+1","Quick Slash","PiercingWail","Corpse Explosion"],"relics":["Ring of the Snake","Strawberry","FossilizedHelix"],"potions_floor_usage":[],"damage_taken":[{"damage":7,"enemies":"Small Slimes","floor":1,"turns":3},{"damage":0,"enemies":"2 Louse","floor":4,"turns":3},{"damage":34,"enemies":"3 Sentries","floor":7,"turns":13},{"damage":49,"enemies":"Gremlin Nob","floor":11,"turns":5},{"damage":7,"enemies":"3 Sentries","floor":13,"turns":4}],"seed_played":"5036388578220737091","potions_obtained":[],"is_trial":false,"path_per_floor":["M","?","?","M","$","R","E","R","T","R","E","?","E"],"character_chosen":"THE_SILENT","items_purchased":[],"campfire_rested":1,"item_purchase_floors":[],"current_hp_per_floor":[52,57,57,57,57,57,30,30,30,53,4,4,0],"gold":175,"neow_bonus":"THREE_RARE_CARDS","is_prod":false,"is_daily":false,"chose_seed":false,"campfire_upgraded":2,"win_rate":0,"timestamp":1560712114,"path_taken":["M","?","?","M","$","R","E","R","T","R","E","?","E"],"build_version":"2019-01-23","purchased_purges":0,"victory":false,"max_hp_per_floor":[66,71,71,71,71,71,78,78,78,78,78,78,78],"card_choices":[{"not_picked":["Grand Finale","After Image"],"picked":"Glass Knife","floor":0},{"not_picked":["Sucker Punch","Blade Dance","Deadly Poison"],"picked":"SKIP","floor":1},{"not_picked":["Outmaneuver","Blur"],"picked":"Quick Slash","floor":4},{"not_picked":["Blur","Blade Dance"],"picked":"PiercingWail","floor":7},{"not_picked":["Outmaneuver","Bullet Time"],"picked":"Corpse Explosion","floor":11}],"player_experience":1367710,"relics_obtained":[{"floor":7,"key":"Strawberry"},{"floor":11,"key":"FossilizedHelix"}],"event_choices":[{"damage_healed":0,"gold_gain":0,"player_choice":"Donut","damage_taken":0,"max_hp_gain":5,"max_hp_loss":0,"event_name":"Big Fish","floor":2,"gold_loss":0},{"damage_healed":0,"gold_gain":0,"player_choice":"Leave","damage_taken":0,"max_hp_gain":0,"max_hp_loss":0,"event_name":"The Cleric","floor":3,"gold_loss":0},{"damage_healed":0,"gold_gain":80,"player_choice":"Gained Gold","damage_taken":0,"max_hp_gain":0,"max_hp_loss":0,"event_name":"Golden Wing","floor":12,"gold_loss":0}],"is_beta":false,"boss_relics":[],"items_purged_floors":[],"is_endless":false,"potions_floor_spawned":[],"killed_by":"3 Sentries","ascension_level":20}