{"gold_per_floor":[110,110,124,144,12,12,46,61,61,61,61,61,78,91,91,167,167,167,167,167,167,9,9,9,9,9,9,9,9,9,9,9,9],"floor_reached":33,"playtime":2344,"items_purged":["Regret"],"score":595,"play_id":"859e0718-7950-4f44-8782-35b7168ac51c","local_time":"20190530002821","is_ascension_mode":true,"campfire_choices":[{"data":"Deadly Poison","floor":6.0,"key":"SMITH"},{"floor":10.0,"key":"REST"},{"data":"Footwork","floor":12.0,"key":"SMITH"},{"floor":15.0,"key":"REST"},{"data":"Malaise","floor":23,"key":"SMITH"},{"data":"Neutralize","floor":30,"key":"SMITH"},{"data":"After Image","floor":32,"key":"SMITH"}],"neow_cost":"CURSE","seed_source_timestamp":47123491218538,"circlet_count":0,"master_deck":["AscendersBane","Defend_G","Defend_G","Defend_G","Defend_G","Defend_G","Survivor","Neutralize+1","Deadly Poison+1","Footwork+1","Flying Knee","PiercingWail","Dagger Throw","After Image+1","Endless Agony","Backflip","Malaise+1","Bouncing Flask+1","Predator+1","Deflect+1","Bite","Bite","Bite","Bite","Bite","Die Die Die"],"special_seed":0,"relics":["Ring of the Snake","Gambling Chip","Omamori","Pen Nib","Ectoplasm","Toxic Egg 2","Snake Skull","Lantern","Centennial Puzzle","Old Coin"],"potions_floor_usage":[19,24,29,33],"damage_taken":[{"damage":6.0,"enemies":"Cultist","floor":1.0,"turns":5.0},{"damage":5.0,"enemies":"Small Slimes","floor":3.0,"turns":5.0},{"damage":0.0,"enemies":"2 Louse","floor":4.0,"turns":2.0},{"damage":29.0,"enemies":"Lagavulin","floor":7.0,"turns":8.0},{"damage":15.0,"enemies":"Exordium Wildlife","floor":8.0,"turns":6.0},{"damage":0.0,"enemies":"Blue Slaver","floor":13.0,"turns":5.0},{"damage":0.0,"enemies":"Gremlin Gang","floor":14.0,"turns":6.0},{"damage":31.0,"enemies":"Slime Boss","floor":16.0,"turns":15.0},{"damage":0,"enemies":"Chosen","floor":18,"turns":7},{"damage":0,"enemies":"Shell Parasite","floor":19,"turns":6},{"damage":3,"enemies":"Sentry and Sphere","floor":20,"turns":7},{"damage":23,"enemies":"Slavers","floor":24,"turns":7},{"damage":0,"enemies":"Centurion and Healer","floor":25,"turns":7},{"damage":6,"enemies":"Gremlin Leader","floor":29,"turns":14},{"damage":55,"enemies":"Champ","floor":33,"turns":10}],"seed_played":"-5706870448603727791","potions_obtained":[{"floor":4.0,"key":"PowerPotion"},{"floor":8.0,"key":"LiquidBronze"},{"floor":14.0,"key":"SpeedPotion"},{"floor":16.0,"key":"EssenceOfSteel"},{"floor":18,"key":"FearPotion"},{"floor":25,"key":"GamblersBrew"},{"floor":29,"key":"SpeedPotion"}],"is_trial":false,"path_per_floor":["M","?","M","M","$","R","E","M","T","R","?","R","M","M","R","B",null,"M","M","M","?","$","R","E","M","T","?","?","E","R","T","R","B"],"character_chosen":"THE_SILENT","items_purchased":["PiercingWail","Snake Skull"],"campfire_rested":2,"item_purchase_floors":[5,22],"current_hp_per_floor":[53,53,48,48,48,48,19,4,4,23,23,23,23,23,42,11,52,52,52,49,49,49,49,26,26,26,26,26,46,46,46,46,0],"gold":9,"neow_bonus":"ONE_RARE_RELIC","is_prod":false,"is_daily":false,"chose_seed":false,"campfire_upgraded":5,"win_rate":0,"timestamp":1559168901,"path_taken":["M","?","M","M","$","R","E","M","T","R","?","R","M","M","R","BOSS","M","M","M","?","$","R","E","M","T","?","?","E","R","?","R","BOSS"],"build_version":"2019-01-23","purchased_purges":1,"victory":false,"max_hp_per_floor":[66,66,66,66,66,66,66,66,66,66,66,66,66,66,66,66,66,66,66,66,66,66,66,66,66,66,46,46,46,46,46,46,46],"card_choices":[{"not_picked":["Choke","Distraction"],"picked":"Deadly Poison","floor":1.0},{"not_picked":["Outmaneuver","Reflex"],"picked":"Footwork","floor":3.0},{"not_picked":["Dagger Throw","Underhanded Strike"],"picked":"Flying Knee","floor":4.0},{"not_picked":["Flying Knee","Acrobatics","Deflect"],"picked":"SKIP","floor":7.0},{"not_picked":["Quick Slash","Deflect"],"picked":"Dagger Throw","floor":8.0},{"not_picked":["Accuracy","Storm of Steel"],"picked":"Endless Agony","floor":13.0},{"not_picked":["Deflect","Riddle With Holes"],"picked":"Backflip","floor":14.0},{"not_picked":["Storm of Steel","Phantasmal Killer"],"picked":"Malaise","floor":16.0},{"not_picked":["Acrobatics","Expertise"],"picked":"Bouncing Flask+1","floor":18},{"not_picked":["Poisoned Stab","Masterful Stab","Slice+1"],"picked":"SKIP","floor":19},{"not_picked":["Deflect","Bouncing Flask+1"],"picked":"Predator+1","floor":20},{"not_picked":["Infinite Blades","Eviscerate"],"picked":"Deflect+1","floor":24},{"not_picked":["Blade Dance+1","Sucker Punch","Setup+1"],"picked":"SKIP","floor":25},{"not_picked":["Riddle With Holes","Dagger Throw"],"picked":"Die Die Die","floor":29}],"player_experience":1260695,"relics_obtained":[{"floor":7.0,"key":"Omamori"},{"floor":9.0,"key":"Pen Nib"},{"floor":24,"key":"Lantern"},{"floor":26,"key":"Centennial Puzzle"},{"floor":29,"key":"Old Coin"}],"event_choices":[{"damage_healed":0.0,"max_hp_gain":0.0,"max_hp_loss":0.0,"gold_gain":0.0,"event_name":"Liars Game","player_choice":"Ignored","floor":2.0,"gold_loss":0.0,"damage_taken":0.0},{"damage_healed":0.0,"max_hp_gain":0.0,"max_hp_loss":0.0,"gold_gain":0.0,"event_name":"Match and Keep!","player_choice":"1 cards matched","floor":11.0,"gold_loss":0.0,"damage_taken":0.0,"cards_obtained":["After Image"]},{"damage_healed":0.0,"max_hp_gain":0.0,"max_hp_loss":0.0,"gold_gain":0.0,"event_name":"Match and Keep!","player_choice":"1 cards matched","floor":11.0,"gold_loss":0.0,"damage_taken":0.0,"cards_obtained":["After Image"]},{"damage_healed":0,"gold_gain":0,"player_choice":"Stole Relic","damage_taken":0,"relics_obtained":["Toxic Egg 2"],"max_hp_gain":0,"max_hp_loss":0,"event_name":"Addict","floor":21,"gold_loss":0,"cards_obtained":["Shame"]},{"damage_healed":0,"gold_gain":0,"player_choice":"Became a vampire","damage_taken":0,"max_hp_gain":0,"max_hp_loss":20,"event_name":"Vampires","floor":27,"gold_loss":0,"cards_obtained":["Bite","Bite","Bite","Bite","Bite"]},{"damage_healed":0,"gold_gain":50,"player_choice":"Stole From Cult","damage_taken":0,"max_hp_gain":0,"max_hp_loss":0,"event_name":"Nest","floor":28,"gold_loss":0}],"is_beta":false,"boss_relics":[{"not_picked":["WristBlade","Orrery"],"picked":"Ectoplasm"}],"items_purged_floors":[5],"is_endless":false,"potions_floor_spawned":[4,8,14,16,18,25,29],"killed_by":"Champ","ascension_level":20}