{"gold_per_floor":[114,114,134,59,84,109,109,109,109,129,5,15,41,55,55,157,157,170,170,170,22,22,56,67,67,67,79,98,98,117,144,144,144],"floor_reached":33,"playtime":1754,"items_purged":["Pain","Defend_R","Defend_R"],"score":345,"play_id":"5cdac587-c2e2-420e-91d7-8d062755ac64","local_time":"20190401135701","is_ascension_mode":false,"campfire_choices":[{"data":"Cleave","floor":7,"key":"SMITH"},{"data":"Bash","floor":15,"key":"SMITH"},{"data":"Rage","floor":32,"key":"SMITH"}],"neow_cost":"NONE","seed_source_timestamp":703947141165547,"circlet_count":0,"master_deck":["Defend_R","Defend_R","Bash+1","Clash","Shrug It Off","Cleave+1","Iron Wave","Iron Wave","Clash","Dropkick","Feed","Bite","Bite","Bite","Bite","Bite","Warcry","Rage+1","Battle Trance"],"relics":["Black Blood","NeowsBlessing","WarpedTongs","Regal Pillow","Pen Nib","PreservedInsect","Shuriken","Gremlin Horn","Question Card","Omamori","Bag of Marbles"],"potions_floor_usage":[13,13,24,28,33],"damage_taken":[{"damage":0,"enemies":"2 Louse","floor":1,"turns":1},{"damage":0,"enemies":"Cultist","floor":3,"turns":1},{"damage":0,"enemies":"Lagavulin","floor":6,"turns":1},{"damage":0,"enemies":"Jaw Worm","floor":10,"turns":2},{"damage":0,"enemies":"Exordium Wildlife","floor":12,"turns":3},{"damage":4,"enemies":"3 Sentries","floor":13,"turns":4},{"damage":0,"enemies":"Large Slime","floor":14,"turns":4},{"damage":20,"enemies":"The Guardian","floor":16,"turns":9},{"damage":17,"enemies":"2 Thieves","floor":18,"turns":4},{"damage":10,"enemies":"Gremlin Leader","floor":23,"turns":4},{"damage":4,"enemies":"Chosen","floor":24,"turns":4},{"damage":14,"enemies":"Snecko","floor":27,"turns":5},{"damage":9,"enemies":"Cultist and Chosen","floor":28,"turns":5},{"damage":7,"enemies":"Sentry and Sphere","floor":30,"turns":5},{"damage":28,"enemies":"Book of Stabbing","floor":31,"turns":4},{"damage":96,"enemies":"Automaton","floor":33,"turns":10}],"seed_played":"8464105322491766123","potions_obtained":[{"floor":3,"key":"Explosive Potion"},{"floor":12,"key":"Energy Potion"},{"floor":23,"key":"Dexterity Potion"},{"floor":27,"key":"Block Potion"},{"floor":31,"key":"GamblersBrew"}],"is_trial":false,"path_per_floor":["M","?","M","$","T","E","R","?","T","M","$","M","E","M","R","B",null,"M","?","T","$","?","E","M","?","T","M","M","?","M","E","R","B"],"character_chosen":"IRONCLAD","items_purchased":["Iron Wave","Warcry"],"campfire_rested":0,"item_purchase_floors":[11,21],"current_hp_per_floor":[80,80,80,80,80,80,80,80,80,80,80,80,80,80,80,66,80,76,58,58,58,58,58,58,58,58,62,62,62,62,49,49,0],"gold":144,"neow_bonus":"THREE_ENEMY_KILL","is_prod":false,"is_daily":false,"chose_seed":false,"campfire_upgraded":3,"win_rate":0,"timestamp":1554137821,"path_taken":["M","?","M","$","?","E","R","?","T","M","$","?","E","M","R","BOSS","M","?","?","$","?","E","M","?","T","M","?","?","?","E","R","BOSS"],"build_version":"2019-01-23","purchased_purges":3,"victory":false,"max_hp_per_floor":[80,80,80,80,80,80,80,80,80,80,80,80,80,80,80,80,80,83,58,58,58,58,58,58,58,58,62,62,62,62,62,62,62],"card_choices":[{"not_picked":["Perfected Strike","Iron Wave"],"picked":"Clash","floor":1},{"not_picked":["Searing Blow","Shrug It Off","Burning Pact"],"picked":"SKIP","floor":3},{"not_picked":["Searing Blow","Burning Pact"],"picked":"Shrug It Off","floor":3},{"not_picked":["Pummel","Spot Weakness"],"picked":"Cleave","floor":6},{"not_picked":["Body Slam","True Grit"],"picked":"Iron Wave","floor":10},{"not_picked":["Exhume","Thunderclap"],"picked":"Clash","floor":12},{"not_picked":["Power Through","Headbutt","Cleave"],"picked":"SKIP","floor":13},{"not_picked":["Shrug It Off","Hemokinesis"],"picked":"Dropkick","floor":14},{"not_picked":["Fiend Fire","Brutality"],"picked":"Feed","floor":16},{"not_picked":["Armaments+1","Searing Blow","Sentinel"],"picked":"SKIP","floor":18},{"not_picked":["Rupture","Cleave+1","Carnage"],"picked":"SKIP","floor":23},{"not_picked":["Ghostly Armor+1","Twin Strike"],"picked":"Battle Trance","floor":24},{"not_picked":["Headbutt","Perfected Strike","Havoc","Pummel"],"picked":"SKIP","floor":27},{"not_picked":["Reckless Charge+1","Evolve+1","Clothesline","Perfected Strike"],"picked":"SKIP","floor":28},{"not_picked":["Havoc","Armaments","Wild Strike","Infernal Blade"],"picked":"SKIP","floor":30},{"not_picked":["Wild Strike+1","Clothesline","Sword Boomerang","Second Wind+1"],"picked":"SKIP","floor":31}],"player_experience":571296,"relics_obtained":[{"floor":6,"key":"Regal Pillow"},{"floor":9,"key":"Pen Nib"},{"floor":13,"key":"PreservedInsect"},{"floor":20,"key":"Shuriken"},{"floor":23,"key":"Gremlin Horn"},{"floor":26,"key":"Omamori"},{"floor":31,"key":"Bag of Marbles"}],"event_choices":[{"damage_healed":0,"gold_gain":0,"player_choice":"Rummage","damage_taken":0,"relics_obtained":["WarpedTongs"],"max_hp_gain":0,"max_hp_loss":0,"event_name":"Accursed Blacksmith","floor":2,"gold_loss":0,"cards_obtained":["Pain"]},{"damage_healed":0,"gold_gain":0,"player_choice":"Ignored","damage_taken":0,"max_hp_gain":0,"max_hp_loss":0,"event_name":"NoteForYourself","floor":8,"gold_loss":0},{"damage_healed":0,"gold_gain":0,"player_choice":"Became a vampire","damage_taken":0,"max_hp_gain":0,"max_hp_loss":25,"event_name":"Vampires","floor":19,"gold_loss":0,"cards_obtained":["Bite","Bite","Bite","Bite","Bite"]},{"damage_healed":0,"gold_gain":0,"player_choice":"Read","damage_taken":0,"max_hp_gain":0,"max_hp_loss":0,"event_name":"The Library","floor":22,"gold_loss":0,"cards_obtained":["Rage"]},{"damage_healed":0,"gold_gain":0,"player_choice":"Stole Relic","damage_taken":0,"relics_obtained":["Question Card"],"max_hp_gain":0,"max_hp_loss":0,"event_name":"Addict","floor":25,"gold_loss":0,"cards_obtained":["Shame"]},{"cards_removed":["Shame"],"damage_healed":0,"gold_gain":0,"player_choice":"Removed Curses","damage_taken":0,"max_hp_gain":0,"max_hp_loss":0,"event_name":"Fountain of Cleansing","floor":29,"gold_loss":0}],"is_beta":false,"boss_relics":[{"not_picked":["Fusion Hammer","Runic Pyramid"],"picked":"Black Blood"}],"items_purged_floors":[4,11,21],"is_endless":false,"potions_floor_spawned":[3,12,23,27,31],"killed_by":"Automaton","ascension_level":0}