{"gold_per_floor":[113,113,33,47,47,74,91,91,91,16,45,65,95,113,113,187,187,207,27,39,71,71,104,114,114,114,124,68,99,99,115,115,192,192,206,206,222,234,253,282,282,297,297,397,106,133,133,143,143,143,143,143,143,2,37,37],"floor_reached":57,"playtime":4936,"items_purged":["Strike_G","Strike_G","Strike_G"],"score":2949,"play_id":"8b69eeed-211c-46d8-9168-ec920431a38b","local_time":"20190519173014","is_ascension_mode":true,"campfire_choices":[{"floor":8.0,"key":"REST"},{"data":"Glass Knife","floor":15.0,"key":"SMITH"},{"floor":25.0,"key":"REST"},{"data":"Catalyst","floor":30.0,"key":"SMITH"},{"data":"Noxious Fumes","floor":32.0,"key":"SMITH"},{"floor":47,"key":"RECALL"},{"floor":49,"key":"REST"},{"data":"Footwork","floor":53,"key":"SMITH"}],"neow_cost":"NONE","seed_source_timestamp":13023389697798,"circlet_count":0,"master_deck":["AscendersBane","Defend_G","Defend_G","Defend_G","Defend_G","Defend_G","Survivor","Neutralize","PiercingWail","Corpse Explosion","Noxious Fumes+1","Dagger Throw","Well Laid Plans","Glass Knife+1","After Image","Calculated Gamble","Catalyst+1","Bullet Time","Acrobatics","Leg Sweep","Noxious Fumes","Predator","Backflip","Footwork+1","Blur","Night Terror","Predator","Dodge and Roll","The Bomb","Footwork+1","Footwork","Dodge and Roll","Acrobatics","Footwork+1"],"special_seed":0,"relics":["Ring of the Snake","Lantern","Ice Cream","Letter Opener","Pocketwatch","Tiny Chest","Snecko Eye","Red Mask","Dodecahedron","Thread and Needle","Pear","WristBlade","Calipers","Dead Branch","Art of War","Dream Catcher"],"potions_floor_usage":[55,56,56],"damage_taken":[{"damage":3.0,"enemies":"Cultist","floor":1.0,"turns":4.0},{"damage":0.0,"enemies":"2 Louse","floor":4.0,"turns":3.0},{"damage":34.0,"enemies":"Lagavulin","floor":6.0,"turns":8.0},{"damage":0.0,"enemies":"Jaw Worm","floor":7.0,"turns":3.0},{"damage":2.0,"enemies":"3 Sentries","floor":11.0,"turns":3.0},{"damage":0.0,"enemies":"Exordium Thugs","floor":12.0,"turns":5.0},{"damage":0.0,"enemies":"Looter","floor":14.0,"turns":4.0},{"damage":0.0,"enemies":"The Guardian","floor":16.0,"turns":8.0},{"damage":11.0,"enemies":"Shell Parasite","floor":18.0,"turns":3.0},{"damage":0.0,"enemies":"Chosen","floor":20.0,"turns":4.0},{"damage":0.0,"enemies":"Masked Bandits","floor":21.0,"turns":2.0},{"damage":4.0,"enemies":"Book of Stabbing","floor":23.0,"turns":5.0},{"damage":0.0,"enemies":"Centurion and Healer","floor":24.0,"turns":4.0},{"damage":0.0,"enemies":"Snake Plant","floor":27.0,"turns":3.0},{"damage":0.0,"enemies":"Slavers","floor":29.0,"turns":2.0},{"damage":4.0,"enemies":"Sentry and Sphere","floor":31.0,"turns":5.0},{"damage":6.0,"enemies":"Champ","floor":33.0,"turns":11.0},{"damage":0,"enemies":"3 Darklings","floor":35,"turns":3},{"damage":0,"enemies":"3 Shapes","floor":37,"turns":3},{"damage":0,"enemies":"Transient","floor":38,"turns":6},{"damage":11,"enemies":"Spire Growth","floor":39,"turns":4},{"damage":0,"enemies":"Reptomancer","floor":40,"turns":6},{"damage":0,"enemies":"Jaw Worm Horde","floor":42,"turns":3},{"damage":0,"enemies":"Mind Bloom Boss Battle","floor":44,"turns":3},{"damage":0,"enemies":"Nemesis","floor":46,"turns":7},{"damage":7,"enemies":"Writhing Mass","floor":48,"turns":6},{"damage":2,"enemies":"Awakened One","floor":50,"turns":22},{"damage":6,"enemies":"Time Eater","floor":51,"turns":8},{"damage":28,"enemies":"Shield and Spear","floor":55,"turns":7},{"damage":19,"enemies":"The Heart","floor":56,"turns":13}],"seed_played":"-8512303445612043010","potions_obtained":[{"floor":7.0,"key":"LiquidBronze"},{"floor":11.0,"key":"AttackPotion"},{"floor":14.0,"key":"LiquidBronze"},{"floor":16.0,"key":"Poison Potion"},{"floor":24.0,"key":"SteroidPotion"},{"floor":55,"key":"AttackPotion"}],"is_trial":false,"path_per_floor":["M","?","$","M","?","E","M","R","T","$","E","M","?","M","R","B",null,"M","$","M","?","?","E","M","R","T","M","$","E","R","M","R","B",null,"M","?","M","M","M","E","?","M","T","?","$","E","R","M","R","B","B",null,"R","$","E","B",null],"character_chosen":"THE_SILENT","items_purchased":["Noxious Fumes","Leg Sweep","Poison Potion","Art of War","Dodge and Roll","Acrobatics","PowerPotion"],"campfire_rested":3,"item_purchase_floors":[3,19,28,45,54,54,54],"current_hp_per_floor":[56,56,56,56,56,22,22,41,41,41,39,39,39,39,39,39,59,48,48,48,48,30,26,26,47,47,47,47,57,57,53,53,47,73,73,73,73,73,62,62,52,52,52,52,52,52,52,45,68,66,60,73,73,73,45,26],"gold":37,"neow_bonus":"RANDOM_COMMON_RELIC","is_prod":false,"is_daily":false,"chose_seed":false,"campfire_upgraded":4,"win_rate":0,"timestamp":1558279814,"path_taken":["M","?","$","?","?","E","M","R","T","?","E","M","?","?","R","BOSS","M","$","M","?","?","E","M","R","T","M","$","E","R","M","R","BOSS","M","?","M","M","M","E","?","?","T","?","?","E","R","M","R","BOSS","BOSS","R","$","E","BOSS"],"build_version":"2019-01-23","purchased_purges":3,"victory":true,"max_hp_per_floor":[66,66,66,66,66,66,66,66,66,66,66,66,66,66,66,66,66,66,66,66,66,71,71,71,71,71,71,71,81,81,81,81,81,81,81,77,77,77,77,77,77,77,77,77,77,77,77,77,77,77,77,77,77,77,77,77],"card_choices":[{"not_picked":["Prepared","Deflect"],"picked":"PiercingWail","floor":1.0},{"not_picked":["Backflip","Bane"],"picked":"Dagger Throw","floor":4.0},{"not_picked":["PiercingWail","Blade Dance"],"picked":"Well Laid Plans","floor":6.0},{"not_picked":["Quick Slash","Expertise"],"picked":"Glass Knife","floor":7.0},{"not_picked":["Bane","Acrobatics"],"picked":"After Image","floor":11.0},{"not_picked":["Quick Slash","Flying Knee"],"picked":"Calculated Gamble","floor":12.0},{"not_picked":["Dagger Throw","Flying Knee"],"picked":"Catalyst","floor":14.0},{"not_picked":["Storm of Steel","Tools of the Trade"],"picked":"Bullet Time","floor":16.0},{"not_picked":["Heel Hook","Sucker Punch"],"picked":"Acrobatics","floor":18.0},{"not_picked":["Heel Hook+1","Prepared","Tactician"],"picked":"SKIP","floor":20.0},{"not_picked":["Underhanded Strike","Caltrops"],"picked":"Noxious Fumes","floor":21.0},{"not_picked":["Dagger Spray+1","Deflect"],"picked":"Predator","floor":23.0},{"not_picked":["Skewer+1","Reflex"],"picked":"Backflip","floor":24.0},{"not_picked":["Acrobatics","Infinite Blades"],"picked":"Footwork","floor":27.0},{"not_picked":["Skewer","Reflex"],"picked":"Blur","floor":29.0},{"not_picked":["Choke","Finisher","Blade Dance"],"picked":"SKIP","floor":31.0},{"not_picked":["Tools of the Trade","Glass Knife"],"picked":"Night Terror","floor":33.0},{"not_picked":["Well Laid Plans","Slice","Heel Hook"],"picked":"SKIP","floor":35},{"not_picked":["Outmaneuver","Accuracy","Sucker Punch"],"picked":"SKIP","floor":37},{"not_picked":["Bouncing Flask","Quick Slash"],"picked":"Predator","floor":38},{"not_picked":["Quick Slash+1","Backstab"],"picked":"Dodge and Roll","floor":39},{"not_picked":["Quick Slash+1","Slice+1","Tactician"],"picked":"SKIP","floor":40},{"not_picked":["Quick Slash+1","Slice+1","Tactician"],"picked":"SKIP","floor":40},{"not_picked":["Mind Blast","Discovery"],"picked":"The Bomb","floor":41},{"not_picked":["Flying Knee+1","Flechettes"],"picked":"Footwork+1","floor":42},{"not_picked":["Deadly Poison","Dagger Spray+1"],"picked":"Footwork","floor":44},{"not_picked":["Endless Agony+1","Sucker Punch","Masterful Stab"],"picked":"SKIP","floor":46},{"not_picked":["Dash","Endless Agony","Quick Slash+1"],"picked":"SKIP","floor":48},{"not_picked":["Tactician","Venomology"],"picked":"Footwork+1","floor":55}],"player_experience":1231752,"relics_obtained":[{"floor":6.0,"key":"Ice Cream"},{"floor":9.0,"key":"Letter Opener"},{"floor":11.0,"key":"Pocketwatch"},{"floor":21.0,"key":"Red Mask"},{"floor":23.0,"key":"Dodecahedron"},{"floor":26.0,"key":"Thread and Needle"},{"floor":29.0,"key":"Pear"},{"floor":40,"key":"Calipers"},{"floor":44,"key":"Dead Branch"},{"floor":46,"key":"Dream Catcher"}],"event_choices":[{"damage_healed":0.0,"max_hp_gain":0.0,"max_hp_loss":0.0,"gold_gain":0.0,"cards_transformed":["Strike_G"],"event_name":"Transmorgrifier","player_choice":"Transformed","floor":2.0,"gold_loss":0.0,"damage_taken":0.0,"cards_obtained":["Corpse Explosion"]},{"cards_removed":["Strike_G"],"damage_healed":0.0,"max_hp_gain":0.0,"max_hp_loss":0.0,"gold_gain":0.0,"event_name":"Purifier","player_choice":"Purged","floor":5.0,"gold_loss":0.0,"damage_taken":0.0},{"damage_healed":0.0,"max_hp_gain":0.0,"max_hp_loss":0.0,"gold_gain":0.0,"event_name":"WeMeetAgain","player_choice":"Gave Potion","floor":13.0,"gold_loss":0.0,"damage_taken":0.0,"relics_obtained":["Tiny Chest"]},{"damage_healed":0.0,"max_hp_gain":0.0,"max_hp_loss":0.0,"gold_gain":0.0,"event_name":"Masked Bandits","player_choice":"Fought Bandits","floor":21.0,"gold_loss":0.0,"damage_taken":0.0},{"damage_healed":0.0,"max_hp_gain":5.0,"max_hp_loss":0.0,"gold_gain":0.0,"event_name":"Forgotten Altar","player_choice":"Shed Blood","floor":22.0,"gold_loss":0.0,"damage_taken":23.0},{"damage_healed":0,"gold_gain":0,"player_choice":"Max HP","damage_taken":0,"max_hp_gain":0,"max_hp_loss":4,"event_name":"Winding Halls","floor":36,"gold_loss":0},{"damage_healed":0,"gold_gain":0,"player_choice":"Memory 3","damage_taken":10,"max_hp_gain":0,"max_hp_loss":0,"event_name":"SensoryStone","floor":41,"gold_loss":0},{"damage_healed":0,"gold_gain":0,"player_choice":"Fight","damage_taken":0,"max_hp_gain":0,"max_hp_loss":0,"event_name":"MindBloom","floor":44,"gold_loss":0}],"is_beta":false,"boss_relics":[{"not_picked":["Coffee Dripper","Cursed Key"],"picked":"Snecko Eye"},{"not_picked":["Velvet Choker","Calling Bell"],"picked":"WristBlade"}],"items_purged_floors":[10,19,45],"is_endless":false,"potions_floor_spawned":[7,11,14,16,18,24,31,35,37,40,42,44,55],"ascension_level":20}