{"gold_per_floor":[118,118,118,131,56,56,69,69,69,69,88,115,115,150,150,150],"floor_reached":16,"playtime":405,"items_purged":["Pain"],"score":216,"play_id":"9323011e-a276-4207-bac5-30d95e7bb784","local_time":"20190615203401","is_ascension_mode":true,"campfire_choices":[{"data":"Genetic Algorithm","floor":6,"key":"SMITH"},{"data":"Zap","floor":8,"key":"SMITH"},{"floor":10,"key":"REST"},{"floor":13,"key":"REST"},{"data":"Coolheaded","floor":15,"key":"SMITH"}],"neow_cost":"NONE","seed_source_timestamp":31912570204018,"circlet_count":0,"master_deck":["AscendersBane","Strike_B","Strike_B","Strike_B","Strike_B","Defend_B","Defend_B","Defend_B","Defend_B","Zap+1","Dualcast","Compile Driver","Genetic Algorithm+1","Rainbow","White Noise","Self Repair","Coolheaded+1"],"relics":["Cracked Core","NeowsBlessing","Anchor","WarpedTongs","Pantograph","Molten Egg 2","Bag of Marbles"],"potions_floor_usage":[12,12],"damage_taken":[{"damage":0,"enemies":"2 Louse","floor":1,"turns":1},{"damage":0,"enemies":"Jaw Worm","floor":4,"turns":1},{"damage":0,"enemies":"Cultist","floor":7,"turns":1},{"damage":0,"enemies":"Blue Slaver","floor":11,"turns":3},{"damage":35,"enemies":"Gremlin Nob","floor":12,"turns":4},{"damage":24,"enemies":"Lagavulin","floor":14,"turns":6},{"damage":44,"enemies":"Hexaghost","floor":16,"turns":9}],"seed_played":"7145580680378975257","potions_obtained":[{"floor":4,"key":"FearPotion"},{"floor":11,"key":"Block Potion"}],"is_trial":false,"path_per_floor":["M","?","?","M","$","R","M","R","T","R","M","E","R","E","R","B"],"character_chosen":"DEFECT","items_purchased":[],"campfire_rested":2,"item_purchase_floors":[],"current_hp_per_floor":[64,29,29,29,29,29,29,29,29,50,50,15,36,19,19,0],"gold":150,"neow_bonus":"THREE_ENEMY_KILL","is_prod":false,"is_daily":false,"chose_seed":false,"campfire_upgraded":3,"win_rate":0,"timestamp":1560623641,"path_taken":["M","?","?","?","$","R","M","R","T","R","M","E","R","E","R","BOSS"],"build_version":"2019-01-23","purchased_purges":1,"victory":false,"max_hp_per_floor":[71,71,71,71,71,71,71,71,71,71,71,71,71,71,71,71],"card_choices":[{"not_picked":["Turbo","Stack"],"picked":"Compile Driver","floor":1},{"not_picked":["Doom and Gloom","Leap"],"picked":"Genetic Algorithm","floor":4},{"not_picked":["Redo","Steam"],"picked":"Rainbow","floor":7},{"not_picked":["Streamline","Rebound"],"picked":"White Noise","floor":11},{"not_picked":["Auto Shields","Barrage"],"picked":"Self Repair","floor":12},{"not_picked":["Rainbow","Barrage+1"],"picked":"Coolheaded","floor":14}],"player_experience":1362522,"relics_obtained":[{"floor":9,"key":"Pantograph"},{"floor":12,"key":"Molten Egg 2"},{"floor":14,"key":"Bag of Marbles"}],"event_choices":[{"damage_healed":0,"gold_gain":0,"player_choice":"Success","damage_taken":35,"relics_obtained":["Anchor"],"max_hp_gain":0,"max_hp_loss":0,"event_name":"Scrap Ooze","floor":2,"gold_loss":0},{"damage_healed":0,"gold_gain":0,"player_choice":"Rummage","damage_taken":0,"relics_obtained":["WarpedTongs"],"max_hp_gain":0,"max_hp_loss":0,"event_name":"Accursed Blacksmith","floor":3,"gold_loss":0,"cards_obtained":["Pain"]}],"is_beta":false,"boss_relics":[],"items_purged_floors":[5],"is_endless":false,"potions_floor_spawned":[4,11],"killed_by":"Hexaghost","ascension_level":20}