{"path_per_floor":["M","M","?","?","$","E","M","M","T","R","?","$","R","E","R","B",null,"M","M","?","M","?","R","E","M","T","R","M","M","$","M","R","B",null,"M","M","?","?","T","R","?","R","T","M","M"],"character_chosen":"THE_SILENT","items_purchased":["Happy Flower","Dagger Spray","Noxious Fumes","Anchor","Good Instincts","Dodge and Roll"],"gold_per_floor":[215,227,227,277,7,40,60,71,71,71,71,34,34,65,65,164,164,175,185,185,196,196,196,230,248,271,271,283,303,18,38,38,141,141,160,175,175,0,300,300,300,300,300,320,331],"floor_reached":46,"campfire_rested":5,"playtime":4118,"current_hp_per_floor":[70,70,70,70,70,66,66,66,66,66,50,50,74,62,80,43,80,80,64,64,64,64,80,66,69,69,69,69,67,67,67,80,50,80,80,63,63,63,63,80,80,80,80,63,43],"items_purged":["Injury"],"gold":331,"play_id":"c17f2934-068e-4965-93f0-d0ad37b0b4ca","is_prod":false,"is_daily":false,"is_ascension_mode":false,"campfire_upgraded":3,"path_taken":["M","M","?","?","$","E","M","M","T","R","?","?","R","E","R","BOSS","M","?","?","M","?","R","E","M","T","R","?","M","$","M","R","BOSS","M","M","?","?","?","R","?","R","T","?","M","E"],"build_version":"2018-01-25-PROD3","purchased_purges":1,"victory":false,"master_deck":["Defend_G+1","Defend_G+1","Defend_G+1","Defend_G+1","Defend_G+1","Strike_G+1","Strike_G+1","Strike_G+1","Strike_G+1","Strike_G+1","Survivor","Neutralize","Slice+1","Trip","Die Die Die","Dagger Spray","Deadly Poison","Leg Sweep+1","Masterful Stab","Noxious Fumes+1","All Out Attack","Adrenaline+1","Flechettes+1","Slice","Slice+1","Flying Knee","Distraction+1","After Image","Outmaneuver","Skewer","Good Instincts","Dodge and Roll","Catalyst","Dash","Burst","Quick Slash+1","Blur","Footwork","Terror","Skewer+1"],"max_hp_per_floor":[70,70,70,70,70,80,80,80,80,80,80,80,80,80,80,80,80,80,80,80,80,80,80,80,80,80,80,80,80,80,80,80,80,80,80,80,80,80,80,80,80,80,80,80,80],"relics":["Ring of the Snake","Happy Flower","Pear","Toolbox","Thread and Needle","The Specimen","Tough Bandages","Dream Catcher","Anchor","Black Star","Red Mask","Old Coin","Bottled Flame"],"card_choices":[{"not_picked":["PiercingWail","Crippling Poison"],"picked":"Footwork"},{"not_picked":["Footwork","Bane"],"picked":"Slice"},{"not_picked":["Quick Slash","Dodge and Roll"],"picked":"Deadly Poison"},{"not_picked":["PiercingWail","Acrobatics"],"picked":"Leg Sweep"},{"not_picked":["Malaise","Flying Knee"],"picked":"Masterful Stab"},{"not_picked":["Backflip","Quick Slash"],"picked":"All Out Attack"},{"not_picked":["A Thousand Cuts","Burst"],"picked":"Adrenaline"},{"not_picked":["Slice","Sucker Punch"],"picked":"Flechettes"},{"not_picked":["Skewer","Quick Slash"],"picked":"Slice"},{"not_picked":["Prepared","Deadly Poison"],"picked":"Flying Knee"},{"not_picked":["Deadly Poison","Bane"],"picked":"Distraction"},{"not_picked":["Sucker Punch","Dagger Throw"],"picked":"After Image"},{"not_picked":["Flying Knee","Malaise"],"picked":"Outmaneuver"},{"not_picked":["Eviscerate","Flying Knee"],"picked":"Skewer"},{"not_picked":["Dodge and Roll","Dagger Spray"],"picked":"Catalyst"},{"not_picked":["Poisoned Stab","Blade Dance"],"picked":"Dash"},{"not_picked":["After Image","Wraith Form"],"picked":"Burst"},{"not_picked":["Sucker Punch","Crippling Poison"],"picked":"Quick Slash"},{"not_picked":["Acrobatics","Predator"],"picked":"Blur"},{"not_picked":["Distraction","Dash"],"picked":"Footwork"},{"not_picked":["Blur","Slice"],"picked":"Terror"},{"not_picked":["Acrobatics","Eviscerate"],"picked":"Skewer"}],"player_experience":28542,"potions_floor_usage":[45,46],"damage_taken":[{"damage":0.0,"enemies":"2 Louse","floor":1.0,"turns":5.0},{"damage":0.0,"enemies":"Blue Slaver","floor":2.0,"turns":6.0},{"damage":23.0,"enemies":"Lagavulin","floor":6.0,"turns":9.0},{"damage":0.0,"enemies":"Cultist","floor":7.0,"turns":3.0},{"damage":0.0,"enemies":"Looter","floor":8.0,"turns":2.0},{"damage":16.0,"enemies":"3 Sentries","floor":14.0,"turns":4.0},{"damage":37.0,"enemies":"Hexaghost","floor":16.0,"turns":11.0},{"damage":0.0,"enemies":"Spheric Guardian","floor":18.0,"turns":7.0},{"damage":16.0,"enemies":"Chosen","floor":19.0,"turns":4.0},{"damage":0.0,"enemies":"Centurion and Healer","floor":21.0,"turns":4.0},{"damage":14.0,"enemies":"Slavers","floor":24.0,"turns":3.0},{"damage":1.0,"enemies":"3 Cultists","floor":25.0,"turns":4.0},{"damage":0.0,"enemies":"Snake Plant","floor":28.0,"turns":5.0},{"damage":2.0,"enemies":"Snecko","floor":29.0,"turns":4.0},{"damage":0.0,"enemies":"Slaver and Parasite","floor":31.0,"turns":6.0},{"damage":30.0,"enemies":"Automaton","floor":33.0,"turns":13.0},{"damage":0.0,"enemies":"Orb Walker","floor":35.0,"turns":5.0},{"damage":17.0,"enemies":"3 Darklings","floor":36.0,"turns":6.0},{"damage":17.0,"enemies":"4 Shapes","floor":44.0,"turns":7.0},{"damage":20,"enemies":"Sphere and 2 Shapes","floor":45,"turns":4},{"damage":59,"enemies":"Giant Head","floor":46,"turns":8}],"event_choices":[{"event_name":"Match and Keep!","player_choice":"3 cards matched","floor":3.0,"damage_taken":0.0},{"event_name":"Golden Wing","player_choice":"Gained Gold","floor":4.0,"damage_taken":0.0},{"event_name":"Shining Light","player_choice":"Entered Light","floor":11.0,"damage_taken":0.0},{"event_name":"Duplicator","player_choice":"One dupe","floor":20.0,"damage_taken":0.0},{"event_name":"Back to Basics","player_choice":"Simplicity","floor":22.0,"damage_taken":0.0},{"event_name":"Upgrade Shrine","player_choice":"Upgraded","floor":37.0,"damage_taken":0.0},{"event_name":"Tomb of Lord Red Mask","player_choice":"Paid","floor":38.0,"damage_taken":0.0}],"boss_relics":[],"potions_floor_spawned":[2,14,21,24,25,31,33,44,45],"seed_played":"9093175796935064034","killed_by":"Giant Head","ascension_level":0,"is_trial":false}