{"gold_per_floor":[119,119,119,129,44,75,75,109,109,109,109,2,29,44,44,120,120,132,2,2,2,2,29,29,58,58,76,76,76,96,96,96,96],"floor_reached":33,"playtime":1269,"items_purged":[],"score":669,"play_id":"197c898b-3fd0-4d56-a45a-1b208e707488","local_time":"20190417223721","is_ascension_mode":true,"campfire_choices":[{"data":"Crippling Poison","floor":7,"key":"SMITH"},{"floor":10,"key":"REST"},{"data":"Noxious Fumes","floor":15,"key":"SMITH"},{"data":"Footwork","floor":24,"key":"SMITH"},{"data":"Neutralize","floor":29,"key":"SMITH"},{"floor":32,"key":"REST"}],"neow_cost":"NONE","seed_source_timestamp":39404967379384,"circlet_count":0,"master_deck":["AscendersBane","Defend_G","Defend_G","Defend_G","Defend_G","Defend_G","Strike_G","Strike_G","Strike_G","Strike_G","Survivor","Neutralize+1","Dagger Throw","Crippling Poison+1","Poisoned Stab","Dodge and Roll","Poisoned Stab","PiercingWail","Noxious Fumes+1","PiercingWail","Footwork+1","Dodge and Roll","Bouncing Flask"],"relics":["Ring of the Snake","NeowsBlessing","Happy Flower","Strawberry","Singing Bowl","Vajra","Dodecahedron","Busted Crown","Meat on the Bone","Sundial","Paper Crane","Enchiridion"],"potions_floor_usage":[13,25,32,33],"damage_taken":[{"damage":0,"enemies":"2 Louse","floor":1,"turns":1},{"damage":0,"enemies":"Jaw Worm","floor":4,"turns":1},{"damage":0,"enemies":"Gremlin Nob","floor":6,"turns":1},{"damage":35,"enemies":"3 Sentries","floor":8,"turns":13},{"damage":9,"enemies":"Lagavulin","floor":13,"turns":8},{"damage":1,"enemies":"Small Slimes","floor":14,"turns":4},{"damage":15,"enemies":"Hexaghost","floor":16,"turns":8},{"damage":7,"enemies":"Chosen","floor":18,"turns":5},{"damage":7,"enemies":"Slavers","floor":23,"turns":5},{"damage":7,"enemies":"Book of Stabbing","floor":25,"turns":7},{"damage":11,"enemies":"Shell Parasite","floor":27,"turns":5},{"damage":0,"enemies":"Sentry and Sphere","floor":30,"turns":5},{"damage":64,"enemies":"Collector","floor":33,"turns":9}],"seed_played":"3713205334987870025","potions_obtained":[{"floor":8,"key":"SpeedPotion"},{"floor":14,"key":"Dexterity Potion"},{"floor":23,"key":"SpeedPotion"},{"floor":25,"key":"Fruit Juice"}],"is_trial":false,"path_per_floor":["M","?","?","M","$","E","R","E","T","R","?","$","E","M","R","B",null,"M","$","?","?","$","E","R","E","T","M","?","R","M","?","R","B"],"character_chosen":"THE_SILENT","items_purchased":["Crippling Poison","Poisoned Stab","PiercingWail","Footwork","Dodge and Roll"],"campfire_rested":2,"item_purchase_floors":[5,12,12,19,19],"current_hp_per_floor":[59,64,57,57,57,57,57,29,29,52,47,47,40,39,39,26,68,61,61,61,61,61,56,56,49,49,52,31,31,45,19,53,0],"gold":96,"neow_bonus":"THREE_ENEMY_KILL","is_prod":false,"is_daily":false,"chose_seed":false,"campfire_upgraded":4,"win_rate":0,"timestamp":1555533441,"path_taken":["M","?","?","M","$","E","R","E","T","R","?","$","E","M","R","BOSS","M","$","?","?","?","E","R","E","T","?","?","R","M","?","R","BOSS"],"build_version":"2019-01-23","purchased_purges":0,"victory":false,"max_hp_per_floor":[66,71,71,71,71,71,71,78,78,78,78,78,80,80,80,82,82,82,82,82,82,82,84,84,84,84,86,86,86,88,93,98,98],"card_choices":[{"not_picked":["Bane","Reflex","Prepared"],"picked":"SKIP","floor":1},{"not_picked":["Sucker Punch","Riddle With Holes"],"picked":"Dagger Throw","floor":4},{"not_picked":["Deflect","Wraith Form v2"],"picked":"Poisoned Stab","floor":6},{"not_picked":["Blade Dance","Reflex"],"picked":"Dodge and Roll","floor":8},{"not_picked":["Bane","Prepared","Slice"],"picked":"Singing Bowl","floor":13},{"not_picked":["Dodge and Roll","Caltrops"],"picked":"Noxious Fumes","floor":14},{"not_picked":["Die Die Die","Envenom","Night Terror"],"picked":"Singing Bowl","floor":16},{"not_picked":[],"picked":"PiercingWail","floor":18},{"not_picked":["Dagger Spray"],"picked":"Singing Bowl","floor":23},{"not_picked":[],"picked":"Bouncing Flask","floor":25},{"not_picked":["Blade Dance"],"picked":"Singing Bowl","floor":27},{"not_picked":["Concentrate"],"picked":"Singing Bowl","floor":30}],"player_experience":1164816,"relics_obtained":[{"floor":6,"key":"Happy Flower"},{"floor":8,"key":"Strawberry"},{"floor":9,"key":"Singing Bowl"},{"floor":13,"key":"Dodecahedron"},{"floor":23,"key":"Meat on the Bone"},{"floor":25,"key":"Sundial"},{"floor":26,"key":"Paper Crane"},{"floor":28,"key":"Enchiridion"}],"event_choices":[{"damage_healed":0,"gold_gain":0,"player_choice":"Donut","damage_taken":0,"max_hp_gain":5,"max_hp_loss":0,"event_name":"Big Fish","floor":2,"gold_loss":0},{"cards_removed":["Strike_G"],"damage_healed":0,"gold_gain":0,"player_choice":"Card Removal","damage_taken":7,"max_hp_gain":0,"max_hp_loss":0,"event_name":"Golden Wing","floor":3,"gold_loss":0},{"damage_healed":0,"gold_gain":0,"player_choice":"Success","damage_taken":5,"relics_obtained":["Vajra"],"max_hp_gain":0,"max_hp_loss":0,"event_name":"Scrap Ooze","floor":11,"gold_loss":0},{"damage_healed":0,"gold_gain":0,"player_choice":"Ignored","damage_taken":0,"max_hp_gain":0,"max_hp_loss":0,"event_name":"Beggar","floor":20,"gold_loss":0},{"damage_healed":0,"gold_gain":0,"player_choice":"Obtained Book","damage_taken":21,"max_hp_gain":0,"max_hp_loss":0,"event_name":"Cursed Tome","floor":28,"gold_loss":0},{"damage_healed":0,"gold_gain":0,"player_choice":"Shed Blood","damage_taken":31,"max_hp_gain":5,"max_hp_loss":0,"event_name":"Forgotten Altar","floor":31,"gold_loss":0}],"is_beta":false,"boss_relics":[{"not_picked":["Astrolabe","Black Star"],"picked":"Busted Crown"}],"items_purged_floors":[],"is_endless":false,"potions_floor_spawned":[8,14,23,25],"killed_by":"Collector","ascension_level":20}