{"gold_per_floor":[118,128,128,0,12,12,27,53,53,18,18,53,53,69,69,146,146,158,158,158,28,38,38],"floor_reached":23,"playtime":1162,"items_purged":["Pain"],"score":398,"play_id":"9b76eaa7-6474-4243-9c19-80795d0e5ef0","local_time":"20190328193150","is_ascension_mode":true,"campfire_choices":[{"data":"Zap","floor":6,"key":"SMITH"},{"data":"Creative AI","floor":13,"key":"SMITH"},{"data":"Hologram","floor":15,"key":"SMITH"}],"neow_cost":"NONE","seed_source_timestamp":23733731850257,"circlet_count":0,"master_deck":["AscendersBane","Strike_B","Strike_B+1","Strike_B","Strike_B+1","Defend_B","Defend_B","Defend_B","Defend_B","Zap+1","Dualcast","Cold Snap","Gash","Creative AI+1","All For One","Hologram+1","Fission","Cold Snap","Defragment","Coolheaded","Coolheaded"],"relics":["Cracked Core","WarpedTongs","Pen Nib","Whetstone","Gremlin Horn","Black Star","Enchiridion"],"potions_floor_usage":[2,8,12,16,16,23],"damage_taken":[{"damage":4,"enemies":"Small Slimes","floor":1,"turns":3},{"damage":0,"enemies":"Cultist","floor":2,"turns":3},{"damage":6,"enemies":"2 Louse","floor":5,"turns":2},{"damage":11,"enemies":"Looter","floor":7,"turns":3},{"damage":13,"enemies":"3 Sentries","floor":8,"turns":7},{"damage":3,"enemies":"Gremlin Nob","floor":12,"turns":3},{"damage":5,"enemies":"3 Louse","floor":14,"turns":2},{"damage":16,"enemies":"Slime Boss","floor":16,"turns":7},{"damage":0,"enemies":"Chosen","floor":18,"turns":3},{"damage":21,"enemies":"Colosseum Slavers","floor":19,"turns":4},{"damage":8,"enemies":"Shell Parasite","floor":22,"turns":5},{"damage":21,"enemies":"Slavers","floor":23,"turns":1}],"seed_played":"7061063939520963920","potions_obtained":[{"floor":1,"key":"Swift Potion"},{"floor":7,"key":"Fire Potion"},{"floor":8,"key":"FearPotion"},{"floor":14,"key":"Regen Potion"},{"floor":22,"key":"SkillPotion"}],"is_trial":false,"path_per_floor":["M","M","?","$","M","R","M","E","T","?","$","E","R","M","R","B",null,"M","?","?","$","M","E"],"character_chosen":"DEFECT","items_purchased":["Fire Potion","Defragment","Coolheaded"],"campfire_rested":0,"item_purchase_floors":[4,21,21],"current_hp_per_floor":[67,67,67,67,61,61,50,37,37,56,56,53,53,48,48,47,70,70,49,28,28,20,0],"gold":38,"neow_bonus":"TEN_PERCENT_HP_BONUS","is_prod":false,"is_daily":false,"chose_seed":false,"campfire_upgraded":3,"win_rate":0,"timestamp":1553797910,"path_taken":["M","M","?","$","?","R","M","E","T","?","$","E","R","M","R","BOSS","M","?","?","$","M","E"],"build_version":"2019-01-23","purchased_purges":1,"victory":false,"max_hp_per_floor":[78,78,78,78,78,78,78,78,78,78,78,78,78,78,78,78,78,78,78,78,78,78,78],"card_choices":[{"not_picked":["Blizzard","Stack","Beam Cell"],"picked":"SKIP","floor":1},{"not_picked":["Reprogram","Darkness"],"picked":"Cold Snap","floor":2},{"not_picked":["Force Field","Turbo","Stack"],"picked":"SKIP","floor":5},{"not_picked":["Leap","Loop"],"picked":"Gash","floor":7},{"not_picked":["Go for the Eyes","Lockon"],"picked":"Creative AI","floor":8},{"not_picked":["Sunder","Melter"],"picked":"All For One","floor":12},{"not_picked":["Sunder","Go for the Eyes"],"picked":"Hologram","floor":14},{"not_picked":["Hyperbeam","Machine Learning"],"picked":"Fission","floor":16},{"not_picked":["Barrage","Stack"],"picked":"Cold Snap","floor":18},{"not_picked":["Capacitor","Leap"],"picked":"Coolheaded","floor":22}],"player_experience":1060024,"relics_obtained":[{"floor":8,"key":"Pen Nib"},{"floor":9,"key":"Whetstone"},{"floor":12,"key":"Gremlin Horn"},{"floor":20,"key":"Enchiridion"}],"event_choices":[{"damage_healed":0,"gold_gain":0,"player_choice":"Rummage","damage_taken":0,"relics_obtained":["WarpedTongs"],"max_hp_gain":0,"max_hp_loss":0,"event_name":"Accursed Blacksmith","floor":3,"gold_loss":0,"cards_obtained":["Pain"]},{"damage_healed":19,"gold_gain":0,"player_choice":"Healed","damage_taken":0,"max_hp_gain":0,"max_hp_loss":0,"event_name":"The Cleric","floor":10,"gold_loss":35},{"damage_healed":0,"gold_gain":0,"player_choice":"Fight","damage_taken":0,"max_hp_gain":0,"max_hp_loss":0,"event_name":"Colosseum","floor":19,"gold_loss":0},{"damage_healed":0,"gold_gain":0,"player_choice":"Fled From Nobs","damage_taken":0,"max_hp_gain":0,"max_hp_loss":0,"event_name":"Colosseum","floor":19,"gold_loss":0},{"damage_healed":0,"gold_gain":0,"player_choice":"Obtained Book","damage_taken":21,"max_hp_gain":0,"max_hp_loss":0,"event_name":"Cursed Tome","floor":20,"gold_loss":0}],"is_beta":false,"boss_relics":[{"not_picked":["Tiny House","Lizard Tail"],"picked":"Black Star"}],"items_purged_floors":[4],"is_endless":false,"potions_floor_spawned":[1,7,8,14,22],"killed_by":"Slavers","ascension_level":20}