{"gold_per_floor":[119,119,20,40,40,40,51,51,51,67,67,96,96,128,128,202,202,215,230,14,31,31,31,63,63,63,94,112,112,144,155,155,232,232,245,245,245,17,27,60,60,88,161,173,187,187,201,201,201,201,201,201,201,21,50,50],"floor_reached":57,"playtime":4331,"items_purged":["Strike_G","Strike_G"],"score":2966,"play_id":"1e75650d-83fe-4bba-ad47-59f23676be1c","local_time":"20181126230717","is_ascension_mode":true,"campfire_choices":[{"data":"Neutralize","floor":6,"key":"SMITH"},{"data":"Footwork","floor":8,"key":"SMITH"},{"data":"Crippling Poison","floor":13,"key":"SMITH"},{"floor":15,"key":"REST"},{"floor":23,"key":"REST"},{"data":"Footwork","floor":25,"key":"SMITH"},{"floor":29,"key":"REST"},{"data":"Deadly Poison","floor":32,"key":"SMITH"},{"data":"After Image","floor":41,"key":"SMITH"},{"data":"Noxious Fumes","floor":46,"key":"SMITH"},{"floor":49,"key":"RECALL"},{"data":"Malaise","floor":53,"key":"SMITH"}],"neow_cost":"NONE","seed_source_timestamp":32005843435518,"circlet_count":0,"master_deck":["AscendersBane","Defend_G","Defend_G","Defend_G","Defend_G","Defend_G","Strike_G+1","Survivor","Neutralize+1","Bane+1","Malaise+1","Footwork+1","Flying Knee","After Image+1","Quick Slash","Crippling Poison+1","Blade Dance","Malaise","Blade Dance","Backflip","Backflip","Footwork+1","Backflip","Caltrops","Backstab","Deadly Poison+1","After Image+1","Noxious Fumes+1","Blur","Infinite Blades+1","Dash+1","Footwork","Deflect"],"relics":["Ring of the Snake","Art of War","Dead Branch","Turnip","Boot","Sozu","Bag of Marbles","Bronze Scales","Sundial","PreservedInsect","Whetstone","Eternal Feather","Gremlin Horn","Ornamental Fan","Mummified Hand","Thread and Needle","Bottled Lightning"],"potions_floor_usage":[12,14,24],"damage_taken":[{"damage":4,"enemies":"2 Louse","floor":1,"turns":4},{"damage":0,"enemies":"Cultist","floor":4,"turns":5},{"damage":4,"enemies":"Jaw Worm","floor":7,"turns":6},{"damage":0,"enemies":"2 Fungi Beasts","floor":10,"turns":5},{"damage":6,"enemies":"Lagavulin","floor":12,"turns":8},{"damage":20,"enemies":"Gremlin Nob","floor":14,"turns":4},{"damage":23,"enemies":"Slime Boss","floor":16,"turns":11},{"damage":3,"enemies":"Spheric Guardian","floor":18,"turns":8},{"damage":11,"enemies":"2 Thieves","floor":19,"turns":3},{"damage":5,"enemies":"Cultist and Chosen","floor":21,"turns":6},{"damage":11,"enemies":"Gremlin Leader","floor":24,"turns":8},{"damage":22,"enemies":"Slavers","floor":27,"turns":4},{"damage":1,"enemies":"Snake Plant","floor":28,"turns":5},{"damage":0,"enemies":"Gremlin Leader","floor":30,"turns":6},{"damage":0,"enemies":"Centurion and Healer","floor":31,"turns":6},{"damage":17,"enemies":"Automaton","floor":33,"turns":11},{"damage":0,"enemies":"3 Darklings","floor":35,"turns":4},{"damage":0,"enemies":"Orb Walker","floor":39,"turns":2},{"damage":0,"enemies":"Nemesis","floor":40,"turns":7},{"damage":28,"enemies":"Reptomancer","floor":42,"turns":6},{"damage":13,"enemies":"Maw","floor":44,"turns":7},{"damage":0,"enemies":"Jaw Worm Horde","floor":45,"turns":3},{"damage":0,"enemies":"Writhing Mass","floor":47,"turns":5},{"damage":0,"enemies":"Donu and Deca","floor":50,"turns":8},{"damage":3,"enemies":"Time Eater","floor":51,"turns":13},{"damage":46,"enemies":"Shield and Spear","floor":55,"turns":7},{"damage":19,"enemies":"The Heart","floor":56,"turns":11}],"seed_played":"-6822482966592876482","potions_obtained":[{"floor":1,"key":"Strength Potion"},{"floor":10,"key":"LiquidBronze"},{"floor":12,"key":"Fire Potion"}],"is_trial":false,"path_per_floor":["M","?","$","M","?","R","M","R","T","M","?","E","R","E","R","B",null,"M","M","$","M","?","R","E","R","T","E","M","R","E","M","R","B",null,"M","?","?","$","M","E","R","E","T","M","M","R","M","T","R","B","B",null,"R","$","E","B",null],"character_chosen":"THE_SILENT","items_purchased":["Footwork","Flying Knee","Bag of Marbles","Backflip","After Image","Footwork"],"campfire_rested":3,"item_purchase_floors":[3,3,20,20,38,54],"current_hp_per_floor":[55,55,55,55,55,55,51,51,51,51,51,45,45,25,44,21,55,52,41,41,36,36,55,44,44,44,22,21,40,40,40,40,23,55,55,55,55,55,55,55,66,38,38,25,25,43,43,43,61,61,58,64,66,66,20,1],"gold":50,"neow_bonus":"RANDOM_COMMON_RELIC","is_prod":false,"is_daily":false,"chose_seed":false,"campfire_upgraded":8,"win_rate":0,"timestamp":1543270037,"path_taken":["M","?","$","?","?","R","M","R","T","M","?","E","R","E","R","BOSS","M","M","$","?","?","R","E","R","T","E","?","R","E","M","R","BOSS","M","?","?","$","M","E","R","E","T","?","M","R","M","?","R","BOSS","BOSS","R","$","E","BOSS"],"build_version":"2018-11-15","purchased_purges":2,"victory":true,"max_hp_per_floor":[66,66,66,66,66,66,66,66,66,66,66,66,66,66,66,66,66,66,66,66,66,66,66,66,66,66,66,66,66,66,66,66,66,66,66,66,66,66,66,66,66,66,66,66,66,66,66,66,66,66,66,66,66,66,66,66],"card_choices":[{"not_picked":["Slice","PiercingWail"],"picked":"Bane","floor":1},{"not_picked":["Concentrate","Sucker Punch"],"picked":"After Image","floor":4},{"not_picked":["Dodge and Roll","Slice"],"picked":"Quick Slash","floor":7},{"not_picked":["Malaise","Quick Slash"],"picked":"Crippling Poison","floor":10},{"not_picked":["Prepared","Acrobatics","Flying Knee"],"picked":"SKIP","floor":12},{"not_picked":["Flying Knee","Quick Slash"],"picked":"Blade Dance","floor":14},{"not_picked":["Doppelganger","Burst"],"picked":"Malaise","floor":16},{"not_picked":["Riddle With Holes","Underhanded Strike"],"picked":"Blade Dance","floor":18},{"not_picked":["Slice","Eviscerate"],"picked":"Blade Dance","floor":19},{"not_picked":["Dagger Throw","Prepared"],"picked":"Backflip","floor":21},{"not_picked":["Well Laid Plans","Escape Plan"],"picked":"Footwork","floor":24},{"not_picked":["Glass Knife","Sucker Punch"],"picked":"Backflip","floor":27},{"not_picked":["All Out Attack","Bane"],"picked":"Caltrops","floor":28},{"not_picked":["Finisher","Predator"],"picked":"Backstab","floor":30},{"not_picked":["Dagger Spray+1","Flechettes"],"picked":"Deadly Poison","floor":31},{"not_picked":["Dagger Throw","Dagger Spray+1","Sucker Punch+1"],"picked":"SKIP","floor":35},{"not_picked":["Setup+1","Tactician+1","Underhanded Strike"],"picked":"SKIP","floor":39},{"not_picked":["Outmaneuver","Die Die Die","Dagger Spray+1"],"picked":"SKIP","floor":40},{"not_picked":["Underhanded Strike","Terror"],"picked":"Noxious Fumes","floor":42},{"not_picked":["Underhanded Strike","Deflect"],"picked":"Blur","floor":44},{"not_picked":["Prepared","Dagger Spray+1"],"picked":"Infinite Blades+1","floor":45},{"not_picked":["Dagger Throw","Blade Dance"],"picked":"Dash+1","floor":47},{"not_picked":["Poisoned Stab+1","Backstab+1"],"picked":"Deflect","floor":55}],"player_experience":619943,"relics_obtained":[{"floor":9,"key":"Dead Branch"},{"floor":12,"key":"Turnip"},{"floor":14,"key":"Boot"},{"floor":24,"key":"Bronze Scales"},{"floor":26,"key":"Sundial"},{"floor":27,"key":"PreservedInsect"},{"floor":30,"key":"Whetstone"},{"floor":40,"key":"Ornamental Fan"},{"floor":42,"key":"Mummified Hand"},{"floor":48,"key":"Thread and Needle"},{"floor":55,"key":"Bottled Lightning"}],"event_choices":[{"damage_healed":0,"gold_gain":0,"cards_transformed":["Strike_G"],"player_choice":"Transformed","damage_taken":0,"max_hp_gain":0,"max_hp_loss":0,"event_name":"Transmorgrifier","floor":2,"gold_loss":0,"cards_obtained":["Malaise"]},{"damage_healed":0,"gold_gain":0,"player_choice":"Ignored","damage_taken":0,"max_hp_gain":0,"max_hp_loss":0,"event_name":"Liars Game","floor":5,"gold_loss":0},{"cards_removed":["Strike_G"],"damage_healed":0,"gold_gain":0,"player_choice":"Offered Basic","damage_taken":0,"max_hp_gain":0,"max_hp_loss":0,"event_name":"Bonfire Elementals","floor":11,"gold_loss":0},{"damage_healed":0,"gold_gain":0,"player_choice":"Forge","damage_taken":0,"max_hp_gain":0,"max_hp_loss":0,"event_name":"Accursed Blacksmith","floor":22,"gold_loss":0,"cards_upgraded":["After Image"]},{"damage_healed":0,"gold_gain":0,"player_choice":"Ignored","damage_taken":0,"max_hp_gain":0,"max_hp_loss":0,"event_name":"Tomb of Lord Red Mask","floor":36,"gold_loss":0},{"cards_removed":["Blade Dance"],"damage_healed":0,"gold_gain":0,"player_choice":"Gave Card","damage_taken":0,"relics_obtained":["Gremlin Horn"],"max_hp_gain":0,"max_hp_loss":0,"event_name":"WeMeetAgain","floor":37,"gold_loss":0}],"is_beta":false,"boss_relics":[{"not_picked":["Astrolabe","WristBlade"],"picked":"Sozu"},{"not_picked":["Orrery","Calling Bell"],"picked":"Eternal Feather"}],"items_purged_floors":[38,54],"is_endless":false,"potions_floor_spawned":[1,10,12,24,27,28,39,40,55],"ascension_level":20}