{"gold_per_floor":[117,117,131,141,141,141,175,175,244,59,70,83,118,118,118,214,214,234,250,262,23,37,37],"floor_reached":23,"playtime":1219,"items_purged":[],"score":274,"play_id":"6b9b63c0-d06c-4fa1-b983-a30c23770a9a","local_time":"20190605115606","is_ascension_mode":true,"campfire_choices":[{"data":"Chaos","floor":6,"key":"SMITH"},{"data":"Zap","floor":8,"key":"SMITH"},{"data":"Dualcast","floor":15,"key":"SMITH"}],"neow_cost":"NONE","seed_source_timestamp":1569917063990449,"circlet_count":0,"master_deck":["Strike_B","Strike_B","Strike_B","Strike_B","Defend_B","Defend_B","Defend_B","Defend_B+1","Zap+1","Dualcast+1","Glacier+1","Zap+1","Chaos+1","Conserve Battery","Echo Form","Self Repair","Sunder+1","BootSequence","FTL","Creative AI","Ball Lightning+1","FTL","Consume","Defragment+1"],"relics":["Cracked Core","NeowsBlessing","War Paint","Dodecahedron","StoneCalendar","Inserter","Bottled Lightning"],"potions_floor_usage":[7,16,18,23],"damage_taken":[{"damage":0,"enemies":"Small Slimes","floor":1,"turns":1},{"damage":0,"enemies":"Cultist","floor":3,"turns":1},{"damage":0,"enemies":"2 Louse","floor":4,"turns":1},{"damage":13,"enemies":"3 Sentries","floor":7,"turns":5},{"damage":5,"enemies":"Gremlin Gang","floor":11,"turns":5},{"damage":0,"enemies":"2 Fungi Beasts","floor":12,"turns":3},{"damage":34,"enemies":"Gremlin Nob","floor":13,"turns":4},{"damage":7,"enemies":"The Guardian","floor":16,"turns":9},{"damage":31,"enemies":"3 Byrds","floor":18,"turns":5},{"damage":2,"enemies":"Chosen","floor":19,"turns":6},{"damage":3,"enemies":"Centurion and Healer","floor":20,"turns":7},{"damage":20,"enemies":"Snake Plant","floor":22,"turns":6},{"damage":50,"enemies":"Slavers","floor":23,"turns":5}],"seed_played":"8520308256962663369","potions_obtained":[{"floor":4,"key":"SkillPotion"},{"floor":12,"key":"Ancient Potion"},{"floor":13,"key":"AttackPotion"},{"floor":16,"key":"GamblersBrew"}],"is_trial":false,"path_per_floor":["M","?","M","M","?","R","E","R","T","$","M","M","E","?","R","B",null,"M","M","M","$","M","E"],"character_chosen":"DEFECT","items_purchased":["Self Repair","Sunder","BootSequence","Bottled Lightning"],"campfire_rested":0,"item_purchase_floors":[10,10,10,21],"current_hp_per_floor":[68,68,68,68,68,68,55,55,55,55,64,71,44,44,44,44,67,43,55,66,66,46,0],"gold":37,"neow_bonus":"THREE_ENEMY_KILL","is_prod":false,"is_daily":false,"chose_seed":false,"campfire_upgraded":3,"win_rate":0,"timestamp":1559746566,"path_taken":["M","?","M","?","?","R","E","R","T","$","M","M","E","?","R","BOSS","M","?","M","$","M","E"],"build_version":"2019-01-23","purchased_purges":0,"victory":false,"max_hp_per_floor":[75,75,75,75,75,75,75,75,75,75,75,75,75,75,75,75,75,75,75,75,75,75,75],"card_choices":[{"not_picked":["Conserve Battery","Coolheaded"],"picked":"Glacier","floor":1},{"not_picked":["Ball Lightning","Leap"],"picked":"Conserve Battery","floor":3},{"not_picked":["Steam","Cold Snap"],"picked":"Echo Form","floor":4},{"not_picked":["Redo","Stack","Sweeping Beam"],"picked":"SKIP","floor":7},{"not_picked":["Hologram","Fission"],"picked":"FTL","floor":11},{"not_picked":["Compile Driver","Conserve Battery","Heatsinks"],"picked":"SKIP","floor":12},{"not_picked":["Conserve Battery","Tempest","Steam Power"],"picked":"SKIP","floor":13},{"not_picked":["Core Surge","Machine Learning"],"picked":"Creative AI","floor":16},{"not_picked":["Sweeping Beam+1","Go for the Eyes"],"picked":"Ball Lightning+1","floor":18},{"not_picked":["Lockon","Streamline+1"],"picked":"FTL","floor":19},{"not_picked":["Chaos","Recycle"],"picked":"Consume","floor":20},{"not_picked":["Hello World","Compile Driver"],"picked":"Defragment+1","floor":22}],"player_experience":916616,"relics_obtained":[{"floor":7,"key":"War Paint"},{"floor":9,"key":"Dodecahedron"},{"floor":13,"key":"StoneCalendar"}],"event_choices":[{"damage_healed":0,"gold_gain":0,"player_choice":"2 cards matched","damage_taken":0,"max_hp_gain":0,"max_hp_loss":0,"event_name":"Match and Keep!","floor":2,"gold_loss":0,"cards_obtained":["Zap","Chaos"]},{"damage_healed":0,"gold_gain":0,"player_choice":"Grow","damage_taken":0,"max_hp_gain":0,"max_hp_loss":0,"event_name":"Living Wall","floor":5,"gold_loss":0,"cards_upgraded":["Glacier"]},{"damage_healed":0,"gold_gain":0,"player_choice":"Upgraded","damage_taken":0,"max_hp_gain":0,"max_hp_loss":0,"event_name":"Upgrade Shrine","floor":14,"gold_loss":0,"cards_upgraded":["Sunder"]}],"is_beta":false,"boss_relics":[{"not_picked":["Coffee Dripper","Eternal Feather"],"picked":"Inserter"}],"items_purged_floors":[],"is_endless":false,"potions_floor_spawned":[4,12,13,16],"killed_by":"Slavers","ascension_level":7}