{"gold_per_floor":[114,114,39,54,65,65,97,97,148,182,93,93,120,136,136,233,233,248,248,248,264,282,282],"floor_reached":23,"playtime":1388,"items_purged":["Defend_G","Strike_G"],"score":224,"play_id":"34f899f9-70c6-4274-a8f2-5bfdb9a030b5","local_time":"20190309144028","is_ascension_mode":false,"campfire_choices":[{"floor":6,"key":"RECALL"},{"data":"Neutralize","floor":8,"key":"SMITH"},{"floor":15,"key":"REST"}],"neow_cost":"NONE","seed_source_timestamp":666566428825925,"circlet_count":0,"master_deck":["Defend_G+1","Defend_G+1","Defend_G+1","Defend_G+1","Strike_G+1","Strike_G+1","Strike_G+1","Survivor","Neutralize+1","Underhanded Strike","Dash","Heel Hook","Reflex+1","Masterful Stab","Masterful Stab","Unload","Setup+1","PiercingWail"],"relics":["Ring of the Snake","Potion Belt","Smiling Mask","Dodecahedron","Oddly Smooth Stone","Black Star"],"potions_floor_usage":[7,10,10,21],"damage_taken":[{"damage":0,"enemies":"Jaw Worm","floor":1,"turns":8},{"damage":0,"enemies":"Small Slimes","floor":4,"turns":3},{"damage":0,"enemies":"2 Louse","floor":5,"turns":5},{"damage":0,"enemies":"3 Sentries","floor":7,"turns":12},{"damage":16,"enemies":"Lagavulin","floor":10,"turns":10},{"damage":2,"enemies":"Large Slime","floor":14,"turns":5},{"damage":4,"enemies":"The Guardian","floor":16,"turns":16},{"damage":0,"enemies":"Chosen","floor":18,"turns":3},{"damage":0,"enemies":"2 Thieves","floor":21,"turns":4},{"damage":13,"enemies":"Cultist and Chosen","floor":22,"turns":8},{"damage":66,"enemies":"Gremlin Leader","floor":23,"turns":7}],"seed_played":"5603739705074359710","potions_obtained":[{"floor":4,"key":"EssenceOfSteel"},{"floor":5,"key":"SteroidPotion"},{"floor":7,"key":"SkillPotion"},{"floor":10,"key":"Block Potion"}],"is_trial":false,"path_per_floor":["M","?","$","M","M","R","E","R","T","E","$","?","T","M","R","B",null,"M","?","?","M","M","E"],"character_chosen":"THE_SILENT","items_purchased":["Masterful Stab"],"campfire_rested":1,"item_purchase_floors":[11],"current_hp_per_floor":[77,70,70,70,70,70,70,70,70,54,54,39,39,37,60,56,77,77,77,77,77,64,0],"gold":282,"neow_bonus":"TEN_PERCENT_HP_BONUS","is_prod":false,"is_daily":false,"chose_seed":false,"campfire_upgraded":1,"win_rate":0,"timestamp":1552156828,"path_taken":["M","?","$","M","M","R","E","R","T","E","$","?","?","M","R","BOSS","M","?","?","M","M","E"],"build_version":"2019-01-23","purchased_purges":2,"victory":false,"max_hp_per_floor":[77,77,77,77,77,77,77,77,77,77,77,77,77,77,77,77,77,77,77,77,77,77,77],"card_choices":[{"not_picked":["Quick Slash","Slice"],"picked":"Underhanded Strike","floor":1},{"not_picked":["Deflect","All Out Attack","Catalyst"],"picked":"SKIP","floor":4},{"not_picked":["Terror","Masterful Stab"],"picked":"Dash","floor":5},{"not_picked":["Slice","Dagger Throw"],"picked":"Heel Hook","floor":7},{"not_picked":["Infinite Blades","Slice"],"picked":"Reflex","floor":10},{"not_picked":["Setup","Dodge and Roll"],"picked":"Masterful Stab","floor":14},{"not_picked":["Night Terror","Wraith Form v2"],"picked":"Unload","floor":16},{"not_picked":["Riddle With Holes+1","Blade Dance"],"picked":"Setup+1","floor":18},{"not_picked":["Dodge and Roll+1","Terror"],"picked":"PiercingWail","floor":21},{"not_picked":["Glass Knife","Dodge and Roll+1","Distraction"],"picked":"SKIP","floor":22}],"player_experience":481532,"relics_obtained":[{"floor":7,"key":"Potion Belt"},{"floor":9,"key":"Smiling Mask"},{"floor":10,"key":"Dodecahedron"},{"floor":13,"key":"Oddly Smooth Stone"}],"event_choices":[{"cards_removed":["Strike_G"],"damage_healed":0,"gold_gain":0,"player_choice":"Card Removal","damage_taken":7,"max_hp_gain":0,"max_hp_loss":0,"event_name":"Golden Wing","floor":2,"gold_loss":0},{"damage_healed":0,"gold_gain":0,"player_choice":"Entered Light","damage_taken":15,"max_hp_gain":0,"max_hp_loss":0,"event_name":"Shining Light","floor":12,"gold_loss":0,"cards_upgraded":["Defend_G","Reflex"]},{"damage_healed":0,"gold_gain":0,"player_choice":"Ignored","damage_taken":0,"max_hp_gain":0,"max_hp_loss":0,"event_name":"Ghosts","floor":19,"gold_loss":0},{"damage_healed":0,"gold_gain":0,"player_choice":"Simplicity","damage_taken":0,"max_hp_gain":0,"max_hp_loss":0,"event_name":"Back to Basics","floor":20,"gold_loss":0,"cards_upgraded":["Defend_G","Defend_G","Defend_G","Strike_G","Strike_G","Strike_G"]}],"is_beta":false,"boss_relics":[{"not_picked":["Velvet Choker","Philosopher\u0027s Stone"],"picked":"Black Star"}],"items_purged_floors":[3,11],"is_endless":false,"potions_floor_spawned":[4,5,7,10],"killed_by":"Gremlin Leader","ascension_level":0}