{"gold_per_floor":[117,132,149,168,186,186,186,216,288,298,32,32,32,51,51,151,151,151,151,151,151,151,151,151,151,151,151,151,151,151,151,151,151,151,151,151,151,151,151,151,151,151,151,151,151,151,151,151,151,151,151,151,7,7,7],"floor_reached":55,"playtime":4029,"items_purged":["Decay"],"score":1203,"play_id":"cda11b45-fb2b-4a1e-84ff-e7f048cea714","local_time":"20190617221543","is_ascension_mode":true,"campfire_choices":[{"data":"Havoc","floor":6.0,"key":"SMITH"},{"floor":13.0,"key":"REST"},{"floor":15.0,"key":"REST"},{"floor":24.0,"key":"REST"},{"data":"Fire Breathing","floor":28,"key":"SMITH"},{"data":"Havoc","floor":32,"key":"SMITH"},{"floor":40,"key":"RECALL"},{"data":"Pommel Strike","floor":46,"key":"SMITH"},{"data":"Demon Form","floor":49,"key":"SMITH"},{"floor":52,"key":"REST"}],"neow_cost":"CURSE","seed_source_timestamp":0,"circlet_count":0,"master_deck":["Strike_R+1","Strike_R+1","Strike_R+1","Strike_R+1","Defend_R+1","Defend_R+1","Defend_R+1","Defend_R+1","Bash","Fire Breathing+1","Inflame","Carnage","Havoc+1","Cleave","Sever Soul","Inflame","Thunderclap","Thunderclap","Reaper","Pommel Strike+1","Whirlwind","Pommel Strike+1","Ghostly Armor+1","Warcry+1","Intimidate+1","Havoc+1","Shrug It Off","Immolate","Sword Boomerang+1","Shrug It Off+1","Cleave+1","Seeing Red+1","Clash+1","Twin Strike+1","Headbutt","Demon Form+1","Twin Strike","Heavy Blade+1","Reckless Charge"],"special_seed":0,"relics":["Black Blood","PreservedInsect","Dead Branch","Matryoshka","Brimstone","Ectoplasm","Bag of Marbles","Torii","War Paint","Mummified Hand","StoneCalendar","Pen Nib","Lantern","Art of War","Strawberry","Potion Belt","Happy Flower","Centennial Puzzle"],"potions_floor_usage":[30,30,33,50,50,50,55],"damage_taken":[{"damage":12.0,"enemies":"Cultist","floor":1.0,"turns":5.0},{"damage":10.0,"enemies":"Jaw Worm","floor":2.0,"turns":5.0},{"damage":8.0,"enemies":"Small Slimes","floor":3.0,"turns":4.0},{"damage":19.0,"enemies":"Blue Slaver","floor":4.0,"turns":5.0},{"damage":17.0,"enemies":"Lots of Slimes","floor":5.0,"turns":4.0},{"damage":24.0,"enemies":"Gremlin Nob","floor":8.0,"turns":4.0},{"damage":7.0,"enemies":"Looter","floor":10.0,"turns":3.0},{"damage":13.0,"enemies":"Exordium Wildlife","floor":14.0,"turns":3.0},{"damage":79.0,"enemies":"Hexaghost","floor":16.0,"turns":6.0},{"damage":8.0,"enemies":"Spheric Guardian","floor":18.0,"turns":3.0},{"damage":25.0,"enemies":"Shell Parasite","floor":20.0,"turns":4.0},{"damage":27.0,"enemies":"Snake Plant","floor":21.0,"turns":2.0},{"damage":18.0,"enemies":"Slavers","floor":23.0,"turns":3.0},{"damage":32.0,"enemies":"Book of Stabbing","floor":25.0,"turns":3.0},{"damage":6,"enemies":"3 Cultists","floor":27,"turns":2},{"damage":37,"enemies":"Shelled Parasite and Fungi","floor":29,"turns":3},{"damage":15,"enemies":"Gremlin Leader","floor":30,"turns":3},{"damage":0,"enemies":"Centurion and Healer","floor":31,"turns":2},{"damage":42,"enemies":"Collector","floor":33,"turns":5},{"damage":6,"enemies":"Orb Walker","floor":35,"turns":1},{"damage":9,"enemies":"3 Darklings","floor":36,"turns":2},{"damage":4,"enemies":"4 Shapes","floor":37,"turns":2},{"damage":14,"enemies":"Spire Growth","floor":38,"turns":3},{"damage":0,"enemies":"Transient","floor":39,"turns":5},{"damage":0,"enemies":"Mind Bloom Boss Battle","floor":41,"turns":4},{"damage":3,"enemies":"Reptomancer","floor":42,"turns":3},{"damage":21,"enemies":"Giant Head","floor":44,"turns":4},{"damage":0,"enemies":"Jaw Worm Horde","floor":45,"turns":2},{"damage":1,"enemies":"Maw","floor":48,"turns":4},{"damage":140,"enemies":"Awakened One","floor":50,"turns":7},{"damage":65,"enemies":"Shield and Spear","floor":54,"turns":3},{"damage":103,"enemies":"The Heart","floor":55,"turns":5}],"seed_played":"-1106825497468821529","potions_obtained":[{"floor":2.0,"key":"Block Potion"},{"floor":3.0,"key":"Poison Potion"},{"floor":4.0,"key":"BloodPotion"},{"floor":8.0,"key":"SpeedPotion"},{"floor":16.0,"key":"Swift Potion"},{"floor":20.0,"key":"Fire Potion"},{"floor":25.0,"key":"SpeedPotion"},{"floor":27,"key":"GamblersBrew"},{"floor":29,"key":"AttackPotion"},{"floor":30,"key":"Poison Potion"},{"floor":33,"key":"SpeedPotion"},{"floor":36,"key":"FairyPotion"},{"floor":37,"key":"Poison Potion"},{"floor":45,"key":"Swift Potion"},{"floor":48,"key":"SpeedPotion"},{"floor":54,"key":"AttackPotion"}],"is_trial":false,"path_per_floor":["M","M","M","M","M","R","?","E","T","M","$","?","R","M","R","B",null,"M","?","M","M","?","E","R","E","T","M","R","M","E","M","R","B",null,"M","M","M","M","M","R","?","E","T","E","M","R","T","M","R","B",null,"R","$","E","B"],"character_chosen":"IRONCLAD","items_purchased":["Brimstone","Happy Flower"],"campfire_rested":4,"item_purchase_floors":[11,53],"current_hp_per_floor":[82,78,76,63,52,52,45,27,27,26,26,26,54,47,75,11,75,73,73,58,37,37,43,71,45,45,72,72,56,47,86,86,78,92,96,96,96,92,96,96,96,96,96,92,102,102,102,103,103,20,82,103,103,74,0],"gold":7,"neow_bonus":"TWENTY_PERCENT_HP_BONUS","is_prod":false,"is_daily":false,"chose_seed":false,"campfire_upgraded":5,"win_rate":0,"timestamp":1560824143,"path_taken":["M","M","M","M","?","R","?","E","T","M","$","?","R","M","R","BOSS","M","?","M","M","?","E","R","E","T","M","R","?","E","M","R","BOSS","M","M","M","M","M","R","?","E","T","E","M","R","?","M","R","BOSS","R","$","E","BOSS"],"build_version":"2019-01-23","purchased_purges":1,"victory":false,"max_hp_per_floor":[96,96,96,96,96,96,96,96,96,96,96,96,96,96,96,96,96,96,96,96,96,96,96,96,96,96,96,96,96,96,96,96,96,96,96,96,96,96,96,96,96,96,96,103,103,103,103,103,103,103,103,103,103,103,103],"card_choices":[{"not_picked":["Rage","Heavy Blade"],"picked":"Fire Breathing","floor":1.0},{"not_picked":["Clash","Pummel"],"picked":"Inflame","floor":2.0},{"not_picked":["Shockwave","Heavy Blade"],"picked":"Carnage","floor":3.0},{"not_picked":["Combust","Anger"],"picked":"Havoc","floor":4.0},{"not_picked":["True Grit","Berserk"],"picked":"Cleave","floor":5.0},{"not_picked":["Hemokinesis","Spot Weakness"],"picked":"Sever Soul","floor":8.0},{"not_picked":["Pommel Strike","Cleave"],"picked":"Inflame","floor":10.0},{"not_picked":["True Grit","Pommel Strike"],"picked":"Thunderclap","floor":14.0},{"not_picked":["Feed","Brutality"],"picked":"Reaper","floor":16.0},{"not_picked":["Dropkick","Spot Weakness"],"picked":"Pommel Strike+1","floor":18.0},{"not_picked":["Spot Weakness+1","Headbutt"],"picked":"Whirlwind","floor":20.0},{"not_picked":["Combust+1","Searing Blow+1"],"picked":"Pommel Strike","floor":21.0},{"not_picked":["Offering","Fire Breathing"],"picked":"Ghostly Armor","floor":23.0},{"not_picked":["Iron Wave","Second Wind+1"],"picked":"Warcry","floor":25.0},{"not_picked":["Combust","Perfected Strike","Rupture"],"picked":"SKIP","floor":27},{"not_picked":["Entrench","Searing Blow"],"picked":"Intimidate+1","floor":29},{"not_picked":["Iron Wave","Warcry"],"picked":"Havoc","floor":30},{"not_picked":["Body Slam","Carnage"],"picked":"Shrug It Off","floor":31},{"not_picked":["Demon Form","Dark Embrace"],"picked":"Immolate","floor":33},{"not_picked":["Shrug It Off","Thunderclap+1"],"picked":"Sword Boomerang+1","floor":35},{"not_picked":["Body Slam+1","Sever Soul"],"picked":"Shrug It Off+1","floor":36},{"not_picked":["True Grit+1","Shrug It Off"],"picked":"Cleave+1","floor":37},{"not_picked":["Bloodletting+1","Flame Barrier+1"],"picked":"Seeing Red+1","floor":38},{"not_picked":["Immolate","Thunderclap"],"picked":"Clash+1","floor":39},{"not_picked":["Shrug It Off","Havoc"],"picked":"Twin Strike+1","floor":41},{"not_picked":["Hemokinesis","Clothesline"],"picked":"Headbutt","floor":42},{"not_picked":["Iron Wave+1","Shrug It Off"],"picked":"Demon Form","floor":44},{"not_picked":["Clothesline+1","Entrench"],"picked":"Twin Strike","floor":45},{"not_picked":["Armaments+1","Iron Wave+1"],"picked":"Heavy Blade+1","floor":48},{"not_picked":["Spot Weakness","Sever Soul"],"picked":"Reckless Charge","floor":54}],"player_experience":278312,"relics_obtained":[{"floor":8.0,"key":"Dead Branch"},{"floor":9.0,"key":"Matryoshka"},{"floor":23.0,"key":"Bag of Marbles"},{"floor":25.0,"key":"Torii"},{"floor":26.0,"key":"War Paint"},{"floor":30,"key":"Mummified Hand"},{"floor":41,"key":"StoneCalendar"},{"floor":42,"key":"Pen Nib"},{"floor":43,"key":"Lantern"},{"floor":43,"key":"Art of War"},{"floor":44,"key":"Strawberry"},{"floor":47,"key":"Potion Belt"},{"floor":54,"key":"Centennial Puzzle"}],"event_choices":[{"damage_healed":0.0,"max_hp_gain":0.0,"max_hp_loss":0.0,"gold_gain":0.0,"event_name":"Scrap Ooze","player_choice":"Success","floor":7.0,"gold_loss":0.0,"damage_taken":7.0,"relics_obtained":["PreservedInsect"]},{"damage_healed":0.0,"max_hp_gain":0.0,"max_hp_loss":0.0,"gold_gain":0.0,"cards_transformed":["Strike_R"],"event_name":"Living Wall","player_choice":"Change","floor":12.0,"gold_loss":0.0,"damage_taken":0.0,"cards_obtained":["Thunderclap"]},{"damage_healed":0.0,"max_hp_gain":0.0,"max_hp_loss":0.0,"gold_gain":0.0,"event_name":"Back to Basics","player_choice":"Simplicity","floor":19.0,"gold_loss":0.0,"damage_taken":0.0,"cards_upgraded":["Strike_R","Strike_R","Strike_R","Strike_R","Defend_R","Defend_R","Defend_R","Defend_R"]},{"damage_healed":0.0,"max_hp_gain":0.0,"max_hp_loss":0.0,"gold_gain":0.0,"event_name":"N\u0027loth","player_choice":"Ignored","floor":22.0,"gold_loss":0.0,"damage_taken":0.0},{"damage_healed":0,"gold_gain":0,"player_choice":"Fight","damage_taken":0,"max_hp_gain":0,"max_hp_loss":0,"event_name":"MindBloom","floor":41,"gold_loss":0}],"is_beta":false,"boss_relics":[{"not_picked":["Astrolabe","Busted Crown"],"picked":"Ectoplasm"},{"not_picked":["Runic Dome","Orrery"],"picked":"Black Blood"}],"items_purged_floors":[11],"is_endless":false,"potions_floor_spawned":[2,3,4,8,16,20,25,27,29,30,33,36,37,39,45,48,54],"killed_by":"The Heart","ascension_level":9}