{"gold_per_floor":[364,1,14,14,14,14,14,29,29,56,56,70,90,116,116,193,193,203,38,50,61,61,61,87,37,37,69,69,98,98,117,117,117],"floor_reached":33,"playtime":1866,"items_purged":[],"score":676,"play_id":"8b66b24c-619c-49dc-ade6-e01cb8957104","local_time":"20181210175930","is_ascension_mode":true,"campfire_choices":[{"data":"Neutralize","floor":6,"key":"SMITH"},{"data":"Survivor","floor":11,"key":"SMITH"},{"data":"Infinite Blades","floor":15,"key":"SMITH"},{"floor":23,"key":"REST"},{"floor":28,"key":"REST"},{"floor":30,"key":"REST"},{"floor":32,"key":"REST"}],"neow_cost":"TEN_PERCENT_HP_LOSS","seed_source_timestamp":4220149684175,"circlet_count":0,"master_deck":["AscendersBane","Defend_G","Defend_G","Defend_G","Defend_G","Defend_G","Strike_G","Strike_G","Strike_G","Strike_G","Strike_G","Survivor+1","Neutralize+1","Terror","Infinite Blades+1","Bane+1","Bouncing Flask+1","Crippling Poison+1","Bane+1","All Out Attack+1","After Image","Footwork+1","Bouncing Flask+1","PiercingWail+1","Eviscerate+1"],"relics":["Ring of the Snake","Molten Egg 2","Ninja Scroll","Toxic Egg 2","Letter Opener","Snecko Eye","Anchor","Kunai","Blue Candle","Blood Vial"],"potions_floor_usage":[10,16,24,24,27,27],"damage_taken":[{"damage":0,"enemies":"2 Louse","floor":1,"turns":4},{"damage":0,"enemies":"Cultist","floor":3,"turns":5},{"damage":9,"enemies":"Jaw Worm","floor":8,"turns":4},{"damage":0,"enemies":"Gremlin Nob","floor":10,"turns":3},{"damage":1,"enemies":"2 Fungi Beasts","floor":12,"turns":3},{"damage":4,"enemies":"Red Slaver","floor":13,"turns":4},{"damage":15,"enemies":"Lagavulin","floor":14,"turns":4},{"damage":17,"enemies":"Slime Boss","floor":16,"turns":9},{"damage":6,"enemies":"Chosen","floor":18,"turns":4},{"damage":1,"enemies":"Spheric Guardian","floor":20,"turns":3},{"damage":3,"enemies":"Snake Plant","floor":21,"turns":3},{"damage":16,"enemies":"Book of Stabbing","floor":24,"turns":4},{"damage":22,"enemies":"Slavers","floor":27,"turns":5},{"damage":18,"enemies":"Book of Stabbing","floor":29,"turns":5},{"damage":8,"enemies":"Centurion and Healer","floor":31,"turns":6},{"damage":45,"enemies":"Automaton","floor":33,"turns":6}],"seed_played":"8142298171286706863","potions_obtained":[{"floor":1,"key":"AttackPotion"},{"floor":7,"key":"GhostInAJar"},{"floor":8,"key":"Poison Potion"},{"floor":13,"key":"EntropicBrew"},{"floor":18,"key":"Weak Potion"},{"floor":20,"key":"Block Potion"},{"floor":29,"key":"Fire Potion"}],"is_trial":false,"path_per_floor":["M","$","M","?","?","R","?","M","T","E","R","M","M","E","R","B",null,"M","$","M","M","?","R","E","?","T","E","R","E","R","M","R","B"],"character_chosen":"THE_SILENT","items_purchased":["Molten Egg 2","GhostInAJar","Anchor"],"campfire_rested":4,"item_purchase_floors":[2,2,19],"current_hp_per_floor":[59,59,59,59,59,59,59,50,50,50,50,49,45,30,30,13,48,42,42,41,38,22,41,25,25,25,3,22,4,23,17,36,0],"gold":117,"neow_bonus":"TWO_FIFTY_GOLD","is_prod":false,"is_daily":false,"chose_seed":false,"campfire_upgraded":3,"win_rate":0,"timestamp":1544461170,"path_taken":["M","$","M","?","?","R","?","M","T","E","R","?","M","E","R","BOSS","M","$","M","M","?","R","E","?","T","E","R","E","R","M","R","BOSS"],"build_version":"2018-12-06","purchased_purges":0,"victory":false,"max_hp_per_floor":[60,60,60,60,60,60,60,60,60,60,60,60,60,60,60,60,60,60,60,60,60,65,65,65,65,65,65,65,65,65,65,65,65],"card_choices":[{"not_picked":["Finisher","Bane"],"picked":"Terror","floor":1},{"not_picked":["Flechettes+1","Acrobatics"],"picked":"Infinite Blades","floor":3},{"not_picked":["PiercingWail","Underhanded Strike+1"],"picked":"Bane+1","floor":8},{"not_picked":["Outmaneuver","Heel Hook+1"],"picked":"Bouncing Flask","floor":10},{"not_picked":["Eviscerate+1","Concentrate+1"],"picked":"Crippling Poison+1","floor":12},{"not_picked":["Eviscerate+1","Quick Slash+1"],"picked":"Bane+1","floor":13},{"not_picked":["Sucker Punch+1","Outmaneuver+1"],"picked":"All Out Attack+1","floor":14},{"not_picked":["Die Die Die+1","A Thousand Cuts"],"picked":"After Image","floor":16},{"not_picked":["PiercingWail+1","Catalyst+1"],"picked":"Footwork+1","floor":18},{"not_picked":["Dodge and Roll+1","Calculated Gamble+1"],"picked":"Bouncing Flask+1","floor":20},{"not_picked":["Bane+1","Heel Hook+1"],"picked":"PiercingWail+1","floor":21},{"not_picked":["Escape Plan+1","Riddle With Holes+1","Poisoned Stab+1"],"picked":"SKIP","floor":24},{"not_picked":["Bane+1","Flying Knee+1","Finisher+1"],"picked":"SKIP","floor":27},{"not_picked":["Phantasmal Killer+1","Choke+1","Distraction+1"],"picked":"SKIP","floor":29},{"not_picked":["Deadly Poison+1","Accuracy"],"picked":"Eviscerate+1","floor":31}],"player_experience":635642,"relics_obtained":[{"floor":9,"key":"Ninja Scroll"},{"floor":10,"key":"Toxic Egg 2"},{"floor":14,"key":"Letter Opener"},{"floor":24,"key":"Kunai"},{"floor":27,"key":"Blue Candle"},{"floor":29,"key":"Blood Vial"}],"event_choices":[{"damage_healed":0,"gold_gain":0,"player_choice":"Ignored","damage_taken":0,"max_hp_gain":0,"max_hp_loss":0,"event_name":"Golden Idol","floor":4,"gold_loss":0},{"damage_healed":0,"gold_gain":0,"player_choice":"Ignored","damage_taken":0,"max_hp_gain":0,"max_hp_loss":0,"event_name":"Liars Game","floor":5,"gold_loss":0},{"damage_healed":0,"gold_gain":0,"player_choice":"Got Potions","damage_taken":0,"max_hp_gain":0,"max_hp_loss":0,"event_name":"Lab","floor":7,"gold_loss":0},{"damage_healed":0,"gold_gain":0,"player_choice":"Shed Blood","damage_taken":21,"max_hp_gain":5,"max_hp_loss":0,"event_name":"Forgotten Altar","floor":22,"gold_loss":0},{"damage_healed":0,"gold_gain":0,"player_choice":"Bet on Owner","damage_taken":0,"max_hp_gain":0,"max_hp_loss":0,"event_name":"The Joust","floor":25,"gold_loss":50}],"is_beta":false,"boss_relics":[{"not_picked":["Ectoplasm","White Beast Statue"],"picked":"Snecko Eye"}],"items_purged_floors":[],"is_endless":false,"potions_floor_spawned":[1,8,13,14,18,20,29],"killed_by":"Automaton","ascension_level":20}