{"gold_per_floor":[119,137,137,137,154,154,188,188,215,215,250,263,277,294,294,390,390,402,501,516,120,135,167,167,177,177,177,208,227,253,270,270,366,366,382,382,138,138,13,13,113,145,169,19,38,38,49,79,79,79],"floor_reached":50,"playtime":2702,"items_purged":["Strike_B","Ball Lightning","Scrape","Sunder+1"],"score":1072,"play_id":"5e05b22e-6104-4c3a-bb81-57f64c9a0c79","local_time":"20190615152133","is_ascension_mode":true,"campfire_choices":[{"data":"Gash","floor":6,"key":"SMITH"},{"floor":10,"key":"REST"},{"data":"Zap","floor":15,"key":"SMITH"},{"data":"Metamorphosis","floor":27,"key":"SMITH"},{"floor":32,"key":"REST"},{"data":"Dualcast","floor":40,"key":"SMITH"},{"floor":46,"key":"RECALL"},{"data":"Reinforced Body","floor":49,"key":"SMITH"}],"neow_cost":"PERCENT_DAMAGE","seed_source_timestamp":84309299437726,"circlet_count":0,"master_deck":["AscendersBane","Defend_B","Defend_B","Defend_B","Defend_B","Zap+1","Dualcast+1","White Noise+1","Steam","Gash+1","Core Surge","Conserve Battery","Conserve Battery","All For One","FTL","Swift Strike","Metamorphosis+1","Beam Cell","Beam Cell","Steam","Multi-Cast","Go for the Eyes","Reinforced Body+1","Steam"],"relics":["Cracked Core","Unceasing Top","Thread and Needle","Potion Belt","Happy Flower","Eternal Feather","Strawberry","Vajra","Symbiotic Virus","Busted Crown","Peace Pipe","Prayer Wheel","Regal Pillow","Dodecahedron"],"potions_floor_usage":[20,28,30,31,33,33,41,42,42,42,42,47,47],"damage_taken":[{"damage":2,"enemies":"Jaw Worm","floor":1,"turns":4},{"damage":0,"enemies":"2 Louse","floor":2,"turns":2},{"damage":1,"enemies":"Cultist","floor":5,"turns":3},{"damage":24,"enemies":"Lagavulin","floor":7,"turns":7},{"damage":14,"enemies":"Gremlin Nob","floor":11,"turns":3},{"damage":0,"enemies":"Exordium Thugs","floor":12,"turns":3},{"damage":0,"enemies":"Blue Slaver","floor":13,"turns":2},{"damage":0,"enemies":"2 Fungi Beasts","floor":14,"turns":2},{"damage":0,"enemies":"Slime Boss","floor":16,"turns":4},{"damage":2,"enemies":"Shell Parasite","floor":18,"turns":5},{"damage":1,"enemies":"3 Byrds","floor":20,"turns":4},{"damage":6,"enemies":"Centurion and Healer","floor":22,"turns":3},{"damage":12,"enemies":"Book of Stabbing","floor":23,"turns":4},{"damage":15,"enemies":"Shelled Parasite and Fungi","floor":25,"turns":4},{"damage":1,"enemies":"Gremlin Leader","floor":28,"turns":5},{"damage":8,"enemies":"Chosen and Byrds","floor":29,"turns":4},{"damage":30,"enemies":"Slavers","floor":30,"turns":5},{"damage":3,"enemies":"Snake Plant","floor":31,"turns":3},{"damage":7,"enemies":"Collector","floor":33,"turns":5},{"damage":1,"enemies":"3 Darklings","floor":35,"turns":3},{"damage":0,"enemies":"Mind Bloom Boss Battle","floor":41,"turns":7},{"damage":19,"enemies":"Nemesis","floor":42,"turns":6},{"damage":3,"enemies":"Orb Walker","floor":45,"turns":3},{"damage":13,"enemies":"Jaw Worm Horde","floor":47,"turns":3},{"damage":0,"enemies":"Giant Head","floor":48,"turns":4},{"damage":69,"enemies":"Time Eater","floor":50,"turns":6}],"seed_played":"-3089627066659849137","potions_obtained":[{"floor":1,"key":"GamblersBrew"},{"floor":11,"key":"Explosive Potion"},{"floor":14,"key":"Explosive Potion"},{"floor":16,"key":"Energy Potion"},{"floor":18,"key":"FearPotion"},{"floor":20,"key":"SpeedPotion"},{"floor":29,"key":"Strength Potion"},{"floor":33,"key":"Swift Potion"},{"floor":35,"key":"Block Potion"},{"floor":47,"key":"AttackPotion"}],"is_trial":false,"path_per_floor":["M","M","?","?","M","R","E","T","T","R","E","M","M","M","R","B",null,"M","?","M","$","M","E","?","M","T","R","E","M","E","M","R","B",null,"M","?","$","?","$","R","?","E","T","$","M","R","M","E","R","B"],"character_chosen":"DEFECT","items_purchased":["Scrape","Swift Strike","Metamorphosis","Go for the Eyes","EntropicBrew"],"campfire_rested":2,"item_purchase_floors":[21,21,21,37,37],"current_hp_per_floor":[48,48,48,48,47,47,23,23,23,45,31,31,31,31,31,31,64,62,62,61,61,55,50,50,35,35,47,46,38,8,5,41,34,70,69,69,69,69,69,78,78,59,59,59,56,68,55,55,67,0],"gold":79,"neow_bonus":"TRANSFORM_TWO_CARDS","is_prod":false,"is_daily":false,"chose_seed":false,"campfire_upgraded":5,"win_rate":0,"timestamp":1560601293,"path_taken":["M","M","?","?","?","R","E","?","T","R","E","M","?","M","R","BOSS","M","?","M","$","M","E","?","M","T","R","E","M","E","?","R","BOSS","M","?","$","?","$","R","?","E","T","?","M","R","M","E","R","BOSS"],"build_version":"2019-06-13","purchased_purges":4,"victory":false,"max_hp_per_floor":[75,75,75,75,75,75,75,75,75,75,75,75,75,75,75,75,75,75,75,75,75,75,82,82,82,82,82,82,82,82,82,82,82,82,82,78,78,78,78,78,78,78,78,78,78,78,78,78,78,78],"card_choices":[{"not_picked":["Melter","Leap"],"picked":"Sunder","floor":1},{"not_picked":["Barrage","Storm"],"picked":"Ball Lightning","floor":2},{"not_picked":["Coolheaded","Compile Driver"],"picked":"Gash","floor":5},{"not_picked":["Cold Snap","Reprogram","Storm"],"picked":"SKIP","floor":7},{"not_picked":["Ball Lightning","Sweeping Beam"],"picked":"Core Surge","floor":11},{"not_picked":["Capacitor","Barrage"],"picked":"Conserve Battery","floor":12},{"not_picked":["Leap","Cold Snap","Undo"],"picked":"SKIP","floor":13},{"not_picked":["Redo","Barrage"],"picked":"Conserve Battery","floor":14},{"not_picked":["Core Surge","Creative AI"],"picked":"All For One","floor":16},{"not_picked":["Undo","Rebound+1"],"picked":"FTL","floor":18},{"not_picked":["Melter+1","Heatsinks+1","Hello World+1"],"picked":"SKIP","floor":20},{"not_picked":["Stack","Skim"],"picked":"Beam Cell","floor":22},{"not_picked":["Compile Driver","Barrage","Lockon+1"],"picked":"SKIP","floor":23},{"not_picked":["Melter+1","Sweeping Beam","Seek"],"picked":"SKIP","floor":25},{"not_picked":["Redo","Ball Lightning"],"picked":"Beam Cell","floor":28},{"not_picked":["Genetic Algorithm","Blizzard"],"picked":"Steam","floor":29},{"not_picked":["Leap","Ball Lightning","Barrage"],"picked":"SKIP","floor":30},{"not_picked":["Leap","Ball Lightning","Amplify"],"picked":"SKIP","floor":31},{"not_picked":["Amplify","Hyperbeam"],"picked":"Multi-Cast","floor":33},{"not_picked":["Barrage+1"],"picked":"SKIP","floor":35},{"not_picked":["Cold Snap"],"picked":"SKIP","floor":42},{"not_picked":["Compile Driver"],"picked":"SKIP","floor":45},{"not_picked":["Compile Driver"],"picked":"SKIP","floor":45},{"not_picked":[],"picked":"Reinforced Body","floor":47},{"not_picked":["Redo"],"picked":"SKIP","floor":47},{"not_picked":[],"picked":"Steam","floor":48}],"player_experience":809711,"relics_obtained":[{"floor":7,"key":"Unceasing Top"},{"floor":8,"key":"Thread and Needle"},{"floor":9,"key":"Potion Belt"},{"floor":11,"key":"Happy Flower"},{"floor":23,"key":"Strawberry"},{"floor":28,"key":"Vajra"},{"floor":30,"key":"Symbiotic Virus"},{"floor":41,"key":"Peace Pipe"},{"floor":42,"key":"Prayer Wheel"},{"floor":43,"key":"Regal Pillow"},{"floor":48,"key":"Dodecahedron"}],"event_choices":[{"damage_healed":0,"gold_gain":0,"player_choice":"Grow","damage_taken":0,"max_hp_gain":0,"max_hp_loss":0,"event_name":"Living Wall","floor":3,"gold_loss":0,"cards_upgraded":["White Noise"]},{"damage_healed":0,"gold_gain":0,"player_choice":"Upgraded","damage_taken":0,"max_hp_gain":0,"max_hp_loss":0,"event_name":"Upgrade Shrine","floor":4,"gold_loss":0,"cards_upgraded":["Sunder"]},{"damage_healed":0,"gold_gain":99,"player_choice":"Stole From Cult","damage_taken":0,"max_hp_gain":0,"max_hp_loss":0,"event_name":"Nest","floor":19,"gold_loss":0},{"cards_removed":["Strike_B"],"damage_healed":0,"gold_gain":0,"player_choice":"Purged","damage_taken":0,"max_hp_gain":0,"max_hp_loss":0,"event_name":"Purifier","floor":24,"gold_loss":0},{"damage_healed":0,"gold_gain":0,"player_choice":"Max HP","damage_taken":0,"max_hp_gain":0,"max_hp_loss":4,"event_name":"Winding Halls","floor":36,"gold_loss":0},{"damage_healed":0,"gold_gain":0,"player_choice":"Ignored","damage_taken":0,"max_hp_gain":0,"max_hp_loss":0,"event_name":"Tomb of Lord Red Mask","floor":38,"gold_loss":0},{"damage_healed":0,"gold_gain":0,"player_choice":"Fight","damage_taken":0,"max_hp_gain":0,"max_hp_loss":0,"event_name":"MindBloom","floor":41,"gold_loss":0}],"is_beta":true,"boss_relics":[{"not_picked":["Cursed Key","Snecko Eye"],"picked":"Eternal Feather"},{"not_picked":["Sozu","Pandora\u0027s Box"],"picked":"Busted Crown"}],"items_purged_floors":[21,37,39,44],"is_endless":false,"potions_floor_spawned":[1,11,14,16,18,20,29,33,35,47],"killed_by":"Time Eater","ascension_level":12}