{"gold_per_floor":[110,110,130,144,15,15,35,69,69,89,2,2,2,2,2,102,102,115,115,115,132,44,44,44],"floor_reached":24,"playtime":1121,"items_purged":["Parasite"],"score":335,"play_id":"efac8992-2dd0-454a-93bf-a115eb517017","local_time":"20190616231733","is_ascension_mode":true,"campfire_choices":[{"data":"Fission","floor":13,"key":"SMITH"},{"data":"Leap","floor":15,"key":"SMITH"},{"data":"Chaos","floor":23,"key":"SMITH"}],"neow_cost":"CURSE","seed_source_timestamp":200887545935467,"circlet_count":0,"master_deck":["AscendersBane","Strike_B","Strike_B","Strike_B","Defend_B","Defend_B+1","Defend_B","Zap+1","Dualcast","Biased Cognition","All For One","Leap+1","Beam Cell","Fission+1","Gash","Fusion","Gash","Chaos+1","Redo","Finesse","Core Surge","Gash","Gash","Blind"],"relics":["Cracked Core","Pear","Prayer Wheel","Bottled Tornado","Ginger","Black Star","Sundial"],"potions_floor_usage":[8,16,24],"damage_taken":[{"damage":3,"enemies":"2 Louse","floor":1,"turns":2},{"damage":4,"enemies":"Small Slimes","floor":3,"turns":3},{"damage":3,"enemies":"Jaw Worm","floor":4,"turns":2},{"damage":5,"enemies":"Blue Slaver","floor":7,"turns":2},{"damage":20,"enemies":"Lagavulin","floor":8,"turns":8},{"damage":8,"enemies":"3 Louse","floor":10,"turns":3},{"damage":16,"enemies":"Hexaghost","floor":16,"turns":8},{"damage":21,"enemies":"Shell Parasite","floor":18,"turns":6},{"damage":0,"enemies":"Chosen","floor":21,"turns":4},{"damage":76,"enemies":"Slavers","floor":24,"turns":5}],"seed_played":"-1848254009496634576","potions_obtained":[{"floor":3,"key":"Strength Potion"},{"floor":4,"key":"SkillPotion"},{"floor":10,"key":"Regen Potion"},{"floor":18,"key":"Ancient Potion"}],"is_trial":false,"path_per_floor":["M","?","M","M","$","?","M","E","T","M","$","T","R","?","R","B",null,"M","?","T","M","$","R","E"],"character_chosen":"DEFECT","items_purchased":["Gash","Finesse","Blind"],"campfire_rested":0,"item_purchase_floors":[5,11,22],"current_hp_per_floor":[65,50,46,43,43,43,38,28,28,20,20,20,20,17,17,16,66,45,72,72,72,72,72,0],"gold":44,"neow_bonus":"TRANSFORM_TWO_CARDS","is_prod":false,"is_daily":false,"chose_seed":false,"campfire_upgraded":3,"win_rate":0,"timestamp":1560716253,"path_taken":["M","?","M","M","$","?","M","E","T","M","?","?","R","?","R","BOSS","M","?","?","M","?","R","E"],"build_version":"2019-06-13","purchased_purges":1,"victory":false,"max_hp_per_floor":[75,75,75,75,72,72,72,82,82,82,82,82,82,82,82,82,82,82,82,82,82,82,82,82],"card_choices":[{"not_picked":["Auto Shields","Sweeping Beam"],"picked":"Leap","floor":1},{"not_picked":["Ball Lightning","Defragment"],"picked":"Beam Cell","floor":3},{"not_picked":["Stack","Compile Driver"],"picked":"Fission","floor":4},{"not_picked":["Barrage","Genetic Algorithm"],"picked":"Fusion","floor":7},{"not_picked":["Steam Power","White Noise"],"picked":"Gash","floor":8},{"not_picked":["Heatsinks","Loop"],"picked":"Chaos","floor":10},{"not_picked":["Steam","Cold Snap"],"picked":"Redo","floor":10},{"not_picked":["Fission","Rainbow"],"picked":"Core Surge","floor":16},{"not_picked":["Skim","Leap"],"picked":"Gash","floor":18},{"not_picked":["Cold Snap","Doom and Gloom","Sweeping Beam"],"picked":"SKIP","floor":18},{"not_picked":["Cold Snap","Skim"],"picked":"Gash","floor":21},{"not_picked":["Self Repair","Recycle","Hologram"],"picked":"SKIP","floor":21}],"player_experience":812413,"relics_obtained":[{"floor":8,"key":"Pear"},{"floor":9,"key":"Prayer Wheel"},{"floor":12,"key":"Bottled Tornado"},{"floor":20,"key":"Sundial"}],"event_choices":[{"damage_healed":0,"gold_gain":0,"player_choice":"Entered Light","damage_taken":15,"max_hp_gain":0,"max_hp_loss":0,"event_name":"Shining Light","floor":2,"gold_loss":0,"cards_upgraded":["Zap","Defend_B"]},{"damage_healed":0,"gold_gain":0,"player_choice":"Ignored","damage_taken":0,"max_hp_gain":0,"max_hp_loss":0,"event_name":"Liars Game","floor":6,"gold_loss":0},{"damage_healed":0,"gold_gain":0,"player_choice":"Success","damage_taken":3,"relics_obtained":["Ginger"],"max_hp_gain":0,"max_hp_loss":0,"event_name":"Scrap Ooze","floor":14,"gold_loss":0},{"damage_healed":27,"gold_gain":0,"player_choice":"Heal","damage_taken":0,"max_hp_gain":0,"max_hp_loss":0,"event_name":"The Library","floor":19,"gold_loss":0}],"is_beta":true,"boss_relics":[{"not_picked":["Busted Crown","Calling Bell"],"picked":"Black Star"}],"items_purged_floors":[5],"is_endless":false,"potions_floor_spawned":[3,4,7,10,18,21],"killed_by":"Slavers","ascension_level":12}