{"gold_per_floor":[18,36,54,54,54,54,86,104,127,157,157,174,194,212,212,212],"floor_reached":16,"playtime":751,"items_purged":[],"score":194,"play_id":"5c804f76-154f-4d90-bf62-ed455b04f356","local_time":"20190513161520","is_ascension_mode":true,"campfire_choices":[{"data":"Bash","floor":6,"key":"SMITH"},{"floor":11,"key":"REST"},{"floor":15,"key":"REST"}],"neow_cost":"NO_GOLD","seed_source_timestamp":2165470544861276,"circlet_count":0,"master_deck":["AscendersBane","Strike_R","Strike_R","Strike_R","Strike_R","Defend_R","Defend_R","Defend_R","Bash+1","Rampage","Twin Strike","Reaper","Injury","Purity","True Grit","Headbutt","Whirlwind"],"relics":["Burning Blood","Bag of Preparation","Smiling Mask","Centennial Puzzle"],"potions_floor_usage":[7,7,10,10],"damage_taken":[{"damage":10,"enemies":"Small Slimes","floor":1,"turns":5},{"damage":11,"enemies":"2 Louse","floor":2,"turns":3},{"damage":1,"enemies":"Cultist","floor":3,"turns":3},{"damage":41,"enemies":"Lagavulin","floor":7,"turns":6},{"damage":17,"enemies":"Looter","floor":8,"turns":3},{"damage":16,"enemies":"Gremlin Nob","floor":10,"turns":3},{"damage":7,"enemies":"2 Fungi Beasts","floor":12,"turns":4},{"damage":32,"enemies":"Large Slime","floor":13,"turns":6},{"damage":21,"enemies":"Lots of Slimes","floor":14,"turns":6},{"damage":60,"enemies":"Slime Boss","floor":16,"turns":9}],"seed_played":"-3803641459828552815","potions_obtained":[{"floor":1,"key":"BloodPotion"},{"floor":2,"key":"GamblersBrew"},{"floor":7,"key":"Fire Potion"},{"floor":8,"key":"AttackPotion"}],"is_trial":false,"path_per_floor":["M","M","M","?","?","R","E","M","T","E","R","M","M","M","R","B"],"character_chosen":"IRONCLAD","items_purchased":[],"campfire_rested":2,"item_purchase_floors":[],"current_hp_per_floor":[64,59,64,69,69,69,46,35,35,25,49,56,30,27,51,0],"gold":212,"neow_bonus":"REMOVE_TWO","is_prod":false,"is_daily":false,"chose_seed":false,"campfire_upgraded":1,"win_rate":0,"timestamp":1557774920,"path_taken":["M","M","M","?","?","R","E","M","T","E","R","M","?","M","R","BOSS"],"build_version":"2019-01-23","purchased_purges":0,"victory":false,"max_hp_per_floor":[75,75,75,80,80,80,80,80,80,80,80,80,80,80,80,80],"card_choices":[{"not_picked":["Burning Pact","Clothesline"],"picked":"Rampage","floor":1},{"not_picked":["Anger","Sword Boomerang","Power Through"],"picked":"SKIP","floor":2},{"not_picked":["Fire Breathing","Thunderclap"],"picked":"Twin Strike","floor":3},{"not_picked":["Dual Wield","Thunderclap","Sword Boomerang"],"picked":"SKIP","floor":7},{"not_picked":["Wild Strike","Heavy Blade","Pummel"],"picked":"SKIP","floor":8},{"not_picked":["Heavy Blade","True Grit","Double Tap"],"picked":"SKIP","floor":10},{"not_picked":["Heavy Blade","Double Tap"],"picked":"True Grit","floor":10},{"not_picked":["Clothesline","Blood for Blood"],"picked":"Headbutt","floor":12},{"not_picked":["Second Wind","Anger"],"picked":"Whirlwind","floor":13},{"not_picked":["True Grit","Sword Boomerang","Body Slam"],"picked":"SKIP","floor":14}],"player_experience":730741,"relics_obtained":[{"floor":7,"key":"Bag of Preparation"},{"floor":9,"key":"Smiling Mask"},{"floor":10,"key":"Centennial Puzzle"}],"event_choices":[{"damage_healed":0,"gold_gain":0,"player_choice":"Donut","damage_taken":0,"max_hp_gain":5,"max_hp_loss":0,"event_name":"Big Fish","floor":4,"gold_loss":0},{"damage_healed":0,"gold_gain":0,"player_choice":"3 cards matched","damage_taken":0,"max_hp_gain":0,"max_hp_loss":0,"event_name":"Match and Keep!","floor":5,"gold_loss":0,"cards_obtained":["Reaper","Injury","Purity"]}],"is_beta":false,"boss_relics":[],"items_purged_floors":[],"is_endless":false,"potions_floor_spawned":[1,2,7,8],"killed_by":"Slime Boss","ascension_level":14}