{"gold_per_floor":[117,137,156,156,170,170,201,201,201,201,244,259,275,275,275,394,394,409,429,48,48,66,66,104,104,104,128,128,128,128,128,128,128],"floor_reached":33,"playtime":1769,"items_purged":[],"score":426,"play_id":"764c32ef-e06b-4103-aaca-fa8d1c05c77a","local_time":"20190503094224","is_ascension_mode":true,"campfire_choices":[{"floor":6,"key":"REST"},{"floor":8,"key":"REST"},{"floor":10,"key":"REST"},{"floor":15,"key":"REST"},{"data":"Flame Barrier","floor":23,"key":"SMITH"},{"floor":25,"key":"REST"},{"floor":30,"key":"REST"},{"floor":32,"key":"REST"}],"neow_cost":"PERCENT_DAMAGE","seed_source_timestamp":1276883404754299,"circlet_count":0,"master_deck":["AscendersBane","Strike_R","Strike_R+1","Strike_R","Strike_R","Defend_R","Defend_R","Defend_R","Bash+1","Clothesline+1","Disarm","Twin Strike","Reaper+1","Clash","Flame Barrier+1","Disarm","Feed","Ghostly Armor","Metallicize","Iron Wave+1"],"relics":["Burning Blood","Golden Idol","Smiling Mask","Whetstone","Bottled Lightning","Black Star","Ginger","Bronze Scales","Self Forming Clay","Bottled Flame","Thread and Needle","Frozen Egg 2"],"potions_floor_usage":[7,13,18,24,27],"damage_taken":[{"damage":0,"enemies":"Small Slimes","floor":1,"turns":3},{"damage":7,"enemies":"Jaw Worm","floor":2,"turns":4},{"damage":1,"enemies":"Cultist","floor":3,"turns":4},{"damage":15,"enemies":"Blue Slaver","floor":5,"turns":4},{"damage":53,"enemies":"3 Sentries","floor":7,"turns":11},{"damage":34,"enemies":"Lagavulin","floor":11,"turns":7},{"damage":20,"enemies":"Looter","floor":12,"turns":4},{"damage":20,"enemies":"Lots of Slimes","floor":13,"turns":5},{"damage":28,"enemies":"The Guardian","floor":16,"turns":16},{"damage":16,"enemies":"Chosen","floor":18,"turns":10},{"damage":7,"enemies":"3 Byrds","floor":19,"turns":7},{"damage":14,"enemies":"Snake Plant","floor":22,"turns":7},{"damage":52,"enemies":"Book of Stabbing","floor":24,"turns":11},{"damage":25,"enemies":"Chosen and Byrds","floor":27,"turns":8},{"damage":132,"enemies":"Collector","floor":33,"turns":21}],"seed_played":"7739939137284862802","potions_obtained":[{"floor":5,"key":"GamblersBrew"},{"floor":12,"key":"BloodPotion"},{"floor":16,"key":"EssenceOfSteel"},{"floor":22,"key":"Block Potion"},{"floor":24,"key":"EssenceOfSteel"},{"floor":27,"key":"FairyPotion"}],"is_trial":false,"path_per_floor":["M","M","M","?","M","R","E","R","T","R","E","M","M","?","R","B",null,"M","M","$","?","M","R","E","R","T","M","T","?","R","?","R","B"],"character_chosen":"IRONCLAD","items_purchased":["Ginger","Metallicize"],"campfire_rested":7,"item_purchase_floors":[20,20],"current_hp_per_floor":[57,56,61,41,32,56,9,33,33,57,29,20,26,10,34,17,64,62,66,66,66,63,63,19,43,43,27,27,18,43,43,68,0],"gold":128,"neow_bonus":"REMOVE_TWO","is_prod":false,"is_daily":false,"chose_seed":false,"campfire_upgraded":1,"win_rate":0,"timestamp":1556887344,"path_taken":["M","M","M","?","M","R","E","R","T","R","E","M","M","?","R","BOSS","M","M","$","?","M","R","E","R","T","M","?","?","R","?","R","BOSS"],"build_version":"2019-01-23","purchased_purges":0,"victory":false,"max_hp_per_floor":[80,80,80,80,80,80,80,80,80,80,80,80,80,80,80,80,80,83,83,83,83,83,83,83,83,83,86,86,86,86,86,86,86],"card_choices":[{"not_picked":["Thunderclap","Sword Boomerang"],"picked":"Clothesline","floor":1},{"not_picked":["Headbutt","Clash"],"picked":"Disarm","floor":2},{"not_picked":["Armaments","Headbutt","Havoc"],"picked":"SKIP","floor":3},{"not_picked":["Seeing Red","Carnage"],"picked":"Twin Strike","floor":5},{"not_picked":["Searing Blow","True Grit"],"picked":"Reaper","floor":7},{"not_picked":["Sever Soul","Havoc"],"picked":"Clash","floor":11},{"not_picked":["Perfected Strike","Shrug It Off"],"picked":"Flame Barrier","floor":12},{"not_picked":["Perfected Strike","True Grit"],"picked":"Disarm","floor":13},{"not_picked":["Limit Break","Exhume"],"picked":"Feed","floor":16},{"not_picked":["Spot Weakness","Anger"],"picked":"Ghostly Armor","floor":18},{"not_picked":["Evolve","Combust","Iron Wave"],"picked":"SKIP","floor":19},{"not_picked":["Heavy Blade+1","Armaments","Twin Strike"],"picked":"SKIP","floor":22},{"not_picked":["Brutality","Rupture","Hemokinesis"],"picked":"SKIP","floor":24},{"not_picked":["Perfected Strike","Pummel"],"picked":"Iron Wave+1","floor":27}],"player_experience":679239,"relics_obtained":[{"floor":7,"key":"Smiling Mask"},{"floor":9,"key":"Whetstone"},{"floor":11,"key":"Bottled Lightning"},{"floor":24,"key":"Bronze Scales"},{"floor":24,"key":"Self Forming Clay"},{"floor":26,"key":"Bottled Flame"},{"floor":28,"key":"Thread and Needle"}],"event_choices":[{"damage_healed":0,"gold_gain":0,"player_choice":"Take Damage","damage_taken":20,"relics_obtained":["Golden Idol"],"max_hp_gain":0,"max_hp_loss":0,"event_name":"Golden Idol","floor":4,"gold_loss":0},{"damage_healed":0,"gold_gain":0,"player_choice":"Entered Light","damage_taken":16,"max_hp_gain":0,"max_hp_loss":0,"event_name":"Shining Light","floor":14,"gold_loss":0,"cards_upgraded":["Bash","Strike_R"]},{"damage_healed":0,"gold_gain":0,"player_choice":"Ignored","damage_taken":0,"max_hp_gain":0,"max_hp_loss":0,"event_name":"Beggar","floor":21,"gold_loss":0},{"damage_healed":0,"gold_gain":0,"player_choice":"Stopped","damage_taken":9,"max_hp_gain":0,"max_hp_loss":0,"event_name":"Cursed Tome","floor":29,"gold_loss":0},{"damage_healed":0,"gold_gain":0,"player_choice":"Opened","damage_taken":0,"relics_obtained":["Frozen Egg 2"],"max_hp_gain":0,"max_hp_loss":0,"event_name":"The Mausoleum","floor":31,"gold_loss":0}],"is_beta":false,"boss_relics":[{"not_picked":["Runic Dome","Ectoplasm"],"picked":"Black Star"}],"items_purged_floors":[],"is_endless":false,"potions_floor_spawned":[5,12,16,22,24,27],"killed_by":"Collector","ascension_level":11}