{"gold_per_floor":[115,128,128,128,128,128,145,145,145,156,172,172,172,172,172,270,270,288,288,321,341,14,14,25,25,25,25,25,36,36,50,50,50],"floor_reached":33,"playtime":986,"items_purged":[],"score":235,"play_id":"9a9cada9-d85e-42a4-a6bd-f040b59387ed","local_time":"20190607225735","is_ascension_mode":false,"campfire_choices":[{"data":"Zap","floor":6.0,"key":"SMITH"},{"data":"White Noise","floor":8.0,"key":"SMITH"},{"data":"Dualcast","floor":15.0,"key":"SMITH"},{"data":"Mayhem","floor":23,"key":"SMITH"},{"data":"FTL","floor":25,"key":"SMITH"},{"data":"Static Discharge","floor":27,"key":"SMITH"},{"data":"Sunder","floor":32,"key":"SMITH"}],"neow_cost":"NONE","seed_source_timestamp":1305244420541400,"circlet_count":0,"master_deck":["Strike_B","Strike_B","Strike_B","Defend_B+1","Defend_B","Defend_B","Zap+1","Dualcast+1","White Noise+1","Rip and Tear","Rebound","Steam","Force Field+1","Doom and Gloom","All For One","BootSequence","Barrage+1","Ball Lightning","FTL+1","Static Discharge+1","Mayhem+1","Streamline","Sunder+1","FTL+1","Conserve Battery"],"special_seed":0,"relics":["Eternal Feather"],"potions_floor_usage":[18,18,20,21,33,33],"damage_taken":[{"damage":6.0,"enemies":"Jaw Worm","floor":1.0,"turns":4.0},{"damage":7.0,"enemies":"Small Slimes","floor":2.0,"turns":4.0},{"damage":3.0,"enemies":"2 Louse","floor":7.0,"turns":2.0},{"damage":1.0,"enemies":"2 Fungi Beasts","floor":10.0,"turns":3.0},{"damage":2.0,"enemies":"Blue Slaver","floor":11.0,"turns":3.0},{"damage":27.0,"enemies":"Slime Boss","floor":16.0,"turns":9.0},{"damage":5,"enemies":"3 Byrds","floor":18,"turns":2},{"damage":14,"enemies":"Masked Bandits","floor":20,"turns":5},{"damage":19,"enemies":"Chosen","floor":21,"turns":5},{"damage":18,"enemies":"3 Cultists","floor":24,"turns":4},{"damage":16,"enemies":"Snake Plant","floor":29,"turns":4},{"damage":7,"enemies":"Sentry and Sphere","floor":31,"turns":4},{"damage":53,"enemies":"Collector","floor":33,"turns":8}],"seed_played":"511159803549179092","potions_obtained":[{"floor":1.0,"key":"Explosive Potion"},{"floor":10.0,"key":"LiquidBronze"},{"floor":11.0,"key":"LiquidBronze"},{"floor":16.0,"key":"Fire Potion"},{"floor":20,"key":"Weak Potion"},{"floor":24,"key":"GamblersBrew"},{"floor":29,"key":"EssenceOfSteel"},{"floor":31,"key":"Strength Potion"}],"is_trial":false,"path_per_floor":["M","M","?","?","?","R","M","R","T","M","M","?","T","?","R","B",null,"M","?","?","M","$","R","M","R","T","R","T","M","?","M","R","B"],"character_chosen":"DEFECT","items_purchased":["FTL","Static Discharge","Mayhem"],"campfire_rested":0,"item_purchase_floors":[22,22,22],"current_hp_per_floor":[69,62,55,60,60,66,63,69,69,68,66,66,66,50,56,29,80,75,75,61,42,42,54,36,48,48,60,60,44,44,37,52,0],"gold":50,"neow_bonus":"BOSS_RELIC","is_prod":false,"is_daily":false,"chose_seed":false,"campfire_upgraded":7,"win_rate":0,"timestamp":1559962655,"path_taken":["M","M","?","?","?","R","M","R","T","M","M","?","?","?","R","BOSS","M","?","?","M","?","R","?","R","T","R","?","M","?","?","R","BOSS"],"build_version":"2019-01-23","purchased_purges":0,"victory":false,"max_hp_per_floor":[75,75,75,80,80,80,80,80,80,80,80,80,80,80,80,80,80,80,80,80,80,80,80,80,80,80,80,80,80,80,80,80,80],"card_choices":[{"not_picked":["Darkness","Hologram"],"picked":"White Noise","floor":1.0},{"not_picked":["Turbo","Beam Cell"],"picked":"Rip and Tear","floor":2.0},{"not_picked":["Hologram","Gash"],"picked":"Rebound","floor":7.0},{"not_picked":["Stack","Rebound"],"picked":"Steam","floor":10.0},{"not_picked":["Skim","Rebound"],"picked":"Force Field","floor":11.0},{"not_picked":["Seek","Rainbow"],"picked":"All For One","floor":16.0},{"not_picked":["Steam","Turbo"],"picked":"BootSequence","floor":18},{"not_picked":["Turbo","Leap"],"picked":"Barrage+1","floor":20},{"not_picked":["Barrage+1","Tempest"],"picked":"Ball Lightning","floor":21},{"not_picked":["Steam Power","Gash"],"picked":"Streamline","floor":24},{"not_picked":["Loop","Beam Cell"],"picked":"Sunder","floor":29},{"not_picked":["Streamline","Consume+1"],"picked":"Conserve Battery","floor":31}],"player_experience":663432,"relics_obtained":[],"event_choices":[{"cards_removed":["Strike_B"],"damage_healed":0.0,"max_hp_gain":0.0,"max_hp_loss":0.0,"gold_gain":0.0,"event_name":"Golden Wing","player_choice":"Card Removal","floor":3.0,"gold_loss":0.0,"damage_taken":7.0},{"damage_healed":0.0,"max_hp_gain":5.0,"max_hp_loss":0.0,"gold_gain":0.0,"event_name":"Big Fish","player_choice":"Donut","floor":4.0,"gold_loss":0.0,"damage_taken":0.0},{"damage_healed":0.0,"max_hp_gain":0.0,"max_hp_loss":0.0,"gold_gain":0.0,"event_name":"Scrap Ooze","player_choice":"Fled","floor":5.0,"gold_loss":0.0,"damage_taken":0.0},{"damage_healed":0.0,"max_hp_gain":0.0,"max_hp_loss":0.0,"gold_gain":0.0,"cards_transformed":["Defend_B"],"event_name":"Living Wall","player_choice":"Change","floor":12.0,"gold_loss":0.0,"damage_taken":0.0,"cards_obtained":["Doom and Gloom"]},{"damage_healed":0.0,"max_hp_gain":0.0,"max_hp_loss":0.0,"gold_gain":0.0,"event_name":"Shining Light","player_choice":"Entered Light","floor":14.0,"gold_loss":0.0,"damage_taken":16.0,"cards_upgraded":["Defend_B","Force Field"]},{"damage_healed":0,"gold_gain":0,"player_choice":"Ignored","damage_taken":0,"max_hp_gain":0,"max_hp_loss":0,"event_name":"The Mausoleum","floor":19,"gold_loss":0},{"damage_healed":0,"gold_gain":0,"player_choice":"Fought Bandits","damage_taken":0,"max_hp_gain":0,"max_hp_loss":0,"event_name":"Masked Bandits","floor":20,"gold_loss":0},{"damage_healed":0,"gold_gain":0,"player_choice":"Copied","damage_taken":0,"max_hp_gain":0,"max_hp_loss":0,"event_name":"Duplicator","floor":30,"gold_loss":0,"cards_obtained":["FTL"]}],"is_beta":false,"boss_relics":[{"not_picked":[]}],"items_purged_floors":[],"is_endless":false,"potions_floor_spawned":[1,10,11,16,20,24,29,31],"killed_by":"Collector","ascension_level":0}