{"gold_per_floor":[109,125,13,33,49,49,81,81,81,107,125,159,172,186,186,264,264,284,295,295,75,87,112,112,131,131,131,151,151,38,69,69,148,148,161,177,197,497,512,545,545,563,563,563,573,134,150,35,35,35,35,35,35,10,35,35],"floor_reached":56,"playtime":4838,"items_purged":["Writhe","Flying Knee"],"score":1936,"play_id":"4bc20bb6-dc23-4faf-bdd4-0dba953dcefe","local_time":"20190202210359","is_ascension_mode":true,"campfire_choices":[{"data":"Neutralize","floor":6,"key":"SMITH"},{"floor":8,"key":"REST"},{"data":"Blade Dance","floor":15,"key":"SMITH"},{"floor":24,"key":"REST"},{"data":"After Image","floor":29,"key":"SMITH"},{"data":"Cloak And Dagger","floor":32,"key":"SMITH"},{"data":"Well Laid Plans","floor":41,"key":"SMITH"},{"floor":44,"key":"RECALL"},{"data":"Leg Sweep","floor":49,"key":"SMITH"},{"data":"Dodge and Roll","floor":53,"key":"SMITH"}],"neow_cost":"NONE","seed_source_timestamp":27567943210932,"circlet_count":0,"master_deck":["AscendersBane","Defend_G","Defend_G","Defend_G","Defend_G","Defend_G","Survivor","Neutralize+1","Dagger Throw","Well Laid Plans+1","Quick Slash","Terror","Finisher+1","PiercingWail","Blade Dance+1","After Image+1","Blade Dance+1","Flash of Steel+1","Cloak And Dagger+1","Dash+1","Deflect+1","Leg Sweep+1","Bite+1","Bite+1","Bite+1","Bite+1","Bite+1","Dodge and Roll+1","Finisher+1","PiercingWail","Die Die Die+1","Footwork+1","Backflip","Deflect","Envenom+1","Blur+1","Calculated Gamble+1","Footwork+1","Dodge and Roll+1","Backflip+1","Sadistic Nature+1","Acrobatics+1","Cloak And Dagger+1","Escape Plan+1","Backflip+1","Malaise+1"],"relics":["Ring of the Snake","Regal Pillow","Snake Skull","Strawberry","Kunai","Molten Egg 2","Sozu","Nunchaku","Orichalcum","Pantograph","Frozen Egg 2","Coffee Dripper","Toxic Egg 2","Dodecahedron"],"potions_floor_usage":[7,51,55],"damage_taken":[{"damage":4,"enemies":"Cultist","floor":1,"turns":6},{"damage":6,"enemies":"Jaw Worm","floor":2,"turns":5},{"damage":7,"enemies":"Small Slimes","floor":4,"turns":4},{"damage":1,"enemies":"2 Fungi Beasts","floor":5,"turns":4},{"damage":6,"enemies":"Gremlin Nob","floor":7,"turns":3},{"damage":27,"enemies":"3 Sentries","floor":10,"turns":10},{"damage":5,"enemies":"Gremlin Gang","floor":11,"turns":5},{"damage":1,"enemies":"Lagavulin","floor":12,"turns":7},{"damage":1,"enemies":"Red Slaver","floor":13,"turns":3},{"damage":5,"enemies":"Exordium Thugs","floor":14,"turns":4},{"damage":12,"enemies":"Hexaghost","floor":16,"turns":7},{"damage":8,"enemies":"3 Byrds","floor":18,"turns":6},{"damage":6,"enemies":"Shell Parasite","floor":19,"turns":5},{"damage":4,"enemies":"3 Cultists","floor":22,"turns":5},{"damage":20,"enemies":"Slavers","floor":23,"turns":9},{"damage":9,"enemies":"Snecko","floor":25,"turns":5},{"damage":11,"enemies":"Cultist and Chosen","floor":28,"turns":7},{"damage":0,"enemies":"Book of Stabbing","floor":31,"turns":5},{"damage":43,"enemies":"Automaton","floor":33,"turns":15},{"damage":0,"enemies":"3 Shapes","floor":35,"turns":7},{"damage":0,"enemies":"Orb Walker","floor":36,"turns":4},{"damage":29,"enemies":"Transient","floor":37,"turns":6},{"damage":0,"enemies":"3 Darklings","floor":39,"turns":9},{"damage":43,"enemies":"Giant Head","floor":40,"turns":10},{"damage":2,"enemies":"Sphere and 2 Shapes","floor":42,"turns":10},{"damage":15,"enemies":"Jaw Worm Horde","floor":45,"turns":9},{"damage":19,"enemies":"Maw","floor":47,"turns":5},{"damage":37,"enemies":"Time Eater","floor":50,"turns":9},{"damage":47,"enemies":"Awakened One","floor":51,"turns":19},{"damage":49,"enemies":"Shield and Spear","floor":55,"turns":15},{"damage":53,"enemies":"The Heart","floor":56,"turns":3}],"seed_played":"-1741685428588276452","potions_obtained":[{"floor":4,"key":"Swift Potion"},{"floor":7,"key":"GamblersBrew"},{"floor":10,"key":"FearPotion"},{"floor":11,"key":"SpeedPotion"}],"is_trial":false,"path_per_floor":["M","M","$","M","M","R","E","R","T","E","M","E","M","M","R","B",null,"M","M","?","$","M","E","R","M","T","?","M","R","$","E","R","B",null,"M","M","M","?","M","E","R","M","T","R","M","$","M","$","R","B","B",null,"R","$","E","B"],"character_chosen":"THE_SILENT","items_purchased":["Well Laid Plans","Quick Slash","Flash of Steel+1","Cloak And Dagger","Finisher+1","PiercingWail","Footwork+1","Dodge and Roll+1","Backflip+1","Sadistic Nature+1","Cloak And Dagger+1","Escape Plan+1","Backflip+1"],"campfire_rested":2,"item_purchase_floors":[3,3,21,21,30,30,46,46,46,46,48,48,54],"current_hp_per_floor":[55,49,49,42,41,41,35,66,73,46,41,40,39,34,34,22,60,52,46,46,46,42,22,58,49,49,49,51,51,51,51,51,35,47,51,51,31,31,51,26,26,51,51,51,51,51,38,38,38,26,51,51,51,51,44,0],"gold":35,"neow_bonus":"RANDOM_COMMON_RELIC","is_prod":false,"is_daily":false,"chose_seed":false,"campfire_upgraded":7,"win_rate":0,"timestamp":1549137839,"path_taken":["M","?","?","M","M","R","E","R","T","E","M","E","?","M","R","BOSS","M","M","?","$","M","E","R","M","T","?","M","R","$","E","R","BOSS","M","M","M","?","M","E","R","?","T","R","M","$","M","?","R","BOSS","BOSS","R","$","E","BOSS"],"build_version":"2019-01-23","purchased_purges":2,"victory":false,"max_hp_per_floor":[66,66,66,66,66,66,66,66,73,73,73,73,73,73,73,73,73,73,73,73,73,73,73,73,73,73,51,51,51,51,51,51,51,51,51,51,51,51,51,51,51,51,51,51,51,51,51,51,51,51,51,51,51,51,51,51],"card_choices":[{"not_picked":["Heel Hook","Reflex"],"picked":"Dagger Throw","floor":1},{"not_picked":["Prepared","Sucker Punch"],"picked":"Flying Knee","floor":2},{"not_picked":["Expertise","Slice","Flying Knee"],"picked":"SKIP","floor":4},{"not_picked":["Riddle With Holes","Dodge and Roll"],"picked":"Terror","floor":5},{"not_picked":["All Out Attack","Outmaneuver","Cloak And Dagger"],"picked":"SKIP","floor":7},{"not_picked":["All Out Attack","Setup","Slice"],"picked":"SKIP","floor":10},{"not_picked":["Quick Slash","Tools of the Trade","Masterful Stab"],"picked":"SKIP","floor":11},{"not_picked":["PiercingWail","Escape Plan"],"picked":"Finisher","floor":12},{"not_picked":["Flying Knee+1","Quick Slash+1"],"picked":"PiercingWail","floor":13},{"not_picked":["Dagger Spray+1","Blur"],"picked":"Blade Dance","floor":14},{"not_picked":["Corpse Explosion","Die Die Die+1"],"picked":"After Image","floor":16},{"not_picked":["Dodge and Roll","Finisher+1"],"picked":"Blade Dance+1","floor":18},{"not_picked":["Prepared","Masterful Stab+1","Sucker Punch+1"],"picked":"SKIP","floor":19},{"not_picked":["Poisoned Stab+1","Noxious Fumes"],"picked":"Dash+1","floor":22},{"not_picked":["Acrobatics","Endless Agony+1"],"picked":"Deflect+1","floor":23},{"not_picked":["Concentrate","Blade Dance"],"picked":"Leg Sweep","floor":25},{"not_picked":["Setup","Masterful Stab+1"],"picked":"Dodge and Roll","floor":28},{"not_picked":["Quick Slash+1","Expertise","Masterful Stab+1"],"picked":"SKIP","floor":31},{"not_picked":["Grand Finale+1","Corpse Explosion"],"picked":"Die Die Die+1","floor":33},{"not_picked":["Distraction","Flying Knee+1"],"picked":"Footwork+1","floor":35},{"not_picked":["Masterful Stab+1","Prepared","Flechettes+1"],"picked":"SKIP","floor":36},{"not_picked":["Backstab+1","Outmaneuver"],"picked":"Backflip","floor":37},{"not_picked":["Sucker Punch+1","Reflex"],"picked":"Deflect","floor":39},{"not_picked":["Concentrate","Terror"],"picked":"Envenom+1","floor":40},{"not_picked":["Poisoned Stab+1","Deflect+1"],"picked":"Blur+1","floor":42},{"not_picked":["Flechettes+1","Dagger Throw+1"],"picked":"Calculated Gamble+1","floor":45},{"not_picked":["Dagger Spray+1","Doppelganger+1"],"picked":"Acrobatics+1","floor":47},{"not_picked":["Underhanded Strike+1","Dagger Spray+1"],"picked":"Malaise+1","floor":55}],"player_experience":837322,"relics_obtained":[{"floor":7,"key":"Snake Skull"},{"floor":9,"key":"Strawberry"},{"floor":10,"key":"Kunai"},{"floor":12,"key":"Molten Egg 2"},{"floor":23,"key":"Orichalcum"},{"floor":26,"key":"Pantograph"},{"floor":31,"key":"Frozen Egg 2"},{"floor":40,"key":"Toxic Egg 2"},{"floor":55,"key":"Dodecahedron"}],"event_choices":[{"damage_healed":0,"gold_gain":0,"player_choice":"Opened","damage_taken":0,"relics_obtained":["Nunchaku"],"max_hp_gain":0,"max_hp_loss":0,"event_name":"The Mausoleum","floor":20,"gold_loss":0,"cards_obtained":["Writhe"]},{"damage_healed":0,"gold_gain":0,"player_choice":"Became a vampire","damage_taken":0,"max_hp_gain":0,"max_hp_loss":22,"event_name":"Vampires","floor":27,"gold_loss":0,"cards_obtained":["Bite","Bite","Bite","Bite","Bite"]},{"damage_healed":0,"gold_gain":300,"player_choice":"Gold","damage_taken":0,"max_hp_gain":0,"max_hp_loss":0,"event_name":"Wheel of Change","floor":38,"gold_loss":0}],"is_beta":false,"boss_relics":[{"not_picked":["Runic Dome","Fusion Hammer"],"picked":"Sozu"},{"not_picked":["HoveringKite","Calling Bell"],"picked":"Coffee Dripper"}],"items_purged_floors":[21,46],"is_endless":false,"potions_floor_spawned":[4,7,10,11,19,22,33,37,39,42,45],"killed_by":"The Heart","ascension_level":20}