{"gold_per_floor":[115,133,44,57,57,57,88,88,88,122,272,272,63,77,77,175,175,198,198,198,38,54,54,98,98,98,98,11,25,25,48,48,147,147,170,195,90,90,111,146,146,164,189,189,202,226,226],"floor_reached":47,"playtime":3046,"items_purged":["Pain","Defend_B"],"score":1016,"play_id":"5924430d-f28f-4d2b-a232-8ea1ce9cdf78","local_time":"20190203001253","is_ascension_mode":true,"campfire_choices":[{"data":"Zap","floor":6,"key":"SMITH"},{"floor":8,"key":"REST"},{"data":"Darkness","floor":15,"key":"SMITH"},{"data":"Fission","floor":23,"key":"SMITH"},{"floor":25,"key":"REST"},{"floor":27,"key":"REST"},{"data":"Coolheaded","floor":30,"key":"SMITH"},{"data":"Capacitor","floor":32,"key":"SMITH"},{"floor":41,"key":"REST"}],"neow_cost":"NONE","seed_source_timestamp":40691712033687,"circlet_count":0,"master_deck":["AscendersBane","Defend_B","Defend_B","Zap+1","Dualcast","Glacier","Ball Lightning","Static Discharge","Coolheaded+1","Darkness+1","Capacitor+1","Fission+1","Recycle","Echo Form","Blizzard","Undo","Glacier","Genetic Algorithm","Compile Driver+1","Glacier","Hologram","Turbo+1","Coolheaded"],"relics":["Cracked Core","Golden Idol","Bottled Lightning","Blood Vial","PreservedInsect","Sozu","WarpedTongs","Smiling Mask","Blue Candle","Empty Cage","Mercury Hourglass","Molten Egg 2","Orichalcum"],"potions_floor_usage":[16,40],"damage_taken":[{"damage":3,"enemies":"2 Louse","floor":1,"turns":2},{"damage":0,"enemies":"Jaw Worm","floor":2,"turns":5},{"damage":7,"enemies":"Small Slimes","floor":4,"turns":3},{"damage":30,"enemies":"Gremlin Nob","floor":7,"turns":4},{"damage":16,"enemies":"Lagavulin","floor":10,"turns":7},{"damage":0,"enemies":"2 Fungi Beasts","floor":14,"turns":4},{"damage":8,"enemies":"Hexaghost","floor":16,"turns":9},{"damage":8,"enemies":"3 Byrds","floor":18,"turns":4},{"damage":17,"enemies":"Spheric Guardian","floor":22,"turns":4},{"damage":28,"enemies":"Book of Stabbing","floor":24,"turns":4},{"damage":0,"enemies":"Snecko","floor":29,"turns":6},{"damage":5,"enemies":"Snake Plant","floor":31,"turns":6},{"damage":31,"enemies":"Champ","floor":33,"turns":16},{"damage":6,"enemies":"3 Darklings","floor":35,"turns":6},{"damage":0,"enemies":"Orb Walker","floor":36,"turns":6},{"damage":44,"enemies":"Transient","floor":39,"turns":6},{"damage":2,"enemies":"Giant Head","floor":40,"turns":9},{"damage":8,"enemies":"Jaw Worm Horde","floor":42,"turns":6},{"damage":6,"enemies":"Writhing Mass","floor":45,"turns":11},{"damage":8,"enemies":"Spire Growth","floor":46,"turns":8},{"damage":16,"enemies":"Nemesis","floor":47,"turns":17}],"seed_played":"-1191820491858924655","potions_obtained":[{"floor":1,"key":"LiquidBronze"},{"floor":10,"key":"Strength Potion"}],"is_trial":false,"path_per_floor":["M","M","$","M","?","R","E","R","T","E","?","?","$","M","R","B",null,"M","?","?","$","M","R","E","R","T","R","$","M","R","M","R","B",null,"M","M","$","T","M","E","R","M","T","?","M","M","E"],"character_chosen":"DEFECT","items_purchased":["Static Discharge","Darkness","PreservedInsect","Blizzard","Glacier","Hologram"],"campfire_rested":4,"item_purchase_floors":[3,13,13,21,28,37],"current_hp_per_floor":[61,61,61,54,54,54,24,43,43,27,27,27,27,29,29,23,54,48,48,48,48,33,33,7,26,26,45,45,47,47,44,44,15,52,48,50,50,50,8,8,27,21,21,21,17,11,0],"gold":226,"neow_bonus":"REMOVE_CARD","is_prod":false,"is_daily":false,"chose_seed":false,"campfire_upgraded":5,"win_rate":0,"timestamp":1549149173,"path_taken":["M","M","$","M","?","R","E","R","T","E","?","?","$","M","R","BOSS","M","?","?","$","?","R","E","R","T","R","$","M","R","M","R","BOSS","M","M","?","?","M","E","R","?","T","?","M","M","E"],"build_version":"2019-01-23","purchased_purges":2,"victory":false,"max_hp_per_floor":[71,71,71,71,64,64,64,64,64,64,64,64,64,64,64,64,64,64,64,64,64,64,64,64,64,64,64,64,64,64,64,64,64,64,64,64,64,64,64,64,64,64,64,64,64,64,64],"card_choices":[{"not_picked":["Recycle","Sunder"],"picked":"Glacier","floor":1},{"not_picked":["Turbo","Go for the Eyes"],"picked":"Ball Lightning","floor":2},{"not_picked":["Blizzard","Hologram","Auto Shields"],"picked":"SKIP","floor":4},{"not_picked":["Hologram","Redo"],"picked":"Coolheaded","floor":7},{"not_picked":["Sunder","Redo","Multi-Cast"],"picked":"SKIP","floor":10},{"not_picked":["Turbo","Leap"],"picked":"Capacitor","floor":14},{"not_picked":["Buffer","Multi-Cast"],"picked":"Fission","floor":16},{"not_picked":["Streamline","Sunder","Scrape"],"picked":"SKIP","floor":18},{"not_picked":["Reprogram","Redo","Doom and Gloom"],"picked":"SKIP","floor":22},{"not_picked":["Double Energy","Cold Snap"],"picked":"Undo","floor":24},{"not_picked":["Barrage","Beam Cell","Leap"],"picked":"SKIP","floor":29},{"not_picked":["Stack","Leap"],"picked":"Genetic Algorithm","floor":31},{"not_picked":["Stack","Gash"],"picked":"Compile Driver+1","floor":35},{"not_picked":["Turbo","Tempest"],"picked":"Glacier","floor":36},{"not_picked":["Gash","Chaos+1","Beam Cell"],"picked":"SKIP","floor":39},{"not_picked":["Stack+1","Conserve Battery","Force Field+1"],"picked":"SKIP","floor":40},{"not_picked":["Force Field+1","Redo","Chaos"],"picked":"SKIP","floor":42},{"not_picked":["Blizzard+1","Storm"],"picked":"Turbo+1","floor":45},{"not_picked":["Rebound+1","Stack"],"picked":"Coolheaded","floor":46}],"player_experience":849619,"relics_obtained":[{"floor":7,"key":"Bottled Lightning"},{"floor":10,"key":"Blood Vial"},{"floor":24,"key":"Smiling Mask"},{"floor":26,"key":"Blue Candle"},{"floor":38,"key":"Mercury Hourglass"},{"floor":40,"key":"Molten Egg 2"},{"floor":43,"key":"Orichalcum"}],"event_choices":[{"damage_healed":0,"gold_gain":0,"player_choice":"Lose Max HP","damage_taken":0,"relics_obtained":["Golden Idol"],"max_hp_gain":0,"max_hp_loss":7,"event_name":"Golden Idol","floor":5,"gold_loss":0},{"damage_healed":0,"gold_gain":150,"player_choice":"AGREE","damage_taken":0,"max_hp_gain":0,"max_hp_loss":0,"event_name":"Liars Game","floor":11,"gold_loss":0,"cards_obtained":["Doubt"]},{"cards_removed":["Doubt"],"damage_healed":0,"gold_gain":0,"player_choice":"Forget","damage_taken":0,"max_hp_gain":0,"max_hp_loss":0,"event_name":"Living Wall","floor":12,"gold_loss":0},{"damage_healed":0,"gold_gain":0,"cards_transformed":["Strike_B","Strike_B"],"player_choice":"Became Test Subject","damage_taken":0,"max_hp_gain":0,"max_hp_loss":0,"event_name":"Drug Dealer","floor":19,"gold_loss":0,"cards_obtained":["Recycle","Echo Form"]},{"damage_healed":0,"gold_gain":0,"player_choice":"Rummage","damage_taken":0,"relics_obtained":["WarpedTongs"],"max_hp_gain":0,"max_hp_loss":0,"event_name":"Accursed Blacksmith","floor":20,"gold_loss":0,"cards_obtained":["Pain"]},{"damage_healed":0,"gold_gain":0,"player_choice":"Memory 1","damage_taken":0,"max_hp_gain":0,"max_hp_loss":0,"event_name":"SensoryStone","floor":44,"gold_loss":0}],"is_beta":false,"boss_relics":[{"not_picked":["Runic Pyramid","Coffee Dripper"],"picked":"Sozu"},{"not_picked":["Runic Dome","Velvet Choker"],"picked":"Empty Cage"}],"items_purged_floors":[21,37],"is_endless":false,"potions_floor_spawned":[1,10,24,29,31,33,35,45,46],"killed_by":"Nemesis","ascension_level":20}