{"gold_per_floor":[10,10,29,29,49,81,81,81],"floor_reached":8,"playtime":423,"items_purged":[],"score":112,"play_id":"e0fbadbb-7d9a-4c82-b3c2-4e40b03fb688","local_time":"20190617005526","is_ascension_mode":true,"campfire_choices":[{"data":"Footwork","floor":7,"key":"SMITH"}],"neow_cost":"NO_GOLD","seed_source_timestamp":46502505814535,"circlet_count":0,"master_deck":["AscendersBane","Defend_G","Defend_G","Defend_G","Defend_G","Defend_G","Strike_G","Strike_G","Strike_G","Survivor","Neutralize","Malaise","Dagger Spray","Unload","Footwork+1"],"relics":["Ring of the Snake","Shuriken"],"potions_floor_usage":[8],"damage_taken":[{"damage":6,"enemies":"Cultist","floor":1,"turns":7},{"damage":2,"enemies":"Jaw Worm","floor":3,"turns":8},{"damage":0,"enemies":"2 Louse","floor":5,"turns":4},{"damage":32,"enemies":"3 Sentries","floor":6,"turns":10},{"damage":17,"enemies":"Large Slime","floor":8,"turns":6}],"seed_played":"-6615394441769744806","potions_obtained":[{"floor":6,"key":"Swift Potion"}],"is_trial":false,"path_per_floor":["M","?","M","?","M","E","R","M"],"character_chosen":"THE_SILENT","items_purchased":[],"campfire_rested":0,"item_purchase_floors":[],"current_hp_per_floor":[53,46,44,44,44,12,12,0],"gold":81,"neow_bonus":"THREE_RARE_CARDS","is_prod":false,"is_daily":false,"chose_seed":false,"campfire_upgraded":1,"win_rate":0,"timestamp":1560725726,"path_taken":["M","?","M","?","M","E","R","?"],"build_version":"2019-01-23","purchased_purges":0,"victory":false,"max_hp_per_floor":[66,66,66,66,66,66,66,66],"card_choices":[{"not_picked":["A Thousand Cuts","Storm of Steel"],"picked":"Malaise","floor":0},{"not_picked":["Underhanded Strike","Bane","Setup"],"picked":"SKIP","floor":1},{"not_picked":["Backflip","Infinite Blades"],"picked":"Dagger Spray","floor":3},{"not_picked":["Flying Knee","Slice"],"picked":"Unload","floor":5},{"not_picked":["Escape Plan","Reflex"],"picked":"Footwork","floor":6}],"player_experience":1377884,"relics_obtained":[{"floor":6,"key":"Shuriken"}],"event_choices":[{"cards_removed":["Strike_G"],"damage_healed":0,"gold_gain":0,"player_choice":"Card Removal","damage_taken":7,"max_hp_gain":0,"max_hp_loss":0,"event_name":"Golden Wing","floor":2,"gold_loss":0},{"cards_removed":["Strike_G"],"damage_healed":0,"gold_gain":0,"player_choice":"Offered Basic","damage_taken":0,"max_hp_gain":0,"max_hp_loss":0,"event_name":"Bonfire Elementals","floor":4,"gold_loss":0}],"is_beta":false,"boss_relics":[],"items_purged_floors":[],"is_endless":false,"potions_floor_spawned":[6],"killed_by":"Large Slime","ascension_level":20}