{"gold_per_floor":[118,118,118,118,43,56,56,81,93,105,117,129,161,190,202,291,353,375,387,213,213,171,171],"floor_reached":23,"playtime":1025,"items_purged":["Strike_G","Writhe"],"score":424,"play_id":"0187ae9a-23d0-4c99-b4c9-ebd3138d91d3","local_time":"20181230214349","is_ascension_mode":true,"campfire_choices":[{"data":"Neutralize","floor":7,"key":"SMITH"},{"data":"Cloak And Dagger","floor":10,"key":"SMITH"},{"data":"Dodge and Roll","floor":12,"key":"SMITH"},{"data":"Deadly Poison","floor":15,"key":"SMITH"}],"neow_cost":"NONE","seed_source_timestamp":31905981055545,"circlet_count":0,"master_deck":["AscendersBane","Defend_G","Defend_G","Defend_G","Defend_G","Defend_G","Strike_G","Strike_G","Strike_G+1","Survivor","Neutralize+1","Cloak And Dagger+1","Dagger Throw","Dodge and Roll+1","Infinite Blades+1","Deadly Poison+1","A Thousand Cuts+1","Backflip","Well Laid Plans+1","Backflip"],"relics":["Ring of the Snake","NeowsBlessing","Oddly Smooth Stone","MawBank","Frozen Egg 2","Tiny House","Nunchaku"],"potions_floor_usage":[23,23],"damage_taken":[{"damage":0,"enemies":"2 Louse","floor":1,"turns":1},{"damage":0,"enemies":"Jaw Worm","floor":6,"turns":1},{"damage":0,"enemies":"Lagavulin","floor":8,"turns":1},{"damage":0,"enemies":"Small Slimes","floor":13,"turns":3},{"damage":0,"enemies":"Looter","floor":14,"turns":4},{"damage":7,"enemies":"The Guardian","floor":16,"turns":12},{"damage":27,"enemies":"Spheric Guardian","floor":18,"turns":6},{"damage":11,"enemies":"2 Thieves","floor":22,"turns":5},{"damage":30,"enemies":"Slavers","floor":23,"turns":3}],"seed_played":"-1592886202598951050","potions_obtained":[{"floor":6,"key":"Strength Potion"},{"floor":11,"key":"SmokeBomb"},{"floor":17,"key":"PowerPotion"}],"is_trial":false,"path_per_floor":["M","?","T","?","$","M","R","E","T","R","?","R","M","M","R","B",null,"M","?","$","?","M","E"],"character_chosen":"THE_SILENT","items_purchased":["Well Laid Plans+1"],"campfire_rested":0,"item_purchase_floors":[20],"current_hp_per_floor":[59,59,59,59,59,59,59,59,59,59,59,59,59,59,59,52,68,41,41,41,34,23,0],"gold":171,"neow_bonus":"THREE_ENEMY_KILL","is_prod":false,"is_daily":false,"chose_seed":false,"campfire_upgraded":4,"win_rate":0,"timestamp":1546202629,"path_taken":["M","?","?","?","$","M","R","E","T","R","?","R","M","M","R","BOSS","M","?","$","?","M","E"],"build_version":"2018-12-20","purchased_purges":2,"victory":false,"max_hp_per_floor":[66,66,66,66,66,66,66,66,66,66,66,66,66,66,66,66,71,71,71,71,71,71,71],"card_choices":[{"not_picked":["Outmaneuver","Calculated Gamble"],"picked":"Cloak And Dagger","floor":1},{"not_picked":["Blade Dance","Slice"],"picked":"Dagger Throw","floor":6},{"not_picked":["Catalyst","Backflip"],"picked":"Dodge and Roll","floor":8},{"not_picked":["Storm of Steel","Deflect"],"picked":"Infinite Blades+1","floor":13},{"not_picked":["Flying Knee","Deflect"],"picked":"Deadly Poison","floor":14},{"not_picked":["Malaise","Wraith Form v2+1"],"picked":"A Thousand Cuts+1","floor":16},{"not_picked":["Choke","Storm of Steel"],"picked":"Backflip","floor":18},{"not_picked":["Dagger Spray","Reflex"],"picked":"Backflip","floor":22}],"player_experience":710354,"relics_obtained":[{"floor":3,"key":"Oddly Smooth Stone"},{"floor":8,"key":"MawBank"},{"floor":9,"key":"Frozen Egg 2"}],"event_choices":[{"cards_removed":["Strike_G"],"damage_healed":0,"gold_gain":0,"player_choice":"Forget","damage_taken":0,"max_hp_gain":0,"max_hp_loss":0,"event_name":"Living Wall","floor":2,"gold_loss":0},{"damage_healed":0,"gold_gain":0,"player_choice":"Leave","damage_taken":0,"max_hp_gain":0,"max_hp_loss":0,"event_name":"The Cleric","floor":4,"gold_loss":0},{"damage_healed":0,"gold_gain":0,"player_choice":"Got Potions","damage_taken":0,"max_hp_gain":0,"max_hp_loss":0,"event_name":"Lab","floor":11,"gold_loss":0},{"damage_healed":0,"gold_gain":0,"player_choice":"Opened","damage_taken":0,"relics_obtained":["Nunchaku"],"max_hp_gain":0,"max_hp_loss":0,"event_name":"The Mausoleum","floor":19,"gold_loss":0,"cards_obtained":["Writhe"]},{"damage_healed":0,"gold_gain":0,"player_choice":"","damage_taken":7,"max_hp_gain":0,"max_hp_loss":0,"event_name":"Knowing Skull","floor":21,"potions_obtained":[],"gold_loss":0,"cards_obtained":[]}],"is_beta":false,"boss_relics":[{"not_picked":["Coffee Dripper","Lizard Tail"],"picked":"Tiny House"}],"items_purged_floors":[5,20],"is_endless":false,"potions_floor_spawned":[6,16,18],"killed_by":"Slavers","ascension_level":20}