{"gold_per_floor":[363,374,374,384,398,398,427,427,451,451,477,496,496,513,513,513],"floor_reached":16,"playtime":840,"items_purged":[],"score":112,"play_id":"42af9b05-bc80-4a9c-8551-839df2a2c3e5","local_time":"20190201200548","is_ascension_mode":false,"campfire_choices":[{"floor":6.0,"key":"REST"},{"floor":8.0,"key":"RECALL"},{"floor":10.0,"key":"REST"},{"floor":13.0,"key":"REST"},{"floor":15.0,"key":"REST"}],"neow_cost":"PERCENT_DAMAGE","seed_source_timestamp":153239527164400,"circlet_count":0,"master_deck":["Defend_G","Defend_G","Defend_G","Defend_G","Defend_G","Strike_G","Strike_G","Strike_G","Strike_G","Strike_G","Survivor","Neutralize","Footwork","Conserve Battery","Footwork","Well Laid Plans","Backflip","Leg Sweep","Dodge and Roll"],"special_seed":0,"relics":["Ring of the Snake","Boot","Bag of Preparation","Orichalcum"],"potions_floor_usage":[],"damage_taken":[{"damage":6.0,"enemies":"2 Louse","floor":1.0,"turns":6.0},{"damage":0.0,"enemies":"Cultist","floor":2.0,"turns":5.0},{"damage":3.0,"enemies":"Jaw Worm","floor":4.0,"turns":5.0},{"damage":0.0,"enemies":"2 Fungi Beasts","floor":5.0,"turns":6.0},{"damage":11.0,"enemies":"3 Sentries","floor":7.0,"turns":17.0},{"damage":43.0,"enemies":"Lagavulin","floor":11.0,"turns":10.0},{"damage":0.0,"enemies":"Exordium Wildlife","floor":12.0,"turns":4.0},{"damage":9.0,"enemies":"Exordium Thugs","floor":14.0,"turns":10.0},{"damage":0,"enemies":"Hexaghost","floor":16,"turns":1}],"seed_played":"-3224522464422799447","potions_obtained":[{"floor":2.0,"key":"Explosive Potion"},{"floor":4.0,"key":"Dexterity Potion"},{"floor":12.0,"key":"Block Potion"},{"floor":14.0,"key":"SpeedPotion"}],"is_trial":false,"path_per_floor":["M","M","?","M","M","R","E","R","T","R","E","M","R","M","R","B"],"character_chosen":"THE_SILENT","items_purchased":[],"campfire_rested":4,"item_purchase_floors":[],"current_hp_per_floor":[43,43,43,40,40,61,50,50,50,70,27,27,48,39,60,60],"gold":513,"neow_bonus":"TWO_FIFTY_GOLD","is_prod":false,"is_daily":false,"chose_seed":false,"campfire_upgraded":0,"win_rate":0,"timestamp":1549069548,"path_taken":["M","M","?","?","M","R","E","R","T","R","E","M","R","M","R","BOSS"],"build_version":"2019-01-23","purchased_purges":0,"victory":false,"max_hp_per_floor":[70,70,70,70,70,70,70,70,70,70,70,70,70,70,70,70],"card_choices":[{"not_picked":["Cloak And Dagger","Slice"],"picked":"Footwork","floor":1.0},{"not_picked":["Predator","Blade Dance"],"picked":"Cloak And Dagger","floor":2.0},{"not_picked":["Choke","Dagger Throw"],"picked":"Footwork","floor":4.0},{"not_picked":["Flying Knee","Bane"],"picked":"Well Laid Plans","floor":5.0},{"not_picked":["Acrobatics","Wraith Form v2"],"picked":"Backflip","floor":7.0},{"not_picked":["Noxious Fumes","Masterful Stab"],"picked":"Leg Sweep","floor":11.0},{"not_picked":["Backflip","Setup","Sucker Punch"],"picked":"SKIP","floor":12.0},{"not_picked":["Calculated Gamble","Dagger Spray"],"picked":"Dodge and Roll","floor":14.0}],"player_experience":258125,"relics_obtained":[{"floor":7.0,"key":"Boot"},{"floor":9.0,"key":"Bag of Preparation"},{"floor":11.0,"key":"Orichalcum"}],"event_choices":[{"cards_removed":["Cloak And Dagger"],"damage_healed":0.0,"max_hp_gain":0.0,"max_hp_loss":0.0,"gold_gain":0.0,"event_name":"NoteForYourself","player_choice":"Took Card","floor":3.0,"gold_loss":0.0,"damage_taken":0.0,"cards_obtained":["Conserve Battery"]}],"is_beta":false,"boss_relics":[],"items_purged_floors":[],"is_endless":false,"potions_floor_spawned":[2,4,12,14],"killed_by":"Hexaghost","ascension_level":0}