{"gold_per_floor":[116,291,303,253,38,73,73,99,178,198,225,243,257,1,1,1],"floor_reached":16,"playtime":641,"items_purged":["Defend_R"],"score":204,"play_id":"ec1e6898-9d42-46fc-82bf-b05e7c65b26c","local_time":"20190509101047","is_ascension_mode":true,"campfire_choices":[{"floor":7,"key":"REST"},{"floor":15,"key":"REST"}],"neow_cost":"NONE","seed_source_timestamp":1798110223580024,"circlet_count":0,"master_deck":["AscendersBane","Strike_R","Strike_R","Strike_R","Strike_R","Strike_R","Defend_R","Defend_R","Defend_R","Bash","Blind","Disarm","Feel No Pain","Iron Wave","Warcry"],"relics":["Burning Blood","PreservedInsect","Bronze Scales","Bottled Flame","Boot","Paper Frog"],"potions_floor_usage":[8,11],"damage_taken":[{"damage":2,"enemies":"2 Louse","floor":1,"turns":3},{"damage":7,"enemies":"Small Slimes","floor":3,"turns":3},{"damage":39,"enemies":"Lagavulin","floor":6,"turns":10},{"damage":19,"enemies":"Gremlin Nob","floor":8,"turns":4},{"damage":4,"enemies":"Cultist","floor":10,"turns":4},{"damage":31,"enemies":"Lagavulin","floor":11,"turns":6},{"damage":10,"enemies":"Red Slaver","floor":12,"turns":4},{"damage":12,"enemies":"3 Louse","floor":13,"turns":4},{"damage":37,"enemies":"The Guardian","floor":16,"turns":13}],"seed_played":"4764450218036596201","potions_obtained":[{"floor":6,"key":"SteroidPotion"},{"floor":8,"key":"Energy Potion"},{"floor":13,"key":"SteroidPotion"}],"is_trial":false,"path_per_floor":["M","?","M","?","$","E","R","E","T","M","E","M","M","$","R","B"],"character_chosen":"IRONCLAD","items_purchased":["Disarm","Feel No Pain","Paper Frog"],"campfire_rested":2,"item_purchase_floors":[5,5,14],"current_hp_per_floor":[72,72,71,71,71,38,60,47,47,49,24,20,14,14,36,0],"gold":1,"neow_bonus":"RANDOM_COLORLESS","is_prod":false,"is_daily":false,"chose_seed":false,"campfire_upgraded":0,"win_rate":0,"timestamp":1557407447,"path_taken":["M","?","M","?","$","E","R","E","T","M","E","M","M","$","R","BOSS"],"build_version":"2019-01-23","purchased_purges":1,"victory":false,"max_hp_per_floor":[75,75,75,75,75,75,75,75,75,75,75,75,75,75,75,75],"card_choices":[{"not_picked":["Havoc","True Grit","Hemokinesis"],"picked":"SKIP","floor":1},{"not_picked":["Headbutt","Clash","Wild Strike"],"picked":"SKIP","floor":3},{"not_picked":["Headbutt","Clothesline"],"picked":"Iron Wave","floor":6},{"not_picked":["Flex","Dual Wield","Wild Strike"],"picked":"SKIP","floor":8},{"not_picked":["Sword Boomerang","Clothesline","Havoc"],"picked":"SKIP","floor":10},{"not_picked":["Power Through","Clash","Heavy Blade"],"picked":"SKIP","floor":11},{"not_picked":["Brutality","Heavy Blade","Blood for Blood"],"picked":"SKIP","floor":12},{"not_picked":["Headbutt","Sword Boomerang"],"picked":"Warcry","floor":13}],"player_experience":715050,"relics_obtained":[{"floor":6,"key":"PreservedInsect"},{"floor":8,"key":"Bronze Scales"},{"floor":9,"key":"Bottled Flame"},{"floor":11,"key":"Boot"}],"event_choices":[{"damage_healed":0,"gold_gain":175,"player_choice":"AGREE","damage_taken":0,"max_hp_gain":0,"max_hp_loss":0,"event_name":"Liars Game","floor":2,"gold_loss":0,"cards_obtained":["Doubt"]},{"cards_removed":["Doubt"],"damage_healed":0,"gold_gain":0,"player_choice":"Card Removal","damage_taken":0,"max_hp_gain":0,"max_hp_loss":0,"event_name":"The Cleric","floor":4,"gold_loss":50}],"is_beta":false,"boss_relics":[],"items_purged_floors":[5],"is_endless":false,"potions_floor_spawned":[6,8,13],"killed_by":"The Guardian","ascension_level":14}