{"gold_per_floor":[14,14,164,35,50,50,85,99,123,123,143,478,478,521,521,521],"floor_reached":16,"playtime":679,"items_purged":["Doubt"],"score":236,"play_id":"85c3ad7f-1ed9-4f9e-97d5-d14c709c0bba","local_time":"20190417221426","is_ascension_mode":true,"campfire_choices":[{"data":"Fiend Fire","floor":6,"key":"SMITH"},{"data":"Bash","floor":10,"key":"SMITH"},{"data":"Combust","floor":15,"key":"SMITH"}],"neow_cost":"NO_GOLD","seed_source_timestamp":38621179007212,"circlet_count":0,"master_deck":["AscendersBane","Strike_R","Strike_R","Strike_R+1","Strike_R","Strike_R+1","Defend_R","Defend_R","Defend_R","Defend_R","Bash+1","Fiend Fire+1","Flame Barrier","Combust+1","Inflame","Feel No Pain","Inflame"],"relics":["Burning Blood","Golden Idol","Red Skull","Whetstone","Old Coin","Pear","Boot"],"potions_floor_usage":[12,16,16],"damage_taken":[{"damage":10,"enemies":"Small Slimes","floor":1,"turns":3},{"damage":0,"enemies":"Jaw Worm","floor":5,"turns":4},{"damage":25,"enemies":"3 Sentries","floor":7,"turns":6},{"damage":6,"enemies":"Cultist","floor":8,"turns":4},{"damage":4,"enemies":"2 Fungi Beasts","floor":11,"turns":3},{"damage":15,"enemies":"Lagavulin","floor":12,"turns":5},{"damage":19,"enemies":"3 Sentries","floor":14,"turns":8},{"damage":44,"enemies":"The Guardian","floor":16,"turns":13}],"seed_played":"5388743952527130629","potions_obtained":[{"floor":5,"key":"Weak Potion"},{"floor":7,"key":"SteroidPotion"},{"floor":12,"key":"Fruit Juice"}],"is_trial":false,"path_per_floor":["M","?","?","$","M","R","E","M","T","R","M","E","T","E","R","B"],"character_chosen":"IRONCLAD","items_purchased":["Poison Potion"],"campfire_rested":0,"item_purchase_floors":[4],"current_hp_per_floor":[64,64,64,64,68,68,49,49,49,49,51,42,52,39,39,0],"gold":521,"neow_bonus":"THREE_RARE_CARDS","is_prod":false,"is_daily":false,"chose_seed":false,"campfire_upgraded":3,"win_rate":0,"timestamp":1555532066,"path_taken":["M","?","?","$","M","R","E","M","T","R","?","E","?","E","R","BOSS"],"build_version":"2019-01-23","purchased_purges":1,"victory":false,"max_hp_per_floor":[75,68,68,68,68,68,68,68,68,68,68,68,78,78,78,83],"card_choices":[{"not_picked":["Berserk","Exhume"],"picked":"Fiend Fire","floor":0},{"not_picked":["Twin Strike","Blood for Blood"],"picked":"Flame Barrier","floor":1},{"not_picked":["Dual Wield","Iron Wave"],"picked":"Combust","floor":5},{"not_picked":["Combust","Hemokinesis"],"picked":"Inflame","floor":7},{"not_picked":["Rampage","Anger","Pommel Strike"],"picked":"SKIP","floor":8},{"not_picked":["Ghostly Armor","Perfected Strike"],"picked":"Feel No Pain","floor":11},{"not_picked":["Havoc","Flex","Entrench"],"picked":"SKIP","floor":12},{"not_picked":["Fire Breathing","Pummel"],"picked":"Inflame","floor":14}],"player_experience":1164137,"relics_obtained":[{"floor":7,"key":"Red Skull"},{"floor":9,"key":"Whetstone"},{"floor":12,"key":"Old Coin"},{"floor":13,"key":"Pear"},{"floor":14,"key":"Boot"}],"event_choices":[{"damage_healed":0,"gold_gain":0,"player_choice":"Lose Max HP","damage_taken":0,"relics_obtained":["Golden Idol"],"max_hp_gain":0,"max_hp_loss":7,"event_name":"Golden Idol","floor":2,"gold_loss":0},{"damage_healed":0,"gold_gain":150,"player_choice":"AGREE","damage_taken":0,"max_hp_gain":0,"max_hp_loss":0,"event_name":"Liars Game","floor":3,"gold_loss":0,"cards_obtained":["Doubt"]}],"is_beta":false,"boss_relics":[],"items_purged_floors":[4],"is_endless":false,"potions_floor_spawned":[5,7,12],"killed_by":"The Guardian","ascension_level":20}