{"gold_per_floor":[116,116,126,126,51,83,83,114,186,186,204,204,218,249,249,326,326,337,174,174,174,19,19,47,47,47,60,76,76,101,120,120,194,194,206,226,1225,1225,82,112,112,144,170,170,185,35,47,63,63,63,63,63,63,63,90,90],"floor_reached":57,"playtime":5084,"items_purged":["Strike_B","Strike_B","Normality","Normality"],"score":3407,"play_id":"1aae1c62-16d3-4baa-8539-2c5c843c33f5","local_time":"20190419000456","is_ascension_mode":true,"campfire_choices":[{"data":"Sweeping Beam","floor":7.0,"key":"SMITH"},{"data":"Gash","floor":10.0,"key":"SMITH"},{"data":"Defend_B","floor":12.0,"key":"SMITH"},{"floor":15.0,"key":"REST"},{"data":"Doom and Gloom","floor":23.0,"key":"SMITH"},{"data":"Biased Cognition","floor":25.0,"key":"SMITH"},{"data":"Defend_B","floor":32.0,"key":"SMITH"},{"data":"Echo Form","floor":41,"key":"SMITH"},{"floor":49,"key":"RECALL"},{"data":"Loop","floor":53,"key":"SMITH"}],"neow_cost":"NONE","seed_source_timestamp":34307322297070,"circlet_count":0,"master_deck":["AscendersBane","Defend_B+1","Defend_B+1","Defend_B","Dualcast","Sweeping Beam+1","Genetic Algorithm","Reinforced Body+1","Hologram+1","All For One","Biased Cognition+1","Doom and Gloom+1","Ghostly+1","Ghostly+1","Ghostly+1","Undo+1","Undo+1","Core Surge+1","Genetic Algorithm+1","Ball Lightning+1","Coolheaded+1","Consume+1","Echo Form+1","Core Surge","Force Field+1","Cold Snap+1","Loop+1"],"special_seed":0,"relics":["Cracked Core","NeowsBlessing","Oddly Smooth Stone","Toxic Egg 2","Matryoshka","Sundial","Snecko Eye","Blood Vial","Dead Branch","Thread and Needle","Pear","Calipers","Symbiotic Virus","Astrolabe","Chemical X","Letter Opener","Bird Faced Urn","Shuriken","Pantograph"],"potions_floor_usage":[39,56,56],"damage_taken":[{"damage":0.0,"enemies":"Small Slimes","floor":1.0,"turns":1.0},{"damage":0.0,"enemies":"Cultist","floor":3.0,"turns":1.0},{"damage":0.0,"enemies":"Lagavulin","floor":6.0,"turns":1.0},{"damage":20.0,"enemies":"3 Sentries","floor":8.0,"turns":4.0},{"damage":0.0,"enemies":"2 Louse","floor":11.0,"turns":1.0},{"damage":0.0,"enemies":"Looter","floor":13.0,"turns":3.0},{"damage":0.0,"enemies":"Gremlin Nob","floor":14.0,"turns":3.0},{"damage":59.0,"enemies":"Slime Boss","floor":16.0,"turns":11.0},{"damage":3.0,"enemies":"Spheric Guardian","floor":18.0,"turns":11.0},{"damage":0.0,"enemies":"Gremlin Leader","floor":24.0,"turns":6.0},{"damage":0.0,"enemies":"2 Thieves","floor":27.0,"turns":4.0},{"damage":4.0,"enemies":"Snake Plant","floor":28.0,"turns":5.0},{"damage":0.0,"enemies":"Slavers","floor":30.0,"turns":7.0},{"damage":9.0,"enemies":"Shelled Parasite and Fungi","floor":31.0,"turns":4.0},{"damage":0.0,"enemies":"Champ","floor":33.0,"turns":11.0},{"damage":0,"enemies":"Orb Walker","floor":35,"turns":6},{"damage":0,"enemies":"3 Darklings","floor":36,"turns":5},{"damage":12,"enemies":"Nemesis","floor":40,"turns":13},{"damage":0,"enemies":"Giant Head","floor":42,"turns":13},{"damage":0,"enemies":"Maw","floor":45,"turns":9},{"damage":0,"enemies":"Transient","floor":47,"turns":6},{"damage":0,"enemies":"3 Darklings","floor":48,"turns":8},{"damage":0,"enemies":"Time Eater","floor":50,"turns":10},{"damage":0,"enemies":"Donu and Deca","floor":51,"turns":12},{"damage":0,"enemies":"Shield and Spear","floor":55,"turns":9},{"damage":0,"enemies":"The Heart","floor":56,"turns":13}],"seed_played":"1671156112282422923","potions_obtained":[{"floor":3.0,"key":"Fire Potion"},{"floor":8.0,"key":"AttackPotion"},{"floor":11.0,"key":"Poison Potion"},{"floor":18.0,"key":"PowerPotion"},{"floor":27.0,"key":"Regen Potion"},{"floor":33.0,"key":"SkillPotion"},{"floor":55,"key":"SpeedPotion"}],"is_trial":false,"path_per_floor":["M","?","M","?","?","E","R","E","T","R","M","R","M","E","R","B",null,"M","$","?","T","$","R","E","R","T","M","M","?","E","M","R","B",null,"M","M","?","?","$","E","R","E","T","?","M","$","M","M","R","B","B",null,"R","$","E","B",null],"character_chosen":"DEFECT","items_purchased":["Doom and Gloom","Fire Potion","Echo Form","Fruit Juice","FocusPotion","Chemical X","Core Surge","Force Field+1","Letter Opener"],"campfire_rested":1,"item_purchase_floors":[19,22,39,39,39,39,39,39,39],"current_hp_per_floor":[64,64,64,64,64,64,64,44,44,44,44,44,44,44,65,6,55,52,52,35,35,35,35,35,35,45,45,41,41,43,36,36,38,43,45,45,45,45,50,38,38,46,46,46,50,50,50,50,50,50,50,50,50,50,50,50],"gold":90,"neow_bonus":"THREE_ENEMY_KILL","is_prod":false,"is_daily":false,"chose_seed":false,"campfire_upgraded":8,"win_rate":0,"timestamp":1555625096,"path_taken":["M","?","?","?","?","E","R","E","T","R","M","R","M","E","R","BOSS","M","$","?","?","?","R","E","R","T","?","M","?","E","M","R","BOSS","M","M","?","?","$","E","R","E","T","?","M","$","M","?","R","BOSS","BOSS","R","$","E","BOSS"],"build_version":"2019-01-23","purchased_purges":4,"victory":true,"max_hp_per_floor":[71,71,71,71,71,71,71,71,71,71,71,71,71,71,71,71,71,71,71,35,35,35,35,35,35,45,45,45,45,45,45,45,45,45,45,45,45,45,50,50,50,50,50,50,50,50,50,50,50,50,50,50,50,50,50,50],"card_choices":[{"not_picked":["Streamline","Redo"],"picked":"Sweeping Beam","floor":1.0},{"not_picked":["Barrage","Leap"],"picked":"Gash","floor":3.0},{"not_picked":["Sunder","Core Surge"],"picked":"Genetic Algorithm","floor":6.0},{"not_picked":["FTL","Steam"],"picked":"Reinforced Body","floor":8.0},{"not_picked":["Compile Driver","Hello World","Go for the Eyes"],"picked":"SKIP","floor":11.0},{"not_picked":["Turbo+1","Compile Driver"],"picked":"Hologram+1","floor":13.0},{"not_picked":["Steam+1","Rebound"],"picked":"All For One","floor":14.0},{"not_picked":["Amplify+1","Hyperbeam"],"picked":"Biased Cognition","floor":16.0},{"not_picked":["Streamline","Aggregate+1","Compile Driver"],"picked":"SKIP","floor":18.0},{"not_picked":["Auto Shields+1","Go for the Eyes","Heatsinks"],"picked":"SKIP","floor":24.0},{"not_picked":["Tempest+1","Gash","Turbo+1"],"picked":"SKIP","floor":27.0},{"not_picked":["Cold Snap","All For One"],"picked":"Chaos+1","floor":28.0},{"not_picked":["Double Energy+1","Leap+1"],"picked":"Undo+1","floor":30.0},{"not_picked":["Go for the Eyes+1","Hello World"],"picked":"Undo+1","floor":31.0},{"not_picked":["Stack+1","Ball Lightning"],"picked":"Coolheaded+1","floor":35},{"not_picked":["Storm","Conserve Battery+1"],"picked":"Consume+1","floor":36},{"not_picked":["Compile Driver","Turbo+1"],"picked":"Cold Snap+1","floor":40},{"not_picked":["Rebound","Ball Lightning+1","Leap+1"],"picked":"SKIP","floor":42},{"not_picked":["Rebound","Ball Lightning+1","Leap+1"],"picked":"SKIP","floor":42},{"not_picked":["Static Discharge","Ball Lightning","BootSequence+1"],"picked":"SKIP","floor":45},{"not_picked":["Sweeping Beam","Genetic Algorithm+1","Turbo+1"],"picked":"SKIP","floor":47},{"not_picked":["Thunder Strike","Self Repair+1"],"picked":"Loop","floor":48},{"not_picked":["FTL+1","Ball Lightning","Lockon"],"picked":"SKIP","floor":55}],"player_experience":1177875,"relics_obtained":[{"floor":6.0,"key":"Oddly Smooth Stone"},{"floor":8.0,"key":"Toxic Egg 2"},{"floor":9.0,"key":"Matryoshka"},{"floor":14.0,"key":"Sundial"},{"floor":21.0,"key":"Blood Vial"},{"floor":21.0,"key":"Dead Branch"},{"floor":24.0,"key":"Thread and Needle"},{"floor":26.0,"key":"Pear"},{"floor":26.0,"key":"Calipers"},{"floor":30.0,"key":"Symbiotic Virus"},{"floor":40,"key":"Bird Faced Urn"},{"floor":42,"key":"Shuriken"},{"floor":55,"key":"Pantograph"}],"event_choices":[{"cards_removed":["Strike_B"],"damage_healed":0.0,"max_hp_gain":0.0,"max_hp_loss":0.0,"gold_gain":0.0,"event_name":"Purifier","player_choice":"Purged","floor":2.0,"gold_loss":0.0,"damage_taken":0.0},{"damage_healed":0.0,"max_hp_gain":0.0,"max_hp_loss":0.0,"gold_gain":0.0,"event_name":"Living Wall","player_choice":"Grow","floor":4.0,"gold_loss":0.0,"damage_taken":0.0,"cards_upgraded":["Zap"]},{"cards_removed":["Strike_B"],"damage_healed":0.0,"max_hp_gain":0.0,"max_hp_loss":0.0,"gold_gain":0.0,"event_name":"The Cleric","player_choice":"Card Removal","floor":5.0,"gold_loss":75.0,"damage_taken":0.0},{"damage_healed":0.0,"max_hp_gain":0.0,"max_hp_loss":36.0,"gold_gain":0.0,"event_name":"Ghosts","player_choice":"Became a Ghost","floor":20.0,"gold_loss":0.0,"damage_taken":0.0,"cards_obtained":["Ghostly","Ghostly","Ghostly"]},{"damage_healed":0.0,"max_hp_gain":0.0,"max_hp_loss":0.0,"gold_gain":0.0,"event_name":"Vampires","player_choice":"Ignored","floor":29.0,"gold_loss":0.0,"damage_taken":0.0},{"damage_healed":0,"gold_gain":999,"player_choice":"Gold","damage_taken":0,"max_hp_gain":0,"max_hp_loss":0,"event_name":"MindBloom","floor":37,"gold_loss":0,"cards_obtained":["Normality","Normality"]},{"damage_healed":0,"gold_gain":0,"player_choice":"Ignored","damage_taken":0,"max_hp_gain":0,"max_hp_loss":0,"event_name":"Mysterious Sphere","floor":38,"gold_loss":0},{"cards_removed":["Chaos"],"damage_healed":0,"gold_gain":0,"player_choice":"Removed Skill","damage_taken":0,"max_hp_gain":0,"max_hp_loss":0,"event_name":"Falling","floor":44,"gold_loss":0}],"is_beta":false,"boss_relics":[{"not_picked":["FrozenCore","Eternal Feather"],"picked":"Snecko Eye"},{"not_picked":["Tiny House","Runic Pyramid"],"picked":"Astrolabe"}],"items_purged_floors":[19,22,39,46],"is_endless":false,"potions_floor_spawned":[3,8,11,18,27,33,40,45,55],"ascension_level":20}