{"gold_per_floor":[117,131,131,131,147,180,195,43,98,98,112,112,122,135,135,238,238,258,272,290,290],"floor_reached":21,"playtime":837,"items_purged":[],"score":319,"play_id":"092d8c4a-723e-4494-bcf0-da7525318b83","local_time":"20190205085045","is_ascension_mode":true,"campfire_choices":[{"floor":10,"key":"REST"},{"data":"Inflame","floor":12,"key":"SMITH"},{"data":"Pommel Strike","floor":15,"key":"SMITH"}],"neow_cost":"PERCENT_DAMAGE","seed_source_timestamp":69238801593515,"circlet_count":0,"master_deck":["Strike_R","Strike_R","Strike_R","Strike_R","Strike_R","Defend_R","Defend_R","Defend_R","Defend_R","Bash+1","Perfected Strike+1","Pommel Strike+1","Perfected Strike","Inflame+1","Perfected Strike","Juggernaut","Ghostly Armor","Pommel Strike"],"relics":["Burning Blood","Mummified Hand","Oddly Smooth Stone","Art of War","Philosopher\u0027s Stone"],"potions_floor_usage":[11,18,21],"damage_taken":[{"damage":13,"enemies":"Jaw Worm","floor":1,"turns":4},{"damage":1,"enemies":"2 Louse","floor":2,"turns":3},{"damage":0,"enemies":"Cultist","floor":5,"turns":2},{"damage":25,"enemies":"3 Sentries","floor":6,"turns":6},{"damage":25,"enemies":"Gremlin Gang","floor":7,"turns":5},{"damage":3,"enemies":"Blue Slaver","floor":11,"turns":3},{"damage":0,"enemies":"Exordium Wildlife","floor":13,"turns":2},{"damage":0,"enemies":"Large Slime","floor":14,"turns":4},{"damage":0,"enemies":"Slime Boss","floor":16,"turns":4},{"damage":34,"enemies":"3 Byrds","floor":18,"turns":6},{"damage":21,"enemies":"Shell Parasite","floor":19,"turns":4},{"damage":36,"enemies":"Snake Plant","floor":20,"turns":4},{"damage":22,"enemies":"Centurion and Healer","floor":21,"turns":3}],"seed_played":"607211811699826661","potions_obtained":[{"floor":1,"key":"Ancient Potion"},{"floor":7,"key":"Weak Potion"},{"floor":14,"key":"Weak Potion"},{"floor":18,"key":"SteroidPotion"}],"is_trial":false,"path_per_floor":["M","M","?","?","M","E","M","$","T","R","M","R","M","M","R","B",null,"M","M","M","M"],"character_chosen":"IRONCLAD","items_purchased":["Oddly Smooth Stone"],"campfire_rested":1,"item_purchase_floors":[8],"current_hp_per_floor":[65,70,70,70,76,57,38,38,38,66,69,69,75,81,81,87,94,66,51,21,0],"gold":290,"neow_bonus":"TWENTY_PERCENT_HP_BONUS","is_prod":false,"is_daily":false,"chose_seed":false,"campfire_upgraded":2,"win_rate":0,"timestamp":1549371045,"path_taken":["M","M","?","?","M","E","?","$","T","R","M","R","M","M","R","BOSS","M","?","M","M"],"build_version":"2019-01-23","purchased_purges":0,"victory":false,"max_hp_per_floor":[96,96,96,96,96,96,96,96,96,96,96,96,96,96,96,96,96,96,96,96,96],"card_choices":[{"not_picked":["Feel No Pain","Rupture"],"picked":"Perfected Strike","floor":1},{"not_picked":["Reckless Charge","True Grit","Sever Soul"],"picked":"SKIP","floor":2},{"not_picked":["Heavy Blade","Brutality"],"picked":"Pommel Strike","floor":5},{"not_picked":["Cleave","Metallicize"],"picked":"Perfected Strike","floor":6},{"not_picked":["Metallicize","Armaments"],"picked":"Inflame","floor":7},{"not_picked":["Rage","Corruption"],"picked":"Perfected Strike","floor":11},{"not_picked":["Iron Wave","Clash","True Grit"],"picked":"SKIP","floor":13},{"not_picked":["Flex","Infernal Blade","Cleave"],"picked":"SKIP","floor":14},{"not_picked":["Brutality","Berserk"],"picked":"Juggernaut","floor":16},{"not_picked":["Armaments","Flex","Rupture"],"picked":"SKIP","floor":18},{"not_picked":["Havoc","Body Slam+1"],"picked":"Ghostly Armor","floor":19},{"not_picked":["Cleave","Clothesline+1"],"picked":"Pommel Strike","floor":20}],"player_experience":424399,"relics_obtained":[{"floor":6,"key":"Mummified Hand"},{"floor":9,"key":"Art of War"}],"event_choices":[{"damage_healed":0,"gold_gain":0,"player_choice":"Grow","damage_taken":0,"max_hp_gain":0,"max_hp_loss":0,"event_name":"Living Wall","floor":3,"gold_loss":0,"cards_upgraded":["Perfected Strike"]},{"damage_healed":0,"gold_gain":0,"player_choice":"Upgraded","damage_taken":0,"max_hp_gain":0,"max_hp_loss":0,"event_name":"Upgrade Shrine","floor":4,"gold_loss":0,"cards_upgraded":["Bash"]}],"is_beta":false,"boss_relics":[{"not_picked":["Black Star","Coffee Dripper"],"picked":"Philosopher\u0027s Stone"}],"items_purged_floors":[],"is_endless":false,"potions_floor_spawned":[1,7,14,18],"killed_by":"Centurion and Healer","ascension_level":5}