{"gold_per_floor":[114,32,32,107,36,36,63,63,145,158,158,193,158,185,185,283,283,302,315,315,67,81,81,93,93,149,149,160,160,160,189,189,189],"floor_reached":33,"playtime":1848,"items_purged":[],"score":455,"play_id":"61666140-958e-4d6a-8fc2-a809eee59cf8","local_time":"20190529151957","is_ascension_mode":true,"campfire_choices":[{"data":"Neutralize","floor":6,"key":"SMITH"},{"floor":11,"key":"REST"},{"floor":15,"key":"REST"},{"floor":23,"key":"REST"},{"floor":25,"key":"REST"},{"floor":29,"key":"REST"},{"data":"Ghostly","floor":32,"key":"SMITH"}],"neow_cost":"TEN_PERCENT_HP_LOSS","seed_source_timestamp":976725886209294,"circlet_count":0,"master_deck":["Defend_G","Defend_G","Defend_G","Defend_G","Survivor","Neutralize+1","Noxious Fumes","Noxious Fumes","Noxious Fumes","Escape Plan","Sucker Punch","Endless Agony","Well Laid Plans","Backflip","Bite","Bite","Bite","Bite","Bite","Panache","Caltrops","Escape Plan","Adrenaline","Panache","Ghostly+1","Ghostly","Ghostly","Ghostly","Ghostly"],"relics":["Ring of the Snake","Lantern","Ninja Scroll","Dream Catcher","Art of War","Lizard Tail","Tiny Chest","Snake Skull"],"potions_floor_usage":[7,16,22,31],"damage_taken":[{"damage":0,"enemies":"Cultist","floor":1,"turns":4},{"damage":42,"enemies":"Gremlin Nob","floor":7,"turns":6},{"damage":1,"enemies":"Small Slimes","floor":10,"turns":4},{"damage":12,"enemies":"3 Sentries","floor":12,"turns":6},{"damage":13,"enemies":"Gremlin Nob","floor":14,"turns":5},{"damage":26,"enemies":"Slime Boss","floor":16,"turns":9},{"damage":16,"enemies":"Shell Parasite","floor":18,"turns":7},{"damage":18,"enemies":"Chosen","floor":19,"turns":6},{"damage":17,"enemies":"Centurion and Healer","floor":22,"turns":6},{"damage":35,"enemies":"Shelled Parasite and Fungi","floor":24,"turns":6},{"damage":18,"enemies":"Snecko","floor":28,"turns":4},{"damage":28,"enemies":"Gremlin Leader","floor":31,"turns":7},{"damage":48,"enemies":"Champ","floor":33,"turns":10}],"seed_played":"2928768362906617900","potions_obtained":[{"floor":1,"key":"AttackPotion"},{"floor":14,"key":"SteroidPotion"},{"floor":18,"key":"Fire Potion"},{"floor":19,"key":"Swift Potion"}],"is_trial":false,"path_per_floor":["M","$","?","?","$","R","E","?","T","M","R","E","?","E","R","B",null,"M","M","?","$","M","R","M","R","T","?","M","R","?","E","R","B"],"character_chosen":"THE_SILENT","items_purchased":["Noxious Fumes","Noxious Fumes","Panache","Caltrops"],"campfire_rested":5,"item_purchase_floors":[2,5,21,21],"current_hp_per_floor":[63,63,68,57,57,57,15,15,15,14,34,22,39,26,46,20,56,40,22,22,22,15,29,6,20,20,20,12,26,23,21,21,0],"gold":189,"neow_bonus":"REMOVE_TWO","is_prod":false,"is_daily":false,"chose_seed":false,"campfire_upgraded":2,"win_rate":0,"timestamp":1559153997,"path_taken":["M","?","?","?","$","R","E","?","T","M","R","E","?","E","R","BOSS","M","M","?","$","M","R","M","R","T","?","?","R","?","E","R","BOSS"],"build_version":"2019-01-23","purchased_purges":0,"victory":false,"max_hp_per_floor":[63,63,68,68,68,68,68,68,68,68,68,68,68,68,68,68,68,68,68,47,47,47,47,47,47,47,47,47,47,23,23,23,23],"card_choices":[{"not_picked":["Bouncing Flask","Cloak And Dagger","Finisher"],"picked":"SKIP","floor":1},{"not_picked":["Grand Finale","Poisoned Stab"],"picked":"Noxious Fumes","floor":7},{"not_picked":["Predator","Reflex"],"picked":"Escape Plan","floor":10},{"not_picked":["Deflect","Underhanded Strike"],"picked":"Sucker Punch","floor":12},{"not_picked":["Skewer","Predator"],"picked":"Endless Agony","floor":14},{"not_picked":["Tactician","Blade Dance"],"picked":"Well Laid Plans","floor":15},{"not_picked":["Bane","Skewer+1","Predator+1"],"picked":"SKIP","floor":18},{"not_picked":["Outmaneuver","Cloak And Dagger"],"picked":"Backflip","floor":19},{"not_picked":["Dagger Throw+1","Dash"],"picked":"Escape Plan","floor":22},{"not_picked":["Eviscerate","PiercingWail"],"picked":"Adrenaline","floor":24},{"not_picked":["Eviscerate","Slice","Blade Dance"],"picked":"SKIP","floor":28},{"not_picked":["Tactician","Masterful Stab+1","Bane+1"],"picked":"SKIP","floor":31}],"player_experience":816926,"relics_obtained":[{"floor":7,"key":"Lantern"},{"floor":9,"key":"Ninja Scroll"},{"floor":12,"key":"Dream Catcher"},{"floor":14,"key":"Art of War"},{"floor":26,"key":"Tiny Chest"},{"floor":31,"key":"Snake Skull"}],"event_choices":[{"damage_healed":0,"gold_gain":0,"player_choice":"Donut","damage_taken":0,"max_hp_gain":5,"max_hp_loss":0,"event_name":"Big Fish","floor":3,"gold_loss":0},{"damage_healed":0,"gold_gain":75,"player_choice":"Gather Gold","damage_taken":11,"max_hp_gain":0,"max_hp_loss":0,"event_name":"World of Goop","floor":4,"gold_loss":0},{"damage_healed":0,"gold_gain":0,"player_choice":"Ignored","damage_taken":0,"max_hp_gain":0,"max_hp_loss":0,"event_name":"Shining Light","floor":8,"gold_loss":0},{"damage_healed":17,"gold_gain":0,"player_choice":"Healed","damage_taken":0,"max_hp_gain":0,"max_hp_loss":0,"event_name":"The Cleric","floor":13,"gold_loss":35},{"damage_healed":0,"gold_gain":0,"player_choice":"Became a vampire","damage_taken":0,"max_hp_gain":0,"max_hp_loss":21,"event_name":"Vampires","floor":20,"gold_loss":0,"cards_obtained":["Bite","Bite","Bite","Bite","Bite"]},{"damage_healed":0,"gold_gain":0,"player_choice":"Copied","damage_taken":0,"max_hp_gain":0,"max_hp_loss":0,"event_name":"Duplicator","floor":27,"gold_loss":0,"cards_obtained":["Panache"]},{"damage_healed":0,"gold_gain":0,"player_choice":"Became a Ghost","damage_taken":0,"max_hp_gain":0,"max_hp_loss":24,"event_name":"Ghosts","floor":30,"gold_loss":0,"cards_obtained":["Ghostly","Ghostly","Ghostly","Ghostly","Ghostly"]}],"is_beta":false,"boss_relics":[{"not_picked":["Ectoplasm","Runic Pyramid"],"picked":"Lizard Tail"}],"items_purged_floors":[],"is_endless":false,"potions_floor_spawned":[1,14,18,19],"killed_by":"Champ","ascension_level":9}