{"path_per_floor":["M","?","$","?","?","E","R","M","T","E","$","M","R","M","R","B",null,"M","?","M","?","M","R","E","?","T","R","?","R","M","M","R","B",null,"M","$","?","?","M","R","M"],"character_chosen":"THE_SILENT","items_purchased":["Noxious Fumes","Footwork","Catalyst","Dagger Spray","Crippling Poison","Regen Potion","Infinite Blades","Poisoned Stab","Good Instincts"],"gold_per_floor":[212,212,135,135,135,165,165,179,204,229,42,55,55,71,71,166,166,182,182,193,193,206,206,235,235,260,260,260,260,278,293,293,392,392,410,66,0,0,19,19,33],"floor_reached":42,"campfire_rested":7,"playtime":3217,"current_hp_per_floor":[70,70,70,58,58,44,65,65,65,51,51,49,49,41,62,48,70,45,68,59,59,45,66,25,25,25,46,46,67,47,24,45,19,70,17,17,17,17,3,24,15],"items_purged":[],"gold":33,"score":418,"play_id":"c1c4298d-d438-4ef1-a739-b85bdc2fd2ec","is_prod":false,"is_daily":false,"is_ascension_mode":true,"campfire_upgraded":1,"path_taken":["M","?","$","?","?","E","R","M","T","E","$","M","R","M","R","BOSS","M","?","M","?","M","R","E","?","T","R","?","R","M","M","R","BOSS","M","$","?","?","M","R","M","M"],"build_version":"2018-02-15-PROD1","purchased_purges":0,"victory":false,"master_deck":["Defend_G","Defend_G","Defend_G","Defend_G","Defend_G","Strike_G","Strike_G","Strike_G","Strike_G","Strike_G","Survivor","Neutralize","Deflect","Noxious Fumes+1","A Thousand Cuts","Backstab","Well Laid Plans","Venomology","Footwork","Catalyst","Dagger Spray","Caltrops","Slice","Poisoned Stab","Die Die Die","Cloak And Dagger+1","Slice","Footwork","Deflect+1","Tools of the Trade+1","Decay","Flying Knee+1","Injury","Dagger Spray+1","Dagger Spray+1","Flying Knee+1","Catalyst","Bullet Time","Backstab+1","Crippling Poison","Infinite Blades","Poisoned Stab+1","Good Instincts","Tactician","Bane+1","Masterful Stab+1","Predator+1"],"max_hp_per_floor":[70,70,70,70,70,70,70,70,70,70,70,70,70,70,70,70,70,70,70,70,70,70,70,70,70,70,70,70,70,70,70,70,70,70,70,70,70,70,70,70,70],"relics":["Ring of the Snake","Pen Nib","Bronze Scales","Dream Catcher","Bottled Tornado","Lizard Tail","Molten Egg 2","Juzu Bracelet","Cursed Key","Red Mask"],"card_choices":[{"not_picked":["Dash","Dagger Throw"],"picked":"Deflect"},{"not_picked":["Skewer","Crippling Poison"],"picked":"Backstab"},{"not_picked":["Flying Knee","Quick Slash"],"picked":"Well Laid Plans"},{"not_picked":["Deadly Poison","Dodge and Roll"],"picked":"Venomology"},{"not_picked":["PiercingWail","Malaise"],"picked":"Caltrops"},{"not_picked":["Flying Knee","Distraction"],"picked":"Slice"},{"not_picked":["Cloak And Dagger","Acrobatics"],"picked":"Poisoned Stab"},{"not_picked":["A Thousand Cuts","Wraith Form"],"picked":"Die Die Die"},{"not_picked":["Blur","Poisoned Stab"],"picked":"Cloak And Dagger"},{"not_picked":["Underhanded Strike","PiercingWail"],"picked":"Slice"},{"not_picked":["Acrobatics","Deflect"],"picked":"Footwork"},{"not_picked":["A Thousand Cuts","Bane"],"picked":"Deflect"},{"not_picked":["Riddle With Holes","Expertise"],"picked":"Tools of the Trade"},{"not_picked":["Acrobatics","Quick Slash"],"picked":"Flying Knee"},{"not_picked":["Acrobatics","Backflip"],"picked":"Dagger Spray"},{"not_picked":["Poisoned Stab","Deadly Poison"],"picked":"Dagger Spray"},{"not_picked":["Accuracy","Deadly Poison"],"picked":"Flying Knee"},{"not_picked":["Die Die Die","Finisher"],"picked":"Catalyst"},{"not_picked":["Phantasmal Killer","Night Terror"],"picked":"Bullet Time"},{"not_picked":["Finisher","Deflect"],"picked":"Backstab"},{"not_picked":["Deadly Poison","Deflect"],"picked":"Bane"},{"not_picked":["Prepared","Dodge and Roll"],"picked":"Masterful Stab"},{"not_picked":["Dagger Spray","Leg Sweep"],"picked":"Predator"}],"player_experience":104391,"potions_floor_usage":[6,10,16,20,20,22,22,22,24,30,30,31,33,33,39,41,41,42],"damage_taken":[{"damage":0,"enemies":"2 Louse","floor":1,"turns":4},{"damage":14,"enemies":"Gremlin Nob","floor":6,"turns":5},{"damage":0,"enemies":"Small Slimes","floor":8,"turns":1},{"damage":14,"enemies":"3 Sentries","floor":10,"turns":7},{"damage":2,"enemies":"Jaw Worm","floor":12,"turns":3},{"damage":8,"enemies":"Gremlin Gang","floor":14,"turns":3},{"damage":14,"enemies":"The Guardian","floor":16,"turns":8},{"damage":25,"enemies":"Shell Parasite","floor":18,"turns":6},{"damage":9,"enemies":"Spheric Guardian","floor":20,"turns":4},{"damage":23,"enemies":"Centurion and Healer","floor":22,"turns":4},{"damage":41,"enemies":"Book of Stabbing","floor":24,"turns":5},{"damage":20,"enemies":"Sentry and Sphere","floor":30,"turns":5},{"damage":23,"enemies":"Snecko","floor":31,"turns":5},{"damage":71,"enemies":"Champ","floor":33,"turns":11},{"damage":53,"enemies":"3 Darklings","floor":35,"turns":4},{"damage":20,"enemies":"Orb Walker","floor":39,"turns":3},{"damage":9,"enemies":"Maw","floor":41,"turns":7},{"damage":20,"enemies":"Sphere and 2 Shapes","floor":42,"turns":2}],"event_choices":[{"event_name":"The Cleric","player_choice":"Leave","floor":2,"damage_taken":0},{"event_name":"Scrap Ooze","player_choice":"success","floor":4,"damage_taken":12},{"event_name":"Match and Keep!","player_choice":"2 cards matched","floor":5,"damage_taken":0},{"event_name":"The Library","player_choice":"Heal","floor":19,"damage_taken":0},{"event_name":"Beggar","player_choice":"Ignored","floor":21,"damage_taken":0},{"event_name":"Forgotten Altar","player_choice":"Smashed Altar","floor":25,"damage_taken":0},{"event_name":"Accursed Blacksmith","player_choice":"Forge","floor":28,"damage_taken":0},{"event_name":"Tomb of Lord Red Mask","player_choice":"Paid","floor":37,"damage_taken":0},{"event_name":"Transmorgrifier","player_choice":"Transform","floor":38,"damage_taken":0}],"boss_relics":[{"not_picked":["Question Card","Runic Dome"],"picked":"Lizard Tail"},{"not_picked":["Orrery","Philosopher\u0027s Stone"],"picked":"Cursed Key"}],"potions_floor_spawned":[1,6,16,22,24,31,35,39],"seed_played":"-2864356561035489355","killed_by":"Sphere and 2 Shapes","ascension_level":1,"is_trial":false}