{"gold_per_floor":[114,128,3,14,14,49,49,84,137,147,163,163,175,188,188,188],"floor_reached":16,"playtime":561,"items_purged":["Strike_R"],"score":228,"play_id":"fbc1c27e-3983-47b8-9551-ada9ee6ace93","local_time":"20181230221018","is_ascension_mode":true,"campfire_choices":[{"data":"Whirlwind","floor":7,"key":"SMITH"},{"data":"Inflame","floor":12,"key":"SMITH"},{"data":"Bash","floor":15,"key":"SMITH"}],"neow_cost":"NONE","seed_source_timestamp":33960342198482,"circlet_count":0,"master_deck":["AscendersBane","Strike_R","Strike_R","Strike_R","Strike_R","Defend_R","Defend_R","Defend_R","Defend_R","Bash+1","Wild Strike+1","Inflame+1","Whirlwind+1","Shrug It Off","Offering","Shrug It Off","Feel No Pain","Headbutt","Shrug It Off","Immolate"],"relics":["Burning Blood","Smiling Mask","Question Card","Red Skull","Blood Vial"],"potions_floor_usage":[6,8,16,16],"damage_taken":[{"damage":7,"enemies":"Cultist","floor":1,"turns":4},{"damage":10,"enemies":"Small Slimes","floor":2,"turns":3},{"damage":6,"enemies":"2 Louse","floor":4,"turns":2},{"damage":28,"enemies":"Gremlin Nob","floor":6,"turns":4},{"damage":38,"enemies":"Lagavulin","floor":8,"turns":6},{"damage":0,"enemies":"Lots of Slimes","floor":10,"turns":2},{"damage":0,"enemies":"2 Fungi Beasts","floor":11,"turns":3},{"damage":3,"enemies":"Looter","floor":13,"turns":2},{"damage":10,"enemies":"3 Louse","floor":14,"turns":2},{"damage":46,"enemies":"Hexaghost","floor":16,"turns":9}],"seed_played":"4814422125384808442","potions_obtained":[{"floor":2,"key":"SkillPotion"},{"floor":4,"key":"Regen Potion"},{"floor":10,"key":"Explosive Potion"},{"floor":14,"key":"EssenceOfSteel"}],"is_trial":false,"path_per_floor":["M","M","$","M","?","E","R","E","T","M","M","R","M","M","R","B"],"character_chosen":"IRONCLAD","items_purchased":["Whirlwind"],"campfire_rested":0,"item_purchase_floors":[3],"current_hp_per_floor":[67,63,63,63,63,41,41,24,24,32,40,40,45,43,43,0],"gold":188,"neow_bonus":"RANDOM_COMMON_RELIC","is_prod":false,"is_daily":false,"chose_seed":false,"campfire_upgraded":3,"win_rate":0,"timestamp":1546204218,"path_taken":["M","M","$","?","?","E","R","E","T","M","M","R","M","M","R","BOSS"],"build_version":"2018-12-20","purchased_purges":1,"victory":false,"max_hp_per_floor":[75,75,75,75,75,75,75,75,75,75,75,75,75,75,75,75],"card_choices":[{"not_picked":["Sever Soul","Sword Boomerang"],"picked":"Wild Strike","floor":1},{"not_picked":["Carnage","Clash"],"picked":"Inflame","floor":2},{"not_picked":["Clash","Pummel"],"picked":"Shrug It Off","floor":4},{"not_picked":["Warcry","Corruption"],"picked":"Offering","floor":6},{"not_picked":["Flex","Cleave","Thunderclap"],"picked":"Shrug It Off","floor":8},{"not_picked":["Pommel Strike","Sword Boomerang","Corruption"],"picked":"Feel No Pain","floor":10},{"not_picked":["Flex","Perfected Strike","Anger"],"picked":"Headbutt","floor":11},{"not_picked":["Clash","Perfected Strike","Burning Pact"],"picked":"Shrug It Off","floor":13},{"not_picked":["Intimidate","Bloodletting","Rupture"],"picked":"Immolate","floor":14}],"player_experience":712335,"relics_obtained":[{"floor":6,"key":"Question Card"},{"floor":8,"key":"Red Skull"},{"floor":9,"key":"Blood Vial"}],"event_choices":[{"damage_healed":0,"gold_gain":0,"player_choice":"Grow","damage_taken":0,"max_hp_gain":0,"max_hp_loss":0,"event_name":"Living Wall","floor":5,"gold_loss":0,"cards_upgraded":["Wild Strike"]}],"is_beta":false,"boss_relics":[],"items_purged_floors":[3],"is_endless":false,"potions_floor_spawned":[2,4,10,14],"killed_by":"Hexaghost","ascension_level":20}