{"path_per_floor":["M","?","M","$","M","R","$","E","T","R","?","?","R","E","R","B",null,"M","?","M"],"character_chosen":"THE_SILENT","items_purchased":["Outmaneuver","Well Laid Plans"],"gold_per_floor":[209,181,196,73,90,90,54,86,109,109,109,209,209,237,237,342,342,358,358,376],"floor_reached":21,"campfire_rested":1,"playtime":951,"current_hp_per_floor":[69,69,69,69,68,68,68,64,64,64,64,64,64,50,70,44,72,72,64,49],"items_purged":["Strike_G"],"gold":376,"score":194,"play_id":"9770b787-cea3-4fc1-b32c-8dfe5c507ea3","is_prod":false,"is_daily":false,"is_ascension_mode":true,"campfire_upgraded":3,"path_taken":["M","?","M","$","M","R","$","E","T","R","?","?","R","E","R","BOSS","M","?","M","M"],"build_version":"2018-02-15-PROD1","purchased_purges":1,"victory":false,"master_deck":["Defend_G","Defend_G","Defend_G","Defend_G","Defend_G","Strike_G","Strike_G","Strike_G","Survivor","Neutralize","Poisoned Stab+1","Noxious Fumes+1","Outmaneuver","Skewer+1","Well Laid Plans","Dagger Throw","Poisoned Stab","Sucker Punch"],"max_hp_per_floor":[70,70,70,70,70,70,70,70,70,70,70,70,70,70,70,72,72,72,72,74],"relics":["Ring of the Snake","Snake Skull","Bag of Marbles","Singing Bowl","Cursed Key"],"card_choices":[{"not_picked":["Infinite Blades","Expertise"],"picked":"Poisoned Stab"},{"not_picked":["Cloak And Dagger","Choke"],"picked":"Noxious Fumes"},{"not_picked":["Deflect","Malaise"],"picked":"Skewer"},{"not_picked":["Sucker Punch","Underhanded Strike"],"picked":"Dagger Throw"},{"not_picked":["Blade Dance","PiercingWail"],"picked":"Poisoned Stab"},{"not_picked":["PiercingWail","Backflip"],"picked":"Sucker Punch"}],"player_experience":161737,"potions_floor_usage":[8,14,20],"damage_taken":[{"damage":1,"enemies":"2 Louse","floor":1,"turns":5},{"damage":0,"enemies":"Small Slimes","floor":3,"turns":3},{"damage":1,"enemies":"Jaw Worm","floor":5,"turns":4},{"damage":4,"enemies":"Lagavulin","floor":8,"turns":6},{"damage":14,"enemies":"Gremlin Nob","floor":14,"turns":4},{"damage":28,"enemies":"The Guardian","floor":16,"turns":8},{"damage":0,"enemies":"Chosen","floor":18,"turns":3},{"damage":17,"enemies":"2 Thieves","floor":20,"turns":3},{"damage":54,"enemies":"Slaver and Parasite","floor":21,"turns":5}],"event_choices":[{"event_name":"World of Goop","player_choice":"Left","floor":2,"damage_taken":0},{"event_name":"Bonfire Elementals","player_choice":"BASIC","floor":11,"damage_taken":0},{"event_name":"Golden Shrine","player_choice":"Pray","floor":12,"damage_taken":0},{"event_name":"Knowing Skull","player_choice":"","floor":19,"damage_taken":0}],"boss_relics":[{"not_picked":["Velvet Choker","Calling Bell"],"picked":"Cursed Key"}],"potions_floor_spawned":[1,5,16],"seed_played":"-1543336478284546203","killed_by":"Slaver and Parasite","ascension_level":1,"is_trial":false}