{"gold_per_floor":[117,117,128,143,218,218,245,245,270,300,300,300,326,340,340,417,417,436,446,71,89,99,99,130,130,130,130,158,158,73,98,98,170,170,184,184,199,199,218,244,244,263,343,27,27,27,27,53,53,53,53,53,53,0,27,27],"floor_reached":56,"playtime":4436,"items_purged":["Strike_R"],"score":2093,"play_id":"27e75ec8-0624-43f8-89c0-692165526625","local_time":"20181230183754","is_ascension_mode":true,"campfire_choices":[{"data":"Bash","floor":6,"key":"SMITH"},{"floor":8,"key":"REST"},{"data":"Disarm","floor":15,"key":"SMITH"},{"data":"Armaments","floor":23,"key":"SMITH"},{"floor":25,"key":"RECALL"},{"data":"Battle Trance","floor":27,"key":"SMITH"},{"data":"Disarm","floor":29,"key":"SMITH"},{"data":"Feel No Pain","floor":32,"key":"SMITH"},{"data":"Shockwave","floor":41,"key":"SMITH"},{"data":"Apotheosis","floor":49,"key":"SMITH"},{"data":"True Grit","floor":53,"key":"SMITH"}],"neow_cost":"TEN_PERCENT_HP_LOSS","seed_source_timestamp":17341200680786,"circlet_count":0,"master_deck":["AscendersBane","Strike_R+1","Defend_R","Defend_R","Defend_R","Defend_R","Bash+1","Anger+1","Headbutt","Battle Trance+1","Disarm+1","Iron Wave","Sword Boomerang","Spot Weakness","Headbutt","Exhume","Armaments+1","Shockwave+1","Feel No Pain+1","Shrug It Off","Warcry+1","Disarm+1","Exhume","Whirlwind+1","Fiend Fire","Battle Trance+1","True Grit+1","Heavy Blade","Warcry+1","Clumsy","Writhe","Apotheosis+1","Dark Shackles","Fiend Fire","Body Slam+1"],"relics":["Burning Blood","StoneCalendar","Potion Belt","Pen Nib","Pantograph","FossilizedHelix","Whetstone","Coffee Dripper","Toy Ornithopter","Shuriken","Incense Burner","Self Forming Clay","Matryoshka","Cursed Key","Bird Faced Urn","Blood Vial","Singing Bowl","Du-Vu Doll","Paper Frog","Letter Opener"],"potions_floor_usage":[13,18,21,22,24,28,40,50,55,56,56,56],"damage_taken":[{"damage":8,"enemies":"Small Slimes","floor":1,"turns":6},{"damage":4,"enemies":"2 Louse","floor":3,"turns":3},{"damage":2,"enemies":"Jaw Worm","floor":4,"turns":3},{"damage":32,"enemies":"Gremlin Nob","floor":7,"turns":4},{"damage":33,"enemies":"3 Sentries","floor":10,"turns":7},{"damage":0,"enemies":"Gremlin Nob","floor":13,"turns":3},{"damage":0,"enemies":"3 Louse","floor":14,"turns":4},{"damage":11,"enemies":"Hexaghost","floor":16,"turns":7},{"damage":17,"enemies":"2 Thieves","floor":18,"turns":3},{"damage":14,"enemies":"Shell Parasite","floor":19,"turns":3},{"damage":14,"enemies":"Centurion and Healer","floor":21,"turns":5},{"damage":6,"enemies":"3 Cultists","floor":22,"turns":4},{"damage":5,"enemies":"Book of Stabbing","floor":24,"turns":5},{"damage":12,"enemies":"Gremlin Leader","floor":28,"turns":6},{"damage":32,"enemies":"Slavers","floor":31,"turns":7},{"damage":38,"enemies":"Automaton","floor":33,"turns":9},{"damage":0,"enemies":"Orb Walker","floor":35,"turns":2},{"damage":9,"enemies":"3 Darklings","floor":37,"turns":3},{"damage":0,"enemies":"Writhing Mass","floor":39,"turns":3},{"damage":33,"enemies":"Giant Head","floor":40,"turns":7},{"damage":0,"enemies":"Spire Growth","floor":42,"turns":6},{"damage":20,"enemies":"Nemesis","floor":48,"turns":5},{"damage":18,"enemies":"Donu and Deca","floor":50,"turns":6},{"damage":21,"enemies":"Awakened One","floor":51,"turns":8},{"damage":51,"enemies":"Shield and Spear","floor":55,"turns":7},{"damage":90,"enemies":"The Heart","floor":56,"turns":8}],"seed_played":"7845227373633754937","potions_obtained":[{"floor":7,"key":"Strength Potion"},{"floor":13,"key":"Fire Potion"},{"floor":14,"key":"Regen Potion"},{"floor":16,"key":"Dexterity Potion"},{"floor":18,"key":"Explosive Potion"},{"floor":19,"key":"AttackPotion"},{"floor":28,"key":"Ancient Potion"},{"floor":31,"key":"Explosive Potion"},{"floor":35,"key":"BloodPotion"},{"floor":39,"key":"PowerPotion"},{"floor":55,"key":"SteroidPotion"}],"is_trial":false,"path_per_floor":["M","?","M","M","?","R","E","R","T","E","T","?","E","M","R","B",null,"M","M","$","M","M","R","E","R","T","R","E","R","?","E","R","B",null,"M","?","M","?","M","E","R","M","T","$","?","$","?","E","R","B","B",null,"R","$","E","B"],"character_chosen":"IRONCLAD","items_purchased":["Toy Ornithopter","Feel No Pain","Du-Vu Doll","Block Potion"],"campfire_rested":1,"item_purchase_floors":[20,20,44,54],"current_hp_per_floor":[66,59,61,65,54,54,28,48,48,21,21,21,27,33,33,53,64,53,45,45,56,61,61,67,67,67,67,66,66,66,40,40,33,59,65,65,62,62,68,52,52,60,60,60,68,68,60,50,50,58,55,66,66,66,30,0],"gold":27,"neow_bonus":"ONE_RARE_RELIC","is_prod":false,"is_daily":false,"chose_seed":false,"campfire_upgraded":9,"win_rate":0,"timestamp":1546191474,"path_taken":["M","?","M","M","?","R","E","R","T","E","?","?","E","M","R","BOSS","M","M","$","M","?","R","E","R","T","R","E","R","?","E","R","BOSS","M","?","M","?","M","E","R","M","T","$","?","$","?","E","R","BOSS","BOSS","R","$","E","BOSS"],"build_version":"2018-12-20","purchased_purges":1,"victory":false,"max_hp_per_floor":[68,68,68,68,68,68,68,68,68,68,68,68,68,68,68,68,68,68,68,68,68,68,68,68,68,68,68,68,68,68,68,68,68,68,68,68,68,68,68,68,68,68,68,68,68,68,70,70,70,70,70,70,70,70,70,70],"card_choices":[{"not_picked":["Twin Strike","Searing Blow"],"picked":"Anger","floor":1},{"not_picked":["Flex","Infernal Blade"],"picked":"Headbutt","floor":3},{"not_picked":["Wild Strike","Anger"],"picked":"Battle Trance","floor":4},{"not_picked":["Armaments","Clothesline"],"picked":"Disarm","floor":7},{"not_picked":["Infernal Blade","Flex"],"picked":"Iron Wave","floor":10},{"not_picked":["Headbutt","Sword Boomerang"],"picked":"Spot Weakness","floor":13},{"not_picked":["Perfected Strike","Sever Soul"],"picked":"Headbutt","floor":14},{"not_picked":["Double Tap","Juggernaut"],"picked":"Exhume","floor":16},{"not_picked":["Wild Strike","Headbutt"],"picked":"Armaments","floor":18},{"not_picked":["Flex","Pommel Strike"],"picked":"Shockwave","floor":19},{"not_picked":["True Grit","Spot Weakness"],"picked":"Shrug It Off","floor":21},{"not_picked":["Bloodletting","Clothesline"],"picked":"Warcry+1","floor":22},{"not_picked":["Infernal Blade","Flex"],"picked":"Disarm","floor":24},{"not_picked":["Headbutt","Shrug It Off"],"picked":"Exhume","floor":28},{"not_picked":["Inflame","Carnage"],"picked":"Whirlwind+1","floor":31},{"not_picked":["Impervious","Feed"],"picked":"Fiend Fire","floor":33},{"not_picked":["Clothesline","Carnage"],"picked":"Battle Trance+1","floor":35},{"not_picked":["Wild Strike","Warcry","Anger"],"picked":"SKIP","floor":37},{"not_picked":["Twin Strike","Thunderclap"],"picked":"True Grit","floor":39},{"not_picked":["Dropkick","Pommel Strike+1"],"picked":"Heavy Blade","floor":40},{"not_picked":["Perfected Strike+1","Demon Form"],"picked":"Warcry+1","floor":42},{"not_picked":["Madness","Dramatic Entrance"],"picked":"Apotheosis","floor":47},{"not_picked":["Thinking Ahead","Deep Breath"],"picked":"Dark Shackles","floor":47},{"not_picked":["The Bomb","Mind Blast","PanicButton"],"picked":"Singing Bowl","floor":47},{"not_picked":["Intimidate+1","Cleave+1"],"picked":"Fiend Fire","floor":48},{"not_picked":["Thunderclap","Ghostly Armor"],"picked":"Body Slam+1","floor":55}],"player_experience":699325,"relics_obtained":[{"floor":7,"key":"Potion Belt"},{"floor":9,"key":"Pen Nib"},{"floor":10,"key":"Pantograph"},{"floor":11,"key":"FossilizedHelix"},{"floor":13,"key":"Whetstone"},{"floor":24,"key":"Shuriken"},{"floor":28,"key":"Incense Burner"},{"floor":31,"key":"Matryoshka"},{"floor":40,"key":"Bird Faced Urn"},{"floor":43,"key":"Blood Vial"},{"floor":43,"key":"Singing Bowl"},{"floor":48,"key":"Paper Frog"},{"floor":55,"key":"Letter Opener"}],"event_choices":[{"cards_removed":["Strike_R"],"damage_healed":0,"gold_gain":0,"player_choice":"Card Removal","damage_taken":7,"max_hp_gain":0,"max_hp_loss":0,"event_name":"Golden Wing","floor":2,"gold_loss":0},{"damage_healed":0,"gold_gain":75,"player_choice":"Gather Gold","damage_taken":11,"max_hp_gain":0,"max_hp_loss":0,"event_name":"World of Goop","floor":5,"gold_loss":0},{"damage_healed":0,"gold_gain":0,"cards_transformed":["Strike_R"],"player_choice":"Transformed","damage_taken":0,"max_hp_gain":0,"max_hp_loss":0,"event_name":"Transmorgrifier","floor":12,"gold_loss":0,"cards_obtained":["Sword Boomerang"]},{"damage_healed":0,"gold_gain":0,"player_choice":"Obtained Relic","damage_taken":0,"relics_obtained":["Self Forming Clay"],"max_hp_gain":0,"max_hp_loss":0,"event_name":"Addict","floor":30,"gold_loss":85},{"damage_healed":0,"gold_gain":0,"player_choice":"Ignored","damage_taken":0,"max_hp_gain":0,"max_hp_loss":0,"event_name":"Tomb of Lord Red Mask","floor":36,"gold_loss":0},{"cards_removed":["Strike_R"],"damage_healed":0,"gold_gain":0,"player_choice":"Removed Attack","damage_taken":0,"max_hp_gain":0,"max_hp_loss":0,"event_name":"Falling","floor":38,"gold_loss":0},{"damage_healed":14,"gold_gain":0,"player_choice":"Writhe","damage_taken":0,"max_hp_gain":0,"max_hp_loss":0,"event_name":"Winding Halls","floor":45,"gold_loss":0,"cards_obtained":["Writhe"]},{"damage_healed":0,"gold_gain":0,"player_choice":"Memory 3","damage_taken":10,"max_hp_gain":0,"max_hp_loss":0,"event_name":"SensoryStone","floor":47,"gold_loss":0}],"is_beta":false,"boss_relics":[{"not_picked":["Ectoplasm","Runic Dome"],"picked":"Coffee Dripper"},{"not_picked":["Philosopher\u0027s Stone","Sozu"],"picked":"Cursed Key"}],"items_purged_floors":[20],"is_endless":false,"potions_floor_spawned":[7,13,14,16,18,19,28,31,35,39,55],"killed_by":"The Heart","ascension_level":20}