{"gold_per_floor":[15,15,25,44,62,62,74,74,99,144,156,168,212,239,251,263],"floor_reached":16,"playtime":896,"items_purged":[],"score":190,"play_id":"66c05ab9-09f4-4c19-8520-f8bdab2694b1","local_time":"20190509114613","is_ascension_mode":true,"campfire_choices":[{"data":"Cleave","floor":6,"key":"SMITH"},{"data":"Warcry","floor":8,"key":"SMITH"},{"data":"Shrug It Off","floor":11,"key":"SMITH"},{"data":"Entrench","floor":15,"key":"SMITH"}],"neow_cost":"NO_GOLD","seed_source_timestamp":1803580456362323,"circlet_count":0,"master_deck":["AscendersBane","Strike_R","Strike_R","Strike_R","Strike_R","Defend_R","Defend_R","Defend_R","Bash","Metallicize","Warcry+1","Clash","Cleave+1","Dropkick","Shrug It Off+1","Entrench+1","Metallicize"],"relics":["Burning Blood","MawBank","Bag of Marbles","Regal Pillow"],"potions_floor_usage":[5,7,10,13],"damage_taken":[{"damage":4,"enemies":"2 Louse","floor":1,"turns":4},{"damage":7,"enemies":"Jaw Worm","floor":3,"turns":4},{"damage":2,"enemies":"Cultist","floor":4,"turns":4},{"damage":1,"enemies":"2 Fungi Beasts","floor":5,"turns":3},{"damage":10,"enemies":"Exordium Wildlife","floor":7,"turns":6},{"damage":19,"enemies":"Gremlin Nob","floor":10,"turns":4},{"damage":14,"enemies":"3 Sentries","floor":13,"turns":6},{"damage":8,"enemies":"3 Louse","floor":14,"turns":4},{"damage":52,"enemies":"The Guardian","floor":16,"turns":16}],"seed_played":"-3340032788257870863","potions_obtained":[{"floor":4,"key":"Fire Potion"},{"floor":5,"key":"Weak Potion"},{"floor":7,"key":"Dexterity Potion"},{"floor":10,"key":"Fire Potion"}],"is_trial":false,"path_per_floor":["M","?","M","M","M","R","M","R","T","E","R","?","E","M","R","B"],"character_chosen":"IRONCLAD","items_purchased":[],"campfire_rested":0,"item_purchase_floors":[],"current_hp_per_floor":[70,70,69,73,75,75,71,71,71,58,58,58,50,48,48,0],"gold":263,"neow_bonus":"REMOVE_TWO","is_prod":false,"is_daily":false,"chose_seed":false,"campfire_upgraded":4,"win_rate":0,"timestamp":1557413173,"path_taken":["M","?","M","M","M","R","M","R","T","E","R","?","E","?","R","BOSS"],"build_version":"2019-01-23","purchased_purges":0,"victory":false,"max_hp_per_floor":[75,75,75,75,75,75,75,75,75,75,75,75,75,75,75,75],"card_choices":[{"not_picked":["Headbutt","Clothesline"],"picked":"Metallicize","floor":1},{"not_picked":["Searing Blow","True Grit"],"picked":"Warcry","floor":3},{"not_picked":["Burning Pact","Armaments"],"picked":"Clash","floor":4},{"not_picked":["Fiend Fire","Carnage"],"picked":"Cleave","floor":5},{"not_picked":["Reckless Charge","Clash"],"picked":"Dropkick","floor":7},{"not_picked":["Armaments","Havoc"],"picked":"Shrug It Off","floor":10},{"not_picked":["Sentinel","Twin Strike","True Grit"],"picked":"SKIP","floor":13},{"not_picked":["Dropkick","Headbutt"],"picked":"Metallicize","floor":14}],"player_experience":717849,"relics_obtained":[{"floor":9,"key":"MawBank"},{"floor":10,"key":"Bag of Marbles"},{"floor":13,"key":"Regal Pillow"}],"event_choices":[{"damage_healed":0,"gold_gain":0,"player_choice":"Leave","damage_taken":0,"max_hp_gain":0,"max_hp_loss":0,"event_name":"The Cleric","floor":2,"gold_loss":0},{"damage_healed":0,"gold_gain":0,"player_choice":"1 cards matched","damage_taken":0,"max_hp_gain":0,"max_hp_loss":0,"event_name":"Match and Keep!","floor":12,"gold_loss":0,"cards_obtained":["Entrench"]}],"is_beta":false,"boss_relics":[],"items_purged_floors":[],"is_endless":false,"potions_floor_spawned":[4,5,7,10],"killed_by":"The Guardian","ascension_level":14}