{"gold_per_floor":[111,123,143,143,68,68,68,96,96,96,126,126,138,158,158,229,229,248,158,144,7,27,46,46,72,72,106,117,128,154,253,253,330,330,350,350,61,41,61,61,61,61,61,0,0,0,17,29,29,29],"floor_reached":50,"playtime":3724,"items_purged":["Strike_R","Strike_R","Regret"],"score":892,"play_id":"189ca25e-2f1d-45ea-90cd-52f19478acf5","local_time":"20190515140411","is_ascension_mode":true,"campfire_choices":[{"data":"Iron Wave","floor":6,"key":"SMITH"},{"data":"Flame Barrier","floor":10,"key":"SMITH"},{"data":"Shrug It Off","floor":12,"key":"SMITH"},{"floor":15,"key":"REST"},{"floor":24,"key":"REST"},{"floor":32,"key":"REST"},{"floor":40,"key":"REST"},{"data":"Mayhem","floor":46,"key":"SMITH"},{"floor":49,"key":"REST"}],"neow_cost":"NONE","seed_source_timestamp":2327419965962188,"circlet_count":0,"master_deck":["AscendersBane","Strike_R","Strike_R","Defend_R","Defend_R","Bash","Twin Strike","Shrug It Off+1","Iron Wave+1","Flame Barrier+1","Rage+1","Feed","Reckless Charge","Inflame","Combust","Intimidate","Reckless Charge+1","Warcry","Barricade","Rampage","Regret","Doubt","Jack Of All Trades","Mayhem+1","Battle Trance","Warcry+1"],"relics":["Burning Blood","Ancient Tea Set","Pocketwatch","Turnip","Ornamental Fan","Runic Cube","Letter Opener","Matryoshka","Bronze Scales","Calipers","Calling Bell","Oddly Smooth Stone","Self Forming Clay","WingedGreaves","Dream Catcher","Dead Branch","Red Mask"],"potions_floor_usage":[2,11,16,18,22,25,27,29,30,33,47,50],"damage_taken":[{"damage":1,"enemies":"Cultist","floor":1,"turns":3},{"damage":0,"enemies":"Small Slimes","floor":2,"turns":3},{"damage":3,"enemies":"2 Louse","floor":3,"turns":2},{"damage":30,"enemies":"Lagavulin","floor":8,"turns":8},{"damage":10,"enemies":"3 Sentries","floor":11,"turns":6},{"damage":2,"enemies":"Lots of Slimes","floor":13,"turns":4},{"damage":10,"enemies":"Exordium Wildlife","floor":14,"turns":6},{"damage":58,"enemies":"Hexaghost","floor":16,"turns":12},{"damage":0,"enemies":"Spheric Guardian","floor":18,"turns":6},{"damage":1,"enemies":"2 Thieves","floor":20,"turns":4},{"damage":27,"enemies":"Sentry and Sphere","floor":22,"turns":8},{"damage":15,"enemies":"Centurion and Healer","floor":23,"turns":7},{"damage":36,"enemies":"Book of Stabbing","floor":25,"turns":7},{"damage":22,"enemies":"Slavers","floor":27,"turns":5},{"damage":15,"enemies":"Cultist and Chosen","floor":28,"turns":6},{"damage":15,"enemies":"Snecko","floor":29,"turns":6},{"damage":22,"enemies":"Book of Stabbing","floor":30,"turns":6},{"damage":73,"enemies":"Champ","floor":33,"turns":16},{"damage":30,"enemies":"3 Darklings","floor":35,"turns":5},{"damage":24,"enemies":"Orb Walker","floor":39,"turns":5},{"damage":25,"enemies":"Spire Growth","floor":47,"turns":7},{"damage":20,"enemies":"Jaw Worm Horde","floor":48,"turns":5},{"damage":93,"enemies":"Awakened One","floor":50,"turns":8}],"seed_played":"2530055767546542167","potions_obtained":[{"floor":2,"key":"Fruit Juice"},{"floor":8,"key":"Explosive Potion"},{"floor":11,"key":"BloodPotion"},{"floor":14,"key":"PowerPotion"},{"floor":16,"key":"Swift Potion"},{"floor":20,"key":"Swift Potion"},{"floor":22,"key":"Poison Potion"},{"floor":25,"key":"PowerPotion"},{"floor":29,"key":"BloodPotion"},{"floor":30,"key":"Regen Potion"},{"floor":38,"key":"BloodPotion"},{"floor":39,"key":"Strength Potion"}],"is_trial":false,"path_per_floor":["M","M","M","?","$","R","?","E","T","R","E","R","M","M","R","B",null,"M","?","M","$","M","M","R","E","T","E","M","M","E","?","R","B",null,"M","?","$","?","M","R","?","$","T","?","?","R","M","M","R","B"],"character_chosen":"IRONCLAD","items_purchased":["Inflame","Mayhem"],"campfire_rested":5,"item_purchase_floors":[21,37],"current_hp_per_floor":[73,80,80,80,80,80,85,61,61,61,57,57,61,57,82,30,71,80,80,88,88,70,64,93,63,63,47,41,45,39,39,69,17,82,58,58,58,58,43,74,74,74,74,74,74,74,65,54,85,0],"gold":29,"neow_bonus":"RANDOM_COMMON_RELIC","is_prod":false,"is_daily":false,"chose_seed":false,"campfire_upgraded":4,"win_rate":0,"timestamp":1557939851,"path_taken":["M","M","?","?","$","R","?","E","T","R","E","R","M","M","R","BOSS","M","?","M","$","?","M","R","E","T","E","M","M","E","?","R","BOSS","M","?","$","?","?","R","?","?","T","?","?","R","M","M","R","BOSS"],"build_version":"2019-01-23","purchased_purges":3,"victory":false,"max_hp_per_floor":[75,80,80,80,80,80,85,85,85,85,85,85,85,85,85,85,85,88,88,91,91,94,97,97,97,97,97,100,103,103,103,103,103,103,103,103,103,103,106,106,101,101,101,101,101,101,101,104,104,107],"card_choices":[{"not_picked":["True Grit","Perfected Strike"],"picked":"Twin Strike","floor":1},{"not_picked":["Intimidate","Wild Strike"],"picked":"Shrug It Off","floor":2},{"not_picked":["Bloodletting","Havoc"],"picked":"Iron Wave","floor":3},{"not_picked":["Perfected Strike","Corruption"],"picked":"Flame Barrier","floor":8},{"not_picked":["Dual Wield","Clothesline","Iron Wave"],"picked":"SKIP","floor":11},{"not_picked":["Hemokinesis","Wild Strike"],"picked":"Rage","floor":13},{"not_picked":["Limit Break","Rage","Wild Strike"],"picked":"SKIP","floor":14},{"not_picked":["Bludgeon","Double Tap"],"picked":"Feed","floor":16},{"not_picked":["Shrug It Off","Anger","Armaments"],"picked":"SKIP","floor":18},{"not_picked":["Pummel","Perfected Strike+1"],"picked":"Reckless Charge","floor":20},{"not_picked":["Body Slam","Iron Wave"],"picked":"Combust","floor":22},{"not_picked":["Clash","Perfected Strike"],"picked":"Intimidate","floor":23},{"not_picked":["Anger","Flex"],"picked":"Reckless Charge+1","floor":25},{"not_picked":["Sever Soul","Second Wind"],"picked":"Warcry","floor":27},{"not_picked":["Bloodletting","Armaments"],"picked":"Barricade","floor":28},{"not_picked":["Armaments","Iron Wave"],"picked":"Rampage","floor":29},{"not_picked":["Iron Wave","Sever Soul","Double Tap"],"picked":"SKIP","floor":30},{"not_picked":["Wild Strike","Clash","Cleave"],"picked":"SKIP","floor":35},{"not_picked":["Violence","PanicButton"],"picked":"Jack Of All Trades","floor":36},{"not_picked":["Flex","Body Slam"],"picked":"Battle Trance","floor":39},{"not_picked":["Pommel Strike","Dual Wield"],"picked":"Warcry+1","floor":47},{"not_picked":["Anger","Shockwave","Spot Weakness"],"picked":"SKIP","floor":48}],"player_experience":735401,"relics_obtained":[{"floor":8,"key":"Pocketwatch"},{"floor":9,"key":"Turnip"},{"floor":11,"key":"Ornamental Fan"},{"floor":25,"key":"Letter Opener"},{"floor":26,"key":"Matryoshka"},{"floor":27,"key":"Bronze Scales"},{"floor":30,"key":"Calipers"},{"floor":34,"key":"Oddly Smooth Stone"},{"floor":34,"key":"Self Forming Clay"},{"floor":34,"key":"WingedGreaves"},{"floor":43,"key":"Dream Catcher"},{"floor":43,"key":"Dead Branch"}],"event_choices":[{"cards_removed":["Defend_R"],"damage_healed":0,"gold_gain":0,"player_choice":"Forget","damage_taken":0,"max_hp_gain":0,"max_hp_loss":0,"event_name":"Living Wall","floor":4,"gold_loss":0},{"damage_healed":0,"gold_gain":0,"player_choice":"Donut","damage_taken":0,"max_hp_gain":5,"max_hp_loss":0,"event_name":"Big Fish","floor":7,"gold_loss":0},{"cards_removed":["Defend_R"],"damage_healed":0,"gold_gain":0,"player_choice":"Upgrade and Remove","damage_taken":0,"max_hp_gain":0,"max_hp_loss":0,"event_name":"Designer","floor":19,"gold_loss":90,"cards_upgraded":["Rage"]},{"damage_healed":0,"gold_gain":99,"player_choice":"Stole From Cult","damage_taken":0,"max_hp_gain":0,"max_hp_loss":0,"event_name":"Nest","floor":31,"gold_loss":0},{"damage_healed":0,"gold_gain":0,"player_choice":"Memory 1","damage_taken":0,"max_hp_gain":0,"max_hp_loss":0,"event_name":"SensoryStone","floor":36,"gold_loss":0},{"damage_healed":0,"gold_gain":0,"player_choice":"Bought 1 Potion","damage_taken":0,"max_hp_gain":0,"max_hp_loss":0,"event_name":"The Woman in Blue","floor":38,"gold_loss":0},{"damage_healed":0,"gold_gain":0,"player_choice":"Max HP","damage_taken":0,"max_hp_gain":0,"max_hp_loss":5,"event_name":"Winding Halls","floor":41,"gold_loss":0},{"damage_healed":0,"gold_gain":0,"player_choice":"Paid","damage_taken":0,"relics_obtained":["Red Mask"],"max_hp_gain":0,"max_hp_loss":0,"event_name":"Tomb of Lord Red Mask","floor":44,"gold_loss":61},{"cards_removed":["Strike_R"],"damage_healed":0,"gold_gain":0,"player_choice":"Removed Attack","damage_taken":0,"max_hp_gain":0,"max_hp_loss":0,"event_name":"Falling","floor":45,"gold_loss":0}],"is_beta":false,"boss_relics":[{"not_picked":["Black Star","Snecko Eye"],"picked":"Runic Cube"},{"not_picked":["Sozu","Coffee Dripper"],"picked":"Calling Bell"}],"items_purged_floors":[5,21,37],"is_endless":false,"potions_floor_spawned":[2,8,11,14,16,20,22,25,29,30,39],"killed_by":"Awakened One","ascension_level":14}