{"gold_per_floor":[113,113,137,155,37,80,93,168,168,168,191,191,235,235,235,235],"floor_reached":16,"playtime":736,"items_purged":["Strike_G"],"score":220,"play_id":"a76ab4a6-8f1a-47fa-becf-67060a140d9b","local_time":"20190202184136","is_ascension_mode":true,"campfire_choices":[{"data":"Crippling Poison","floor":10,"key":"SMITH"},{"floor":12,"key":"REST"},{"data":"Crippling Poison","floor":15,"key":"SMITH"}],"neow_cost":"NONE","seed_source_timestamp":23124481977924,"circlet_count":0,"master_deck":["AscendersBane","Defend_G","Defend_G","Defend_G","Defend_G","Defend_G","Strike_G","Strike_G","Strike_G","Survivor","Neutralize","Flying Knee","All Out Attack","Crippling Poison+1","Infinite Blades","Well Laid Plans","Backstab","Crippling Poison+1","Footwork"],"relics":["Ring of the Snake","Golden Idol","The Courier","Ninja Scroll","Blue Candle"],"potions_floor_usage":[6,16,16],"damage_taken":[{"damage":2,"enemies":"Jaw Worm","floor":1,"turns":6},{"damage":0,"enemies":"2 Louse","floor":3,"turns":2},{"damage":1,"enemies":"Small Slimes","floor":4,"turns":3},{"damage":16,"enemies":"3 Sentries","floor":6,"turns":9},{"damage":0,"enemies":"2 Fungi Beasts","floor":7,"turns":2},{"damage":0,"enemies":"3 Louse","floor":11,"turns":1},{"damage":18,"enemies":"Lagavulin","floor":13,"turns":5},{"damage":24,"enemies":"Hexaghost","floor":16,"turns":9}],"seed_played":"-2862977303119391725","potions_obtained":[{"floor":1,"key":"Dexterity Potion"},{"floor":11,"key":"GamblersBrew"},{"floor":13,"key":"EssenceOfSteel"}],"is_trial":false,"path_per_floor":["M","?","M","M","$","E","M","?","T","R","M","R","E","?","R","B"],"character_chosen":"THE_SILENT","items_purchased":["Well Laid Plans"],"campfire_rested":1,"item_purchase_floors":[5],"current_hp_per_floor":[57,57,57,56,56,40,40,29,29,29,29,47,29,22,22,0],"gold":235,"neow_bonus":"THREE_CARDS","is_prod":false,"is_daily":false,"chose_seed":false,"campfire_upgraded":2,"win_rate":0,"timestamp":1549129296,"path_taken":["M","?","M","M","$","E","M","?","T","R","M","R","E","?","R","BOSS"],"build_version":"2019-01-23","purchased_purges":1,"victory":false,"max_hp_per_floor":[66,60,60,60,60,60,60,60,60,60,60,60,60,60,60,60],"card_choices":[{"not_picked":["Dagger Throw","Crippling Poison"],"picked":"Flying Knee","floor":0},{"not_picked":["Reflex","Outmaneuver"],"picked":"All Out Attack","floor":1},{"not_picked":["Dodge and Roll","Blade Dance"],"picked":"Crippling Poison","floor":3},{"not_picked":["Quick Slash","PiercingWail"],"picked":"Infinite Blades","floor":4},{"not_picked":["Venomology","Heel Hook"],"picked":"Backstab","floor":6},{"not_picked":["Cloak And Dagger","Expertise"],"picked":"Crippling Poison","floor":7},{"not_picked":["Blur","Reflex"],"picked":"Footwork","floor":11},{"not_picked":["Poisoned Stab","Quick Slash","Concentrate"],"picked":"SKIP","floor":13}],"player_experience":833183,"relics_obtained":[{"floor":6,"key":"The Courier"},{"floor":9,"key":"Ninja Scroll"},{"floor":13,"key":"Blue Candle"}],"event_choices":[{"damage_healed":0,"gold_gain":0,"player_choice":"Lose Max HP","damage_taken":0,"relics_obtained":["Golden Idol"],"max_hp_gain":0,"max_hp_loss":6,"event_name":"Golden Idol","floor":2,"gold_loss":0},{"damage_healed":0,"gold_gain":75,"player_choice":"Gather Gold","damage_taken":11,"max_hp_gain":0,"max_hp_loss":0,"event_name":"World of Goop","floor":8,"gold_loss":0},{"cards_removed":["Strike_G"],"damage_healed":0,"gold_gain":0,"player_choice":"Card Removal","damage_taken":7,"max_hp_gain":0,"max_hp_loss":0,"event_name":"Golden Wing","floor":14,"gold_loss":0}],"is_beta":false,"boss_relics":[],"items_purged_floors":[5],"is_endless":false,"potions_floor_spawned":[1,11,13],"killed_by":"Hexaghost","ascension_level":20}