{"gold_per_floor":[119,44,44,57,76,101,101,115,115,150,161,187,187,204,204,204],"floor_reached":16,"playtime":633,"items_purged":["Defend_B"],"score":244,"play_id":"525a94e5-362e-47a1-a3f6-44f11c4d912b","local_time":"20190206233206","is_ascension_mode":true,"campfire_choices":[{"data":"Streamline","floor":7,"key":"SMITH"},{"data":"Hologram","floor":15,"key":"SMITH"}],"neow_cost":"NONE","seed_source_timestamp":30074793996392,"circlet_count":0,"master_deck":["AscendersBane","Strike_B","Strike_B","Strike_B","Defend_B","Defend_B","Defend_B","Zap","Dualcast","Conserve Battery","FTL","Streamline+1","Sweeping Beam","Hologram+1","Self Repair"],"relics":["Cracked Core","NeowsBlessing","Bag of Marbles","Singing Bowl","DataDisk"],"potions_floor_usage":[6,6,12],"damage_taken":[{"damage":0,"enemies":"Jaw Worm","floor":1,"turns":1},{"damage":0,"enemies":"Cultist","floor":4,"turns":1},{"damage":0,"enemies":"2 Louse","floor":5,"turns":1},{"damage":11,"enemies":"Gremlin Nob","floor":6,"turns":3},{"damage":1,"enemies":"Exordium Wildlife","floor":8,"turns":2},{"damage":17,"enemies":"Lagavulin","floor":10,"turns":7},{"damage":4,"enemies":"Blue Slaver","floor":11,"turns":3},{"damage":12,"enemies":"3 Sentries","floor":12,"turns":5},{"damage":12,"enemies":"Exordium Thugs","floor":14,"turns":3},{"damage":20,"enemies":"The Guardian","floor":16,"turns":4}],"seed_played":"114192381549696335","potions_obtained":[{"floor":1,"key":"Poison Potion"},{"floor":3,"key":"AttackPotion"},{"floor":5,"key":"SteroidPotion"},{"floor":8,"key":"Explosive Potion"}],"is_trial":false,"path_per_floor":["M","$","?","M","M","E","R","M","T","E","M","E","?","M","R","B"],"character_chosen":"DEFECT","items_purchased":[],"campfire_rested":0,"item_purchase_floors":[],"current_hp_per_floor":[64,64,64,64,64,53,53,52,52,37,33,30,23,20,20,0],"gold":204,"neow_bonus":"THREE_ENEMY_KILL","is_prod":false,"is_daily":false,"chose_seed":false,"campfire_upgraded":2,"win_rate":0,"timestamp":1549492326,"path_taken":["M","$","?","M","?","E","R","M","T","E","M","E","?","M","R","BOSS"],"build_version":"2019-01-23","purchased_purges":1,"victory":false,"max_hp_per_floor":[71,71,71,71,71,71,71,71,71,73,73,75,75,77,77,77],"card_choices":[{"not_picked":["Double Energy","Coolheaded"],"picked":"Conserve Battery","floor":1},{"not_picked":["Storm","Double Energy"],"picked":"FTL","floor":4},{"not_picked":["Steam","Reinforced Body"],"picked":"Streamline","floor":5},{"not_picked":["Coolheaded","Seek"],"picked":"Sweeping Beam","floor":6},{"not_picked":["Stack","Redo"],"picked":"Hologram","floor":8},{"not_picked":["All For One","Conserve Battery","Tempest"],"picked":"Singing Bowl","floor":10},{"not_picked":["Hello World","Loop"],"picked":"Self Repair","floor":11},{"not_picked":["Steam Power","Beam Cell","Storm"],"picked":"Singing Bowl","floor":12},{"not_picked":["Gash","Steam","Beam Cell"],"picked":"Singing Bowl","floor":14}],"player_experience":908706,"relics_obtained":[{"floor":6,"key":"Bag of Marbles"},{"floor":10,"key":"Singing Bowl"},{"floor":12,"key":"DataDisk"}],"event_choices":[{"damage_healed":0,"gold_gain":0,"player_choice":"Got Potions","damage_taken":0,"max_hp_gain":0,"max_hp_loss":0,"event_name":"Lab","floor":3,"gold_loss":0},{"cards_removed":["Strike_B"],"damage_healed":0,"gold_gain":0,"player_choice":"Card Removal","damage_taken":7,"max_hp_gain":0,"max_hp_loss":0,"event_name":"Golden Wing","floor":13,"gold_loss":0}],"is_beta":false,"boss_relics":[],"items_purged_floors":[2],"is_endless":false,"potions_floor_spawned":[1,4,5,8],"killed_by":"The Guardian","ascension_level":20}