{"gold_per_floor":[114,64,139,139,12,44,55,89,144,177,192,192,221,234,234,337,337,353,379,379,393,407,442,442,459,459,489,504,68,88,108,108,203,203,221,221,443,443,462,462,494,494,494,494,509,522,535,535,535,535],"floor_reached":51,"playtime":3610,"items_purged":["Defend_R","Defend_R"],"score":1059,"play_id":"29087553-d5b3-41e9-89c0-3f12be7b1a02","local_time":"20190223120513","is_ascension_mode":true,"campfire_choices":[{"data":"Iron Wave","floor":12,"key":"SMITH"},{"floor":15,"key":"REST"},{"floor":24,"key":"REST"},{"data":"Exhume","floor":32,"key":"SMITH"},{"floor":40,"key":"REST"},{"floor":42,"key":"REST"},{"floor":49,"key":"REST"}],"neow_cost":"NONE","seed_source_timestamp":597074709020846,"circlet_count":0,"master_deck":["Strike_R","Defend_R","Bash","Intimidate","Clothesline","Iron Wave+1","Searing Blow","Thunderclap","Heavy Blade","Disarm","Impervious","Exhume+1","Sword Boomerang","Infernal Blade+1","Armaments+1","Power Through","Uppercut+1","Swift Strike+1","Battle Trance"],"relics":["Burning Blood","NeowsBlessing","Bag of Preparation","Paper Frog","Red Skull","Pen Nib","Pantograph","Snecko Eye","Anchor","Molten Egg 2","Singing Bowl","Red Mask","Shuriken","Empty Cage","Frozen Egg 2","Dream Catcher"],"potions_floor_usage":[13,13,16,22,27,33,50,50],"damage_taken":[{"damage":0,"enemies":"2 Louse","floor":1,"turns":1},{"damage":0,"enemies":"Lagavulin","floor":6,"turns":1},{"damage":0,"enemies":"Small Slimes","floor":7,"turns":1},{"damage":44,"enemies":"3 Sentries","floor":8,"turns":9},{"damage":5,"enemies":"Gremlin Nob","floor":10,"turns":4},{"damage":0,"enemies":"Cultist","floor":11,"turns":4},{"damage":13,"enemies":"3 Sentries","floor":13,"turns":6},{"damage":7,"enemies":"2 Fungi Beasts","floor":14,"turns":3},{"damage":72,"enemies":"Slime Boss","floor":16,"turns":13},{"damage":8,"enemies":"2 Thieves","floor":18,"turns":3},{"damage":15,"enemies":"3 Byrds","floor":21,"turns":5},{"damage":10,"enemies":"Shelled Parasite and Fungi","floor":22,"turns":5},{"damage":37,"enemies":"Slavers","floor":23,"turns":8},{"damage":0,"enemies":"Snake Plant","floor":25,"turns":3},{"damage":22,"enemies":"Masked Bandits","floor":27,"turns":4},{"damage":0,"enemies":"Cultist and Chosen","floor":28,"turns":4},{"damage":2,"enemies":"Centurion and Healer","floor":30,"turns":6},{"damage":0,"enemies":"Snake Plant","floor":31,"turns":3},{"damage":74,"enemies":"Champ","floor":33,"turns":11},{"damage":16,"enemies":"3 Darklings","floor":35,"turns":6},{"damage":21,"enemies":"3 Shapes","floor":39,"turns":8},{"damage":49,"enemies":"Nemesis","floor":41,"turns":11},{"damage":18,"enemies":"Maw","floor":45,"turns":7},{"damage":31,"enemies":"4 Shapes","floor":46,"turns":2},{"damage":0,"enemies":"Sphere and 2 Shapes","floor":47,"turns":3},{"damage":80,"enemies":"Awakened One","floor":50,"turns":13}],"seed_played":"-1700539231924101355","potions_obtained":[{"floor":10,"key":"Fire Potion"},{"floor":11,"key":"FearPotion"},{"floor":13,"key":"Regen Potion"},{"floor":21,"key":"PowerPotion"},{"floor":23,"key":"Regen Potion"},{"floor":31,"key":"GamblersBrew"},{"floor":39,"key":"Poison Potion"},{"floor":46,"key":"LiquidBronze"}],"is_trial":false,"path_per_floor":["M","?","?","?","$","E","M","E","T","E","M","R","E","M","R","B",null,"M","T","?","M","M","E","R","M","T","?","M","$","M","M","R","B",null,"M","?","?","?","M","R","E","R","T","?","M","M","M","?","R","B",null],"character_chosen":"IRONCLAD","items_purchased":["Iron Wave","Shuriken","Power Through"],"campfire_rested":5,"item_purchase_floors":[5,29,29],"current_hp_per_floor":[80,80,69,69,69,75,80,42,42,43,49,49,42,41,65,29,67,65,65,65,56,52,21,45,51,51,46,54,54,60,68,68,22,73,63,63,63,63,50,77,36,64,64,64,54,31,39,39,69,20],"gold":535,"neow_bonus":"THREE_ENEMY_KILL","is_prod":false,"is_daily":false,"chose_seed":false,"campfire_upgraded":2,"win_rate":0,"timestamp":1550937913,"path_taken":["M","?","?","?","$","E","M","E","T","E","M","R","E","M","R","BOSS","M","?","?","M","M","E","R","?","T","?","M","$","M","M","R","BOSS","M","?","?","?","M","R","E","R","T","?","M","M","?","?","R","BOSS"],"build_version":"2019-01-23","purchased_purges":2,"victory":true,"max_hp_per_floor":[80,80,80,80,80,80,80,80,80,80,80,80,80,80,80,80,80,80,80,80,80,80,80,80,80,80,82,84,84,86,88,88,90,90,90,90,90,90,92,92,94,94,94,94,96,98,100,100,100,100],"card_choices":[{"not_picked":["Clash","Shrug It Off"],"picked":"Intimidate","floor":1},{"not_picked":["Bloodletting","Twin Strike"],"picked":"Searing Blow","floor":6},{"not_picked":["Headbutt","Body Slam","Fire Breathing"],"picked":"SKIP","floor":7},{"not_picked":["Rupture","Havoc"],"picked":"Thunderclap","floor":8},{"not_picked":["Spot Weakness","Anger"],"picked":"Heavy Blade","floor":10},{"not_picked":["Demon Form","Perfected Strike"],"picked":"Disarm","floor":11},{"not_picked":["Whirlwind","Anger","Heavy Blade"],"picked":"SKIP","floor":13},{"not_picked":["Pommel Strike","Spot Weakness","Entrench"],"picked":"SKIP","floor":14},{"not_picked":["Berserk","Barricade"],"picked":"Impervious","floor":16},{"not_picked":["Sever Soul","Anger","Cleave"],"picked":"SKIP","floor":18},{"not_picked":["Twin Strike","Body Slam"],"picked":"Sword Boomerang","floor":21},{"not_picked":["Rage","Shrug It Off"],"picked":"Infernal Blade+1","floor":22},{"not_picked":["Twin Strike","Sword Boomerang"],"picked":"Armaments+1","floor":23},{"not_picked":["True Grit+1","Armaments","Shrug It Off"],"picked":"SKIP","floor":25},{"not_picked":["Thunderclap+1","Cleave+1","Fire Breathing"],"picked":"Singing Bowl","floor":27},{"not_picked":["Heavy Blade+1","Rage","Perfected Strike+1"],"picked":"Singing Bowl","floor":28},{"not_picked":["Perfected Strike+1","Warcry","Thunderclap+1"],"picked":"Singing Bowl","floor":30},{"not_picked":["Perfected Strike+1","Havoc","Cleave+1"],"picked":"Singing Bowl","floor":31},{"not_picked":["Double Tap","Exhume","Brutality"],"picked":"Singing Bowl","floor":33},{"not_picked":["Body Slam+1","Evolve"],"picked":"Uppercut+1","floor":35},{"not_picked":["Jack Of All Trades","Madness"],"picked":"Dark Shackles","floor":36},{"not_picked":["Burning Pact","Headbutt+1","Entrench"],"picked":"Singing Bowl","floor":39},{"not_picked":["Blood for Blood+1","Perfected Strike+1","Sever Soul+1"],"picked":"Singing Bowl","floor":41},{"not_picked":["Perfected Strike+1","Searing Blow+1","Corruption+1"],"picked":"Singing Bowl","floor":45},{"not_picked":["Ghostly Armor","Anger+1","Immolate+1"],"picked":"Singing Bowl","floor":46},{"not_picked":["Pommel Strike+1","Body Slam+1","Shrug It Off+1"],"picked":"Singing Bowl","floor":47},{"not_picked":["True Grit","Pommel Strike+1"],"picked":"Battle Trance","floor":49}],"player_experience":448868,"relics_obtained":[{"floor":6,"key":"Bag of Preparation"},{"floor":8,"key":"Paper Frog"},{"floor":9,"key":"Red Skull"},{"floor":10,"key":"Pen Nib"},{"floor":13,"key":"Pantograph"},{"floor":19,"key":"Anchor"},{"floor":23,"key":"Molten Egg 2"},{"floor":26,"key":"Singing Bowl"},{"floor":27,"key":"Red Mask"},{"floor":41,"key":"Frozen Egg 2"},{"floor":43,"key":"Dream Catcher"}],"event_choices":[{"cards_removed":["Strike_R"],"damage_healed":0,"gold_gain":0,"player_choice":"Card Removal","damage_taken":0,"max_hp_gain":0,"max_hp_loss":0,"event_name":"The Cleric","floor":2,"gold_loss":50},{"damage_healed":0,"gold_gain":75,"player_choice":"Gather Gold","damage_taken":11,"max_hp_gain":0,"max_hp_loss":0,"event_name":"World of Goop","floor":3,"gold_loss":0},{"damage_healed":0,"gold_gain":0,"player_choice":"1 cards matched","damage_taken":0,"max_hp_gain":0,"max_hp_loss":0,"event_name":"Match and Keep!","floor":4,"gold_loss":0,"cards_obtained":["Clothesline"]},{"damage_healed":0,"gold_gain":0,"cards_transformed":["Strike_R"],"player_choice":"Transformed","damage_taken":0,"max_hp_gain":0,"max_hp_loss":0,"event_name":"Transmorgrifier","floor":20,"gold_loss":0,"cards_obtained":["Exhume"]},{"damage_healed":0,"gold_gain":0,"player_choice":"Fought Bandits","damage_taken":0,"max_hp_gain":0,"max_hp_loss":0,"event_name":"Masked Bandits","floor":27,"gold_loss":0},{"damage_healed":0,"gold_gain":0,"player_choice":"Memory 1","damage_taken":0,"max_hp_gain":0,"max_hp_loss":0,"event_name":"SensoryStone","floor":36,"gold_loss":0},{"damage_healed":0,"gold_gain":222,"player_choice":"Wore Mask","damage_taken":0,"max_hp_gain":0,"max_hp_loss":0,"event_name":"Tomb of Lord Red Mask","floor":37,"gold_loss":0},{"cards_removed":["Strike_R"],"damage_healed":0,"gold_gain":0,"player_choice":"Removed Attack","damage_taken":0,"max_hp_gain":0,"max_hp_loss":0,"event_name":"Falling","floor":38,"gold_loss":0},{"damage_healed":0,"gold_gain":0,"cards_transformed":["Dark Shackles"],"player_choice":"Transformed","damage_taken":0,"max_hp_gain":0,"max_hp_loss":0,"event_name":"Transmorgrifier","floor":44,"gold_loss":0,"cards_obtained":["Swift Strike"]},{"damage_healed":0,"gold_gain":0,"player_choice":"Ignored","damage_taken":0,"max_hp_gain":0,"max_hp_loss":0,"event_name":"The Moai Head","floor":48,"gold_loss":0}],"is_beta":false,"boss_relics":[{"not_picked":["Tiny House","Runic Cube"],"picked":"Snecko Eye"},{"not_picked":["Astrolabe","Calling Bell"],"picked":"Empty Cage"}],"items_purged_floors":[5,29],"is_endless":false,"potions_floor_spawned":[10,11,13,21,23,31,39,46],"ascension_level":5}