{"gold_per_floor":[110,126,142,153,171,171,185,210,210,221,252,252,252,280,280,355,355,366,274,274,274,20,20,20,20,44,16,16,28,28,46,46,120,120,135,151,151,151,170,200,200,233,233,233],"floor_reached":44,"playtime":3046,"items_purged":["Strike_R"],"score":826,"play_id":"235e2601-75c5-4b4b-8dbe-3e9afcb1d5e4","local_time":"20190509162856","is_ascension_mode":true,"campfire_choices":[{"data":"Body Slam","floor":6,"key":"SMITH"},{"data":"Uppercut","floor":13,"key":"SMITH"},{"floor":15,"key":"REST"},{"floor":23,"key":"REST"},{"data":"Shrug It Off","floor":25,"key":"SMITH"},{"data":"Evolve","floor":28,"key":"SMITH"},{"data":"Shockwave","floor":30,"key":"SMITH"},{"data":"Metallicize","floor":32,"key":"SMITH"}],"neow_cost":"NONE","seed_source_timestamp":1818391492458073,"circlet_count":0,"master_deck":["AscendersBane","Strike_R","Strike_R","Strike_R","Strike_R","Defend_R","Defend_R","Defend_R","Defend_R","Bash","Pommel Strike","Pummel","Cleave","Body Slam+1","Shrug It Off+1","Uppercut+1","Impervious","Battle Trance+1","Metallicize+1","Evolve+1","Wild Strike","Shame","Shockwave+1","Bludgeon","Shrug It Off+1","Transmutation","Parasite","Doubt"],"relics":["Burning Blood","Bag of Preparation","The Courier","Blue Candle","Pantograph","Mark of Pain","Nilry\u0027s Codex","Oddly Smooth Stone","Bag of Marbles","Question Card","Blood Vial","Philosopher\u0027s Stone","Gremlin Horn","Ancient Tea Set","War Paint"],"potions_floor_usage":[5,7,8,11,16,18,29,39],"damage_taken":[{"damage":15,"enemies":"Small Slimes","floor":1,"turns":5},{"damage":1,"enemies":"Cultist","floor":2,"turns":3},{"damage":8,"enemies":"2 Louse","floor":3,"turns":3},{"damage":1,"enemies":"2 Fungi Beasts","floor":4,"turns":3},{"damage":14,"enemies":"3 Louse","floor":5,"turns":3},{"damage":6,"enemies":"Blue Slaver","floor":7,"turns":3},{"damage":21,"enemies":"3 Sentries","floor":8,"turns":9},{"damage":0,"enemies":"2 Fungi Beasts","floor":10,"turns":3},{"damage":8,"enemies":"Gremlin Nob","floor":11,"turns":3},{"damage":26,"enemies":"Lagavulin","floor":14,"turns":6},{"damage":69,"enemies":"Slime Boss","floor":16,"turns":15},{"damage":13,"enemies":"Spheric Guardian","floor":18,"turns":6},{"damage":0,"enemies":"2 Thieves","floor":29,"turns":3},{"damage":10,"enemies":"Cultist and Chosen","floor":31,"turns":6},{"damage":40,"enemies":"Automaton","floor":33,"turns":12},{"damage":43,"enemies":"3 Darklings","floor":35,"turns":4},{"damage":0,"enemies":"Orb Walker","floor":36,"turns":3},{"damage":25,"enemies":"Writhing Mass","floor":39,"turns":5},{"damage":36,"enemies":"Nemesis","floor":40,"turns":9},{"damage":77,"enemies":"Reptomancer","floor":42,"turns":8},{"damage":46,"enemies":"Transient","floor":44,"turns":3}],"seed_played":"-2353776348461199878","potions_obtained":[{"floor":1,"key":"FearPotion"},{"floor":2,"key":"SteroidPotion"},{"floor":7,"key":"Dexterity Potion"},{"floor":8,"key":"Poison Potion"},{"floor":14,"key":"Regen Potion"},{"floor":16,"key":"SpeedPotion"},{"floor":18,"key":"Block Potion"},{"floor":36,"key":"Block Potion"},{"floor":42,"key":"Block Potion"}],"is_trial":false,"path_per_floor":["M","M","M","M","M","R","M","E","T","M","E","?","R","E","R","B",null,"M","$","?","?","$","R","?","R","T","$","R","M","R","M","R","B",null,"M","M","?","?","M","E","?","E","T","M"],"character_chosen":"IRONCLAD","items_purchased":["Evolve","Oddly Smooth Stone","Bag of Marbles","Wild Strike","Shockwave"],"campfire_rested":2,"item_purchase_floors":[19,22,22,22,27],"current_hp_per_floor":[66,71,69,74,66,66,66,51,51,57,55,55,55,35,59,31,69,62,62,46,30,30,56,56,56,56,56,56,64,64,62,62,53,79,44,52,52,52,35,7,83,12,12,0],"gold":233,"neow_bonus":"TEN_PERCENT_HP_BONUS","is_prod":false,"is_daily":false,"chose_seed":false,"campfire_upgraded":6,"win_rate":0,"timestamp":1557430136,"path_taken":["M","M","M","M","M","R","M","E","T","M","E","?","R","E","R","BOSS","M","?","?","?","$","R","?","R","T","$","R","M","R","M","R","BOSS","M","M","?","?","M","E","?","E","T","?"],"build_version":"2019-01-23","purchased_purges":1,"victory":false,"max_hp_per_floor":[82,82,82,82,82,82,82,82,82,82,82,82,82,82,82,82,82,82,82,82,87,87,87,87,87,87,87,87,87,87,87,87,87,87,87,87,87,83,83,83,83,83,83,83],"card_choices":[{"not_picked":["Seeing Red","Reckless Charge"],"picked":"Pommel Strike","floor":1},{"not_picked":["Cleave","Entrench"],"picked":"Pummel","floor":2},{"not_picked":["Heavy Blade","Pommel Strike"],"picked":"Cleave","floor":3},{"not_picked":["Burning Pact","Juggernaut"],"picked":"Body Slam","floor":4},{"not_picked":["Havoc","Hemokinesis","Corruption"],"picked":"SKIP","floor":5},{"not_picked":["Heavy Blade","Dual Wield"],"picked":"Shrug It Off","floor":7},{"not_picked":["Sever Soul","Entrench"],"picked":"Uppercut","floor":8},{"not_picked":["Thunderclap","Corruption","Second Wind"],"picked":"SKIP","floor":10},{"not_picked":["Flex","Dual Wield"],"picked":"Impervious","floor":11},{"not_picked":["Thunderclap","Combust"],"picked":"Battle Trance","floor":14},{"not_picked":["Flex","Sword Boomerang"],"picked":"Metallicize","floor":18},{"not_picked":["Infernal Blade","Cleave","Headbutt","Iron Wave"],"picked":"SKIP","floor":29},{"not_picked":["Warcry","Burning Pact","Rupture","Pommel Strike"],"picked":"SKIP","floor":31},{"not_picked":["Reaper","Barricade","Limit Break"],"picked":"Bludgeon","floor":33},{"not_picked":["Hemokinesis","Thunderclap","Clash"],"picked":"Shrug It Off","floor":35},{"not_picked":["Headbutt","Body Slam","Thunderclap","Seeing Red"],"picked":"SKIP","floor":36},{"not_picked":["Purity","Madness","Forethought"],"picked":"Transmutation","floor":37},{"not_picked":["Bloodletting","Feel No Pain+1","Sentinel","Entrench"],"picked":"SKIP","floor":39},{"not_picked":["Flex","Brutality","Burning Pact+1","Iron Wave"],"picked":"SKIP","floor":40},{"not_picked":["Sentinel","Sword Boomerang","Twin Strike","Pommel Strike"],"picked":"SKIP","floor":42}],"player_experience":718745,"relics_obtained":[{"floor":8,"key":"Bag of Preparation"},{"floor":9,"key":"The Courier"},{"floor":11,"key":"Blue Candle"},{"floor":14,"key":"Pantograph"},{"floor":20,"key":"Nilry\u0027s Codex"},{"floor":26,"key":"Blood Vial"},{"floor":40,"key":"Gremlin Horn"},{"floor":42,"key":"Ancient Tea Set"},{"floor":43,"key":"War Paint"}],"event_choices":[{"damage_healed":0,"gold_gain":0,"player_choice":"0 cards matched","damage_taken":0,"max_hp_gain":0,"max_hp_loss":0,"event_name":"Match and Keep!","floor":12,"gold_loss":0,"cards_obtained":[]},{"damage_healed":0,"gold_gain":0,"player_choice":"Obtained Book","damage_taken":16,"max_hp_gain":0,"max_hp_loss":0,"event_name":"Cursed Tome","floor":20,"gold_loss":0},{"damage_healed":0,"gold_gain":0,"player_choice":"Shed Blood","damage_taken":21,"max_hp_gain":5,"max_hp_loss":0,"event_name":"Forgotten Altar","floor":21,"gold_loss":0},{"damage_healed":0,"gold_gain":0,"player_choice":"Stole Relic","damage_taken":0,"relics_obtained":["Question Card"],"max_hp_gain":0,"max_hp_loss":0,"event_name":"Addict","floor":24,"gold_loss":0,"cards_obtained":["Shame"]},{"damage_healed":0,"gold_gain":0,"player_choice":"Memory 1","damage_taken":0,"max_hp_gain":0,"max_hp_loss":0,"event_name":"SensoryStone","floor":37,"gold_loss":0},{"damage_healed":0,"gold_gain":0,"player_choice":"Max HP","damage_taken":0,"max_hp_gain":0,"max_hp_loss":4,"event_name":"Winding Halls","floor":38,"gold_loss":0},{"damage_healed":76,"gold_gain":0,"player_choice":"Heal","damage_taken":0,"max_hp_gain":0,"max_hp_loss":0,"event_name":"MindBloom","floor":41,"gold_loss":0,"cards_obtained":["Doubt"]}],"is_beta":false,"boss_relics":[{"not_picked":["Ectoplasm","Lizard Tail"],"picked":"Mark of Pain"},{"not_picked":["Eternal Feather","Runic Cube"],"picked":"Philosopher\u0027s Stone"}],"items_purged_floors":[19],"is_endless":false,"potions_floor_spawned":[1,2,7,8,14,16,18,36,42],"killed_by":"Transient","ascension_level":14}