{"gold_per_floor":[113,113,113,113,131,131,155,186,186,186],"floor_reached":10,"playtime":466,"items_purged":[],"score":132,"play_id":"10156f30-0af1-47c8-bb1e-246a72822b07","local_time":"20181230212634","is_ascension_mode":true,"campfire_choices":[{"data":"Neutralize","floor":6,"key":"SMITH"}],"neow_cost":"NONE","seed_source_timestamp":31431605812651,"circlet_count":0,"master_deck":["AscendersBane","Defend_G","Defend_G","Defend_G","Defend_G","Defend_G+1","Strike_G","Strike_G","Strike_G","Strike_G","Strike_G","Survivor+1","Neutralize+1","Quick Slash","Injury","Deadly Poison","Masterful Stab","Endless Agony"],"relics":["Ring of the Snake","War Paint","Darkstone Periapt","Golden Idol","Blood Vial","Toxic Egg 2"],"potions_floor_usage":[8,10],"damage_taken":[{"damage":0,"enemies":"Small Slimes","floor":1,"turns":7},{"damage":0,"enemies":"Jaw Worm","floor":5,"turns":5},{"damage":0,"enemies":"2 Louse","floor":7,"turns":4},{"damage":51,"enemies":"3 Sentries","floor":8,"turns":15},{"damage":16,"enemies":"Gremlin Nob","floor":10,"turns":3}],"seed_played":"7817321712352061209","potions_obtained":[{"floor":1,"key":"LiquidBronze"},{"floor":7,"key":"Regen Potion"}],"is_trial":false,"path_per_floor":["M","?","?","?","M","R","M","E","T","E"],"character_chosen":"THE_SILENT","items_purchased":[],"campfire_rested":0,"item_purchase_floors":[],"current_hp_per_floor":[59,59,41,47,47,47,47,11,11,0],"gold":186,"neow_bonus":"RANDOM_COMMON_RELIC","is_prod":false,"is_daily":false,"chose_seed":false,"campfire_upgraded":1,"win_rate":0,"timestamp":1546201594,"path_taken":["M","?","?","?","?","R","M","E","T","E"],"build_version":"2018-12-20","purchased_purges":0,"victory":false,"max_hp_per_floor":[66,66,66,72,72,72,72,72,72,72],"card_choices":[{"not_picked":["Acrobatics","Blade Dance"],"picked":"Quick Slash","floor":1},{"not_picked":["Deflect","Calculated Gamble"],"picked":"Deadly Poison","floor":5},{"not_picked":["Blade Dance","Prepared"],"picked":"Masterful Stab","floor":7},{"not_picked":["Cloak And Dagger","Eviscerate"],"picked":"Endless Agony","floor":8}],"player_experience":709888,"relics_obtained":[{"floor":8,"key":"Blood Vial"},{"floor":9,"key":"Toxic Egg 2"}],"event_choices":[{"damage_healed":0,"gold_gain":0,"player_choice":"Ignored","damage_taken":0,"max_hp_gain":0,"max_hp_loss":0,"event_name":"Liars Game","floor":2,"gold_loss":0},{"damage_healed":0,"gold_gain":0,"player_choice":"Success","damage_taken":18,"relics_obtained":["Darkstone Periapt"],"max_hp_gain":0,"max_hp_loss":0,"event_name":"Scrap Ooze","floor":3,"gold_loss":0},{"damage_healed":0,"gold_gain":0,"player_choice":"Take Wound","damage_taken":0,"relics_obtained":["Golden Idol"],"max_hp_gain":0,"max_hp_loss":0,"event_name":"Golden Idol","floor":4,"gold_loss":0,"cards_obtained":["Injury"]}],"is_beta":false,"boss_relics":[],"items_purged_floors":[],"is_endless":false,"potions_floor_spawned":[1,7],"killed_by":"Gremlin Nob","ascension_level":20}