{"gold_per_floor":[110,110,123,123,34,34,69,69,69,100,117,130,140,140,140,217,217,217,9,9,9,9,9,9,9,9,9,9,9,9,9,9,9,9,9,9,9,9,9,9,9,9,9,9,9,9,9,9,9,9],"floor_reached":50,"playtime":3365,"items_purged":["Strike_G"],"score":1164,"play_id":"a932fee2-34de-48ab-a682-b05c37499fc3","local_time":"20190214225220","is_ascension_mode":true,"campfire_choices":[{"data":"Neutralize","floor":6,"key":"SMITH"},{"data":"Glass Knife","floor":8,"key":"SMITH"},{"data":"Dagger Throw","floor":15,"key":"SMITH"},{"floor":23,"key":"REST"},{"data":"Wraith Form v2","floor":25,"key":"SMITH"},{"data":"Noxious Fumes","floor":30,"key":"SMITH"},{"floor":32,"key":"REST"},{"floor":41,"key":"REST"},{"floor":44,"key":"RECALL"},{"data":"Footwork","floor":49,"key":"SMITH"}],"neow_cost":"NONE","seed_source_timestamp":35646154491990,"circlet_count":0,"master_deck":["AscendersBane","Defend_G","Defend_G","Defend_G","Defend_G","Defend_G","Strike_G","Survivor","Neutralize+1","Dagger Throw+1","Well Laid Plans","Backstab","Glass Knife+1","Well Laid Plans","PiercingWail","Wraith Form v2+1","Noxious Fumes+1","PiercingWail","Backflip","Cloak And Dagger+1","Corpse Explosion+1","After Image","PiercingWail","Parasite","Footwork+1","Backflip+1"],"relics":["Ring of the Snake","NeowsBlessing","Bag of Preparation","Potion Belt","Sundial","Regal Pillow","Ectoplasm","Red Mask","Oddly Smooth Stone","Lantern","Empty Cage","Singing Bowl","Bag of Marbles","Ancient Tea Set"],"potions_floor_usage":[10,16,20,24,40,40,40,40,42,46,50,50,50],"damage_taken":[{"damage":0,"enemies":"Cultist","floor":1,"turns":1},{"damage":0,"enemies":"Small Slimes","floor":3,"turns":1},{"damage":0,"enemies":"Gremlin Nob","floor":7,"turns":1},{"damage":9,"enemies":"3 Sentries","floor":10,"turns":9},{"damage":0,"enemies":"2 Louse","floor":11,"turns":1},{"damage":2,"enemies":"Exordium Wildlife","floor":12,"turns":4},{"damage":0,"enemies":"Blue Slaver","floor":13,"turns":1},{"damage":36,"enemies":"Slime Boss","floor":16,"turns":10},{"damage":12,"enemies":"Shell Parasite","floor":18,"turns":6},{"damage":21,"enemies":"Masked Bandits","floor":20,"turns":6},{"damage":9,"enemies":"Spheric Guardian","floor":22,"turns":6},{"damage":0,"enemies":"Snecko","floor":24,"turns":2},{"damage":1,"enemies":"Shelled Parasite and Fungi","floor":27,"turns":6},{"damage":8,"enemies":"Slavers","floor":28,"turns":10},{"damage":3,"enemies":"Snake Plant","floor":29,"turns":5},{"damage":63,"enemies":"Automaton","floor":33,"turns":14},{"damage":0,"enemies":"Orb Walker","floor":35,"turns":4},{"damage":0,"enemies":"3 Darklings","floor":39,"turns":2},{"damage":38,"enemies":"Nemesis","floor":40,"turns":7},{"damage":3,"enemies":"Spire Growth","floor":42,"turns":6},{"damage":0,"enemies":"Jaw Worm Horde","floor":45,"turns":3},{"damage":0,"enemies":"Reptomancer","floor":46,"turns":8},{"damage":0,"enemies":"Writhing Mass","floor":47,"turns":11},{"damage":0,"enemies":"4 Shapes","floor":48,"turns":7},{"damage":54,"enemies":"Awakened One","floor":50,"turns":23}],"seed_played":"1587647709202207766","potions_obtained":[{"floor":3,"key":"GamblersBrew"},{"floor":10,"key":"EntropicBrew"},{"floor":12,"key":"Fire Potion"},{"floor":13,"key":"GhostInAJar"},{"floor":22,"key":"SmokeBomb"},{"floor":29,"key":"Explosive Potion"},{"floor":33,"key":"Energy Potion"},{"floor":40,"key":"Ancient Potion"},{"floor":46,"key":"GhostInAJar"},{"floor":47,"key":"GamblersBrew"}],"is_trial":false,"path_per_floor":["M","?","M","?","$","R","E","R","T","E","M","M","M","?","R","B",null,"M","$","?","?","M","R","M","R","T","M","E","M","R","T","R","B",null,"M","?","$","?","M","E","R","M","T","R","M","E","M","M","R","B"],"character_chosen":"THE_SILENT","items_purchased":["Backstab","Noxious Fumes","FearPotion"],"campfire_rested":3,"item_purchase_floors":[5,19,19],"current_hp_per_floor":[59,59,59,59,59,59,59,59,59,50,50,48,48,41,41,5,51,39,39,18,18,9,43,43,43,43,42,34,31,31,31,65,2,50,50,50,50,50,50,12,46,45,45,45,45,47,47,47,47,0],"gold":9,"neow_bonus":"THREE_ENEMY_KILL","is_prod":false,"is_daily":false,"chose_seed":false,"campfire_upgraded":6,"win_rate":0,"timestamp":1550181140,"path_taken":["M","?","M","?","$","R","E","R","T","E","M","M","M","?","R","BOSS","M","$","?","?","M","R","M","R","T","M","E","M","R","?","R","BOSS","M","?","?","?","M","E","R","M","T","R","M","E","?","M","R","BOSS"],"build_version":"2019-01-23","purchased_purges":1,"victory":false,"max_hp_per_floor":[66,66,66,66,66,66,66,66,66,66,66,66,66,66,66,66,66,66,66,66,66,66,66,66,66,66,66,66,66,66,66,66,66,66,66,66,66,66,66,66,66,68,68,68,68,70,70,70,70,70],"card_choices":[{"not_picked":["Underhanded Strike","Slice"],"picked":"Dagger Throw","floor":1},{"not_picked":["Predator","Deadly Poison"],"picked":"Well Laid Plans","floor":3},{"not_picked":["Calculated Gamble","Dagger Spray"],"picked":"Glass Knife","floor":7},{"not_picked":["Dodge and Roll","Heel Hook","Cloak And Dagger"],"picked":"SKIP","floor":10},{"not_picked":["Dagger Throw","Deflect"],"picked":"Well Laid Plans","floor":11},{"not_picked":["Tactician","Dagger Throw","Flechettes"],"picked":"SKIP","floor":12},{"not_picked":["Heel Hook","Dagger Throw"],"picked":"PiercingWail","floor":13},{"not_picked":["Bullet Time","Storm of Steel"],"picked":"Wraith Form v2","floor":16},{"not_picked":["Cloak And Dagger","Quick Slash","Reflex"],"picked":"SKIP","floor":18},{"not_picked":["Bane","Dagger Throw"],"picked":"PiercingWail","floor":20},{"not_picked":["Flying Knee","Poisoned Stab"],"picked":"Backflip","floor":22},{"not_picked":["Concentrate","Underhanded Strike"],"picked":"Cloak And Dagger+1","floor":27},{"not_picked":["Dagger Throw","Dagger Spray","Prepared"],"picked":"SKIP","floor":28},{"not_picked":["Sucker Punch","Storm of Steel","Acrobatics"],"picked":"SKIP","floor":29},{"not_picked":["Sucker Punch","Storm of Steel","Acrobatics"],"picked":"SKIP","floor":29},{"not_picked":["Adrenaline","Die Die Die"],"picked":"Corpse Explosion","floor":33},{"not_picked":["Backstab","Dagger Spray","Poisoned Stab"],"picked":"SKIP","floor":35},{"not_picked":["Slice","Reflex","Quick Slash"],"picked":"SKIP","floor":39},{"not_picked":["Flying Knee","Expertise+1"],"picked":"After Image","floor":40},{"not_picked":["Outmaneuver+1","Cloak And Dagger","Sucker Punch+1"],"picked":"Singing Bowl","floor":42},{"not_picked":["Underhanded Strike","Dagger Throw"],"picked":"PiercingWail","floor":45},{"not_picked":["Cloak And Dagger","Flying Knee","Bane"],"picked":"Singing Bowl","floor":46},{"not_picked":["Predator","Burst"],"picked":"Footwork","floor":47},{"not_picked":["Reflex","Flechettes+1"],"picked":"Backflip+1","floor":48}],"player_experience":966374,"relics_obtained":[{"floor":7,"key":"Potion Belt"},{"floor":9,"key":"Sundial"},{"floor":10,"key":"Regal Pillow"},{"floor":20,"key":"Red Mask"},{"floor":26,"key":"Oddly Smooth Stone"},{"floor":28,"key":"Lantern"},{"floor":40,"key":"Singing Bowl"},{"floor":43,"key":"Bag of Marbles"},{"floor":46,"key":"Ancient Tea Set"}],"event_choices":[{"damage_healed":0,"gold_gain":0,"player_choice":"Box","damage_taken":0,"relics_obtained":["Bag of Preparation"],"max_hp_gain":0,"max_hp_loss":0,"event_name":"Big Fish","floor":2,"gold_loss":0,"cards_obtained":["Regret"]},{"cards_removed":["Regret"],"damage_healed":0,"gold_gain":0,"player_choice":"Forget","damage_taken":0,"max_hp_gain":0,"max_hp_loss":0,"event_name":"Living Wall","floor":4,"gold_loss":0},{"cards_removed":["Strike_G"],"damage_healed":0,"gold_gain":0,"player_choice":"Card Removal","damage_taken":7,"max_hp_gain":0,"max_hp_loss":0,"event_name":"Golden Wing","floor":14,"gold_loss":0},{"damage_healed":0,"gold_gain":0,"player_choice":"Fought Bandits","damage_taken":0,"max_hp_gain":0,"max_hp_loss":0,"event_name":"Masked Bandits","floor":20,"gold_loss":0},{"damage_healed":0,"gold_gain":0,"player_choice":"Leave","damage_taken":0,"max_hp_gain":0,"max_hp_loss":0,"event_name":"FaceTrader","floor":36,"gold_loss":0},{"damage_healed":0,"gold_gain":0,"player_choice":"Upgraded","damage_taken":0,"max_hp_gain":0,"max_hp_loss":0,"event_name":"Upgrade Shrine","floor":38,"gold_loss":0,"cards_upgraded":["Corpse Explosion"]}],"is_beta":false,"boss_relics":[{"not_picked":["Snecko Eye","Sozu"],"picked":"Ectoplasm"},{"not_picked":["Eternal Feather","Busted Crown"],"picked":"Empty Cage"}],"items_purged_floors":[19],"is_endless":false,"potions_floor_spawned":[3,10,12,13,22,24,29,33,39,40,46,47],"killed_by":"Awakened One","ascension_level":20}