{"gold_per_floor":[117,129,129,54,129,129,129,129,129,144,208,208,241,255,255,356,356,375,388,12,12,29,29,48,48,72,101,101,128,142,63,63,161,161,180,180,27,38,38,38,52,2,70,105,105,125,136,136,136,136],"floor_reached":50,"playtime":2618,"items_purged":["Strike_B","FTL"],"score":498,"play_id":"779ae67f-869b-41fd-81a5-8645d9484a60","local_time":"20190324153050","is_ascension_mode":false,"campfire_choices":[{"data":"Redo","floor":6,"key":"SMITH"},{"data":"Dualcast","floor":8,"key":"SMITH"},{"data":"Beam Cell","floor":12,"key":"SMITH"},{"data":"Rip and Tear","floor":15,"key":"SMITH"},{"data":"Storm","floor":23,"key":"SMITH"},{"floor":25,"key":"RECALL"},{"data":"Double Energy","floor":32,"key":"SMITH"},{"floor":40,"key":"DIG"},{"floor":49,"key":"DIG"}],"neow_cost":"NONE","seed_source_timestamp":17517047036479,"circlet_count":0,"master_deck":["Zap+1","Dualcast+1","Redo+1","Rip and Tear+1","Beam Cell+1","Leap","Creative AI","Double Energy+1","Self Repair","Reinforced Body","Melter","Thunder Strike","Static Discharge","Tempest","Storm+1","Redo+1","Hello World","Heatsinks","Fission+1","Leap+1","Chaos"],"relics":["Cracked Core","War Paint","Bronze Scales","Thread and Needle","Tiny Chest","Smiling Mask","Pandora\u0027s Box","Orichalcum","Omamori","Letter Opener","Shovel","Bag of Marbles","Busted Crown","Bag of Preparation","WarpedTongs","PreservedInsect","Blue Candle","Vajra","Art of War"],"potions_floor_usage":[13,27,50],"damage_taken":[{"damage":0,"enemies":"2 Louse","floor":1,"turns":2},{"damage":5,"enemies":"Small Slimes","floor":2,"turns":3},{"damage":0,"enemies":"Cultist","floor":10,"turns":3},{"damage":9,"enemies":"Lagavulin","floor":11,"turns":6},{"damage":10,"enemies":"3 Sentries","floor":13,"turns":7},{"damage":0,"enemies":"Looter","floor":14,"turns":2},{"damage":25,"enemies":"The Guardian","floor":16,"turns":11},{"damage":12,"enemies":"Shell Parasite","floor":18,"turns":4},{"damage":6,"enemies":"Spheric Guardian","floor":19,"turns":3},{"damage":7,"enemies":"Centurion and Healer","floor":22,"turns":4},{"damage":0,"enemies":"Sentry and Sphere","floor":24,"turns":3},{"damage":29,"enemies":"Gremlin Leader","floor":27,"turns":4},{"damage":0,"enemies":"Chosen and Byrds","floor":30,"turns":4},{"damage":29,"enemies":"Champ","floor":33,"turns":7},{"damage":0,"enemies":"Orb Walker","floor":35,"turns":2},{"damage":8,"enemies":"3 Darklings","floor":38,"turns":3},{"damage":0,"enemies":"Sphere and 2 Shapes","floor":41,"turns":2},{"damage":44,"enemies":"Reptomancer","floor":44,"turns":4},{"damage":0,"enemies":"Jaw Worm Horde","floor":46,"turns":3},{"damage":0,"enemies":"Maw","floor":47,"turns":3},{"damage":68,"enemies":"Awakened One","floor":50,"turns":8}],"seed_played":"9135912432669544268","potions_obtained":[{"floor":2,"key":"SkillPotion"},{"floor":11,"key":"Swift Potion"},{"floor":18,"key":"SteroidPotion"},{"floor":22,"key":"FocusPotion"},{"floor":27,"key":"Ancient Potion"},{"floor":46,"key":"Weak Potion"}],"is_trial":false,"path_per_floor":["M","M","?","$","?","R","?","R","T","M","E","R","E","M","R","B",null,"M","M","$","?","M","R","M","R","T","E","?","T","M","$","R","B",null,"M","?","$","M","?","R","M","$","T","E","?","M","M","$","R","B"],"character_chosen":"DEFECT","items_purchased":["Orichalcum","Omamori","Storm","Heatsinks","Bag of Preparation"],"campfire_rested":0,"item_purchase_floors":[20,20,20,31,37],"current_hp_per_floor":[75,70,63,63,52,52,52,52,52,52,43,43,33,33,33,8,75,70,71,71,71,71,71,75,75,75,53,53,53,60,60,60,38,75,75,75,75,67,67,67,74,74,74,37,66,66,66,66,66,0],"gold":136,"neow_bonus":"RANDOM_COMMON_RELIC","is_prod":false,"is_daily":false,"chose_seed":false,"campfire_upgraded":6,"win_rate":0,"timestamp":1553452250,"path_taken":["M","M","?","$","?","R","?","R","T","M","E","R","E","M","R","BOSS","M","?","$","?","M","R","M","R","T","E","?","?","M","$","R","BOSS","M","?","$","?","?","R","M","?","T","E","?","M","M","$","R","BOSS"],"build_version":"2019-01-23","purchased_purges":2,"victory":false,"max_hp_per_floor":[75,75,75,75,75,75,75,75,75,75,75,75,75,75,75,75,75,75,75,75,75,75,75,75,75,75,75,75,75,75,75,75,75,75,75,75,75,75,75,75,75,75,75,75,66,66,66,66,66,66],"card_choices":[{"not_picked":["Hologram","Coolheaded","Steam"],"picked":"SKIP","floor":1},{"not_picked":["Leap","Doom and Gloom"],"picked":"Redo","floor":2},{"not_picked":["Steam","Cold Snap"],"picked":"Rip and Tear","floor":10},{"not_picked":["Barrage","Turbo"],"picked":"Beam Cell","floor":11},{"not_picked":["Gash","Beam Cell"],"picked":"Leap","floor":13},{"not_picked":["Conserve Battery","Echo Form","Coolheaded"],"picked":"SKIP","floor":14},{"not_picked":["Hyperbeam","Multi-Cast"],"picked":"Creative AI","floor":16},{"not_picked":["Steam+1","Barrage"],"picked":"FTL","floor":18},{"not_picked":["Stack","Go for the Eyes"],"picked":"Tempest","floor":19},{"not_picked":["Gash","Coolheaded","Stack"],"picked":"SKIP","floor":22},{"not_picked":["Go for the Eyes","Fusion"],"picked":"Redo+1","floor":24},{"not_picked":["Biased Cognition","Skim+1"],"picked":"Hello World","floor":27},{"not_picked":["Sweeping Beam","Fusion","Beam Cell"],"picked":"SKIP","floor":30},{"not_picked":["Rainbow","Echo Form"],"picked":"Fission","floor":33},{"not_picked":["Compile Driver+1"],"picked":"SKIP","floor":35},{"not_picked":[],"picked":"Leap+1","floor":38},{"not_picked":["Darkness"],"picked":"SKIP","floor":41},{"not_picked":["Compile Driver+1"],"picked":"SKIP","floor":44},{"not_picked":[],"picked":"Chaos","floor":46},{"not_picked":["FTL+1"],"picked":"SKIP","floor":47}],"player_experience":527224,"relics_obtained":[{"floor":9,"key":"Thread and Needle"},{"floor":11,"key":"Tiny Chest"},{"floor":13,"key":"Smiling Mask"},{"floor":27,"key":"Shovel"},{"floor":29,"key":"Bag of Marbles"},{"floor":40,"key":"PreservedInsect"},{"floor":43,"key":"Blue Candle"},{"floor":44,"key":"Vajra"},{"floor":49,"key":"Art of War"}],"event_choices":[{"cards_removed":["Strike_B"],"damage_healed":0,"gold_gain":0,"player_choice":"Card Removal","damage_taken":7,"max_hp_gain":0,"max_hp_loss":0,"event_name":"Golden Wing","floor":3,"gold_loss":0},{"damage_healed":0,"gold_gain":75,"player_choice":"Gather Gold","damage_taken":11,"max_hp_gain":0,"max_hp_loss":0,"event_name":"World of Goop","floor":5,"gold_loss":0},{"damage_healed":0,"gold_gain":0,"player_choice":"Gave Potion","damage_taken":0,"relics_obtained":["Bronze Scales"],"max_hp_gain":0,"max_hp_loss":0,"event_name":"WeMeetAgain","floor":7,"gold_loss":0},{"damage_healed":0,"gold_gain":0,"player_choice":"Opened","damage_taken":0,"relics_obtained":["Letter Opener"],"max_hp_gain":0,"max_hp_loss":0,"event_name":"The Mausoleum","floor":21,"gold_loss":0,"cards_obtained":["Writhe"]},{"damage_healed":0,"gold_gain":0,"player_choice":"Ignored","damage_taken":0,"max_hp_gain":0,"max_hp_loss":0,"event_name":"Vampires","floor":28,"gold_loss":0},{"damage_healed":0,"gold_gain":0,"player_choice":"Upgraded","damage_taken":0,"max_hp_gain":0,"max_hp_loss":0,"event_name":"Upgrade Shrine","floor":36,"gold_loss":0,"cards_upgraded":["Fission"]},{"damage_healed":0,"gold_gain":0,"player_choice":"Rummage","damage_taken":0,"relics_obtained":["WarpedTongs"],"max_hp_gain":0,"max_hp_loss":0,"event_name":"Accursed Blacksmith","floor":39,"gold_loss":0,"cards_obtained":["Pain"]},{"damage_healed":66,"gold_gain":0,"player_choice":"Heal","damage_taken":0,"max_hp_gain":0,"max_hp_loss":9,"event_name":"The Moai Head","floor":45,"gold_loss":0}],"is_beta":false,"boss_relics":[{"not_picked":["Velvet Choker","Runic Dome"],"picked":"Pandora\u0027s Box"},{"not_picked":["Inserter","Sozu"],"picked":"Busted Crown"}],"items_purged_floors":[4,42],"is_endless":false,"potions_floor_spawned":[2,11,18,22,27,46],"killed_by":"Awakened One","ascension_level":0}