{"gold_per_floor":[111,131,131,131,141,141,160,174,200,200,217,228,247,261,261,364,364,383,395,409,154,154,154,154,154,180,200,217,217,98,110,110,215,215,230,241,341,357,357,357,370,389,389,389,399,399],"floor_reached":46,"playtime":2643,"items_purged":["Strike_B"],"score":472,"play_id":"c7248f55-9447-46d9-bdf4-59ca0fcb262b","local_time":"20190608214847","is_ascension_mode":false,"campfire_choices":[{"data":"Dualcast","floor":6.0,"key":"SMITH"},{"data":"Rainbow","floor":15.0,"key":"SMITH"},{"floor":23.0,"key":"REST"},{"data":"Capacitor","floor":25.0,"key":"SMITH"},{"data":"Consume","floor":32.0,"key":"SMITH"},{"data":"Static Discharge","floor":40.0,"key":"SMITH"},{"floor":44,"key":"REST"}],"neow_cost":"NONE","seed_source_timestamp":1385860224894300,"circlet_count":0,"master_deck":["Defend_B+1","Defend_B","Defend_B","Defend_B","Zap+1","Dualcast+1","Consume+1","Hologram+1","Static Discharge+1","Conserve Battery","Steam","Go for the Eyes","Rainbow+1","Gash","Cold Snap","Electrodynamics","Hologram","Conserve Battery","Steam+1","Capacitor+1","Dark Shackles","Sweeping Beam","Bite","Bite","Bite","Bite","Bite","Go for the Eyes","Gash","BootSequence","Blind","Barrage","All For One","Auto Shields+1","Rip and Tear+1","Ball Lightning","Melter+1","Defragment","Melter+1","Reinforced Body"],"special_seed":0,"relics":["Cracked Core"],"potions_floor_usage":[41,42],"damage_taken":[{"damage":5.0,"enemies":"Small Slimes","floor":1.0,"turns":3.0},{"damage":1.0,"enemies":"Jaw Worm","floor":2.0,"turns":4.0},{"damage":6.0,"enemies":"2 Louse","floor":5.0,"turns":2.0},{"damage":7.0,"enemies":"Blue Slaver","floor":7.0,"turns":3.0},{"damage":3.0,"enemies":"Exordium Thugs","floor":8.0,"turns":4.0},{"damage":0.0,"enemies":"Looter","floor":11.0,"turns":3.0},{"damage":2.0,"enemies":"Large Slime","floor":12.0,"turns":6.0},{"damage":4.0,"enemies":"Lots of Slimes","floor":13.0,"turns":4.0},{"damage":0.0,"enemies":"2 Fungi Beasts","floor":14.0,"turns":3.0},{"damage":20.0,"enemies":"The Guardian","floor":16.0,"turns":11.0},{"damage":26.0,"enemies":"2 Thieves","floor":18.0,"turns":4.0},{"damage":14.0,"enemies":"Spheric Guardian","floor":19.0,"turns":5.0},{"damage":12.0,"enemies":"Snecko","floor":20.0,"turns":7.0},{"damage":5.0,"enemies":"Shelled Parasite and Fungi","floor":27.0,"turns":6.0},{"damage":0.0,"enemies":"Centurion and Healer","floor":28.0,"turns":8.0},{"damage":25.0,"enemies":"Snake Plant","floor":31.0,"turns":6.0},{"damage":31.0,"enemies":"Champ","floor":33.0,"turns":12.0},{"damage":15.0,"enemies":"3 Darklings","floor":35.0,"turns":5.0},{"damage":6.0,"enemies":"Orb Walker","floor":36.0,"turns":5.0},{"damage":2.0,"enemies":"Mind Bloom Boss Battle","floor":37.0,"turns":9.0},{"damage":28.0,"enemies":"Maw","floor":38.0,"turns":9.0},{"damage":64,"enemies":"Writhing Mass","floor":41,"turns":9},{"damage":13,"enemies":"3 Darklings","floor":42,"turns":7},{"damage":18,"enemies":"4 Shapes","floor":45,"turns":8},{"damage":21,"enemies":"Transient","floor":46,"turns":4}],"seed_played":"-7334811921134888715","potions_obtained":[{"floor":1.0,"key":"Block Potion"},{"floor":5.0,"key":"Ancient Potion"},{"floor":7.0,"key":"Dexterity Potion"},{"floor":19.0,"key":"Block Potion"},{"floor":38.0,"key":"PowerPotion"},{"floor":42,"key":"SmokeBomb"}],"is_trial":false,"path_per_floor":["M","M","?","T","M","R","M","M","T","?","M","M","M","M","R","B",null,"M","M","M","$","?","R","?","R","T","M","M","?","$","M","R","B",null,"M","M","?","M","?","R","M","M","T","R","M","M"],"character_chosen":"DEFECT","items_purchased":["Capacitor","Dark Shackles","Sweeping Beam","Blind","Barrage"],"campfire_rested":2,"item_purchase_floors":[21,21,21,30,30],"current_hp_per_floor":[77,76,76,76,70,70,63,60,60,44,44,42,38,38,38,18,82,56,42,30,30,30,54,54,54,54,57,57,57,57,38,38,19,57,42,38,44,28,67,67,13,8,8,28,14,0],"gold":399,"neow_bonus":"TEN_PERCENT_HP_BONUS","is_prod":false,"is_daily":false,"chose_seed":false,"campfire_upgraded":5,"win_rate":0,"timestamp":1560044927,"path_taken":["M","M","?","?","M","R","M","M","T","?","M","M","M","M","R","BOSS","M","M","M","$","?","R","?","R","T","M","M","?","?","?","R","BOSS","M","M","?","M","?","R","M","M","T","R","?","M"],"build_version":"2019-01-23","purchased_purges":1,"victory":false,"max_hp_per_floor":[82,82,82,82,82,82,82,82,82,82,82,82,82,82,82,82,82,82,82,82,82,82,82,57,57,57,57,57,57,57,57,57,57,57,57,57,57,57,67,67,67,67,67,67,67,67],"card_choices":[{"not_picked":["Darkness","Recycle"],"picked":"Consume","floor":1.0},{"not_picked":["Storm","Barrage"],"picked":"Hologram","floor":2.0},{"not_picked":["Redo","Barrage"],"picked":"Static Discharge","floor":5.0},{"not_picked":["Go for the Eyes","Redo"],"picked":"Conserve Battery","floor":7.0},{"not_picked":["Turbo","Steam Power"],"picked":"Steam","floor":8.0},{"not_picked":["Steam","Doom and Gloom"],"picked":"Go for the Eyes","floor":11.0},{"not_picked":["Undo","Doom and Gloom"],"picked":"Rainbow","floor":12.0},{"not_picked":["Blizzard","Coolheaded"],"picked":"Gash","floor":13.0},{"not_picked":["Barrage","Storm"],"picked":"Cold Snap","floor":14.0},{"not_picked":["Machine Learning","Buffer"],"picked":"Electrodynamics","floor":16.0},{"not_picked":["Doom and Gloom","Reprogram"],"picked":"Hologram","floor":18.0},{"not_picked":["Scrape+1","Barrage+1"],"picked":"Conserve Battery","floor":19.0},{"not_picked":["Beam Cell","White Noise+1"],"picked":"Steam+1","floor":20.0},{"not_picked":["Redo","Gash"],"picked":"Go for the Eyes","floor":27.0},{"not_picked":["Hologram","Redo"],"picked":"Gash","floor":28.0},{"not_picked":["Gash","Beam Cell"],"picked":"All For One","floor":31.0},{"not_picked":["Thunder Strike","Amplify"],"picked":"Core Surge","floor":33.0},{"not_picked":["Scrape","Double Energy+1"],"picked":"Auto Shields+1","floor":35.0},{"not_picked":["Stack","Go for the Eyes"],"picked":"Rip and Tear+1","floor":36.0},{"not_picked":["Conserve Battery","White Noise+1"],"picked":"Ball Lightning","floor":37.0},{"not_picked":["Lockon","Streamline+1"],"picked":"Melter+1","floor":38.0},{"not_picked":["Recycle+1","Cold Snap+1"],"picked":"Defragment","floor":41},{"not_picked":["Recycle","Streamline"],"picked":"Melter+1","floor":42},{"not_picked":["Redo","Turbo"],"picked":"Reinforced Body","floor":45}],"player_experience":670186,"relics_obtained":[],"event_choices":[{"damage_healed":0.0,"max_hp_gain":0.0,"max_hp_loss":0.0,"gold_gain":0.0,"event_name":"Living Wall","player_choice":"Grow","floor":3.0,"gold_loss":0.0,"damage_taken":0.0,"cards_upgraded":["Zap"]},{"damage_healed":0.0,"max_hp_gain":0.0,"max_hp_loss":0.0,"gold_gain":0.0,"event_name":"Shining Light","player_choice":"Entered Light","floor":10.0,"gold_loss":0.0,"damage_taken":16.0,"cards_upgraded":["Defend_B","Hologram"]},{"damage_healed":0.0,"max_hp_gain":0.0,"max_hp_loss":0.0,"gold_gain":0.0,"event_name":"Cursed Tome","player_choice":"Ignored","floor":22.0,"gold_loss":0.0,"damage_taken":0.0},{"damage_healed":0.0,"max_hp_gain":0.0,"max_hp_loss":25.0,"gold_gain":0.0,"event_name":"Vampires","player_choice":"Became a vampire","floor":24.0,"gold_loss":0.0,"damage_taken":0.0,"cards_obtained":["Bite","Bite","Bite","Bite","Bite"]},{"damage_healed":0.0,"max_hp_gain":0.0,"max_hp_loss":0.0,"gold_gain":0.0,"event_name":"The Library","player_choice":"Read","floor":29.0,"gold_loss":0.0,"damage_taken":0.0,"cards_obtained":["BootSequence"]},{"damage_healed":0.0,"max_hp_gain":0.0,"max_hp_loss":0.0,"gold_gain":0.0,"event_name":"MindBloom","player_choice":"Fight","floor":37.0,"gold_loss":0.0,"damage_taken":0.0},{"cards_removed":["Core Surge"],"damage_healed":29.0,"max_hp_gain":10.0,"max_hp_loss":0.0,"gold_gain":0.0,"event_name":"Bonfire Elementals","player_choice":"Offered Rare","floor":39.0,"gold_loss":0.0,"damage_taken":0.0}],"is_beta":false,"boss_relics":[{"not_picked":[]},{"not_picked":[]}],"items_purged_floors":[21],"is_endless":false,"potions_floor_spawned":[1,5,7,11,12,14,19,27,36,38,42],"killed_by":"Transient","ascension_level":0}