{"path_per_floor":["M","?","M","?","$","R","E","R","T","R","M","?","E","T","R","B",null,"M","?","?","?","T","E","$","M","T","M","M","R","?","M","R","B",null,"M","$","?","M","$","R","?","M","T","?","R","M","R","M","R","B"],"character_chosen":"THE_SILENT","items_purchased":["Noxious Fumes","Pantograph","Dagger Spray"],"gold_per_floor":[118,118,131,131,61,61,94,94,94,94,110,110,139,209,209,312,312,292,207,207,207,207,240,2,20,20,39,56,56,56,68,68,173,173,191,91,0,18,18,18,18,34,108,108,108,128,128,139,139,139],"floor_reached":51,"campfire_rested":3,"playtime":3384,"item_purchase_floors":[5,24,36],"current_hp_per_floor":[70,70,70,70,70,70,55,55,55,55,55,55,55,55,55,26,70,65,65,52,52,52,41,41,36,36,33,29,51,51,44,44,30,75,75,75,75,63,63,63,63,48,48,48,48,3,25,25,47,6],"items_purged":["Strike_G"],"gold":139,"score":671,"play_id":"1449188c-f029-4357-af49-2fd7d908c276","local_time":"20180614092432","is_prod":false,"is_daily":false,"chose_seed":false,"is_ascension_mode":false,"campfire_upgraded":6,"win_rate":0,"timestamp":1528979072,"campfire_choices":[{"data":"Noxious Fumes","floor":6,"key":"SMITH"},{"data":"Distraction","floor":8,"key":"SMITH"},{"data":"Survivor","floor":10,"key":"SMITH"},{"data":"Sucker Punch","floor":15,"key":"SMITH"},{"floor":29,"key":"REST"},{"data":"Distraction","floor":32,"key":"SMITH"},{"data":"Bane","floor":40,"key":"SMITH"},{"floor":45,"key":"DIG"},{"floor":47,"key":"REST"},{"floor":49,"key":"REST"}],"path_taken":["M","?","M","?","?","R","E","R","T","R","M","?","E","?","R","BOSS","M","?","?","?","?","E","?","M","T","M","M","R","?","M","R","BOSS","M","$","?","M","$","R","?","M","T","?","R","M","R","M","R","BOSS"],"build_version":"2018-06-07v3","seed_source_timestamp":48186414755945,"purchased_purges":1,"victory":true,"master_deck":["Defend_G","Defend_G","Defend_G","Strike_G+1","Strike_G","Survivor+1","Neutralize+1","Underhanded Strike+1","Noxious Fumes+1","Distraction+1","Sucker Punch+1","Poisoned Stab","After Image+1","Distraction+1","Bane+1","Acrobatics+1","Doppelganger","Prepared+1","Distraction+1","Sucker Punch+1","Dagger Spray","Underhanded Strike+1","Quick Slash+1","Calculated Gamble+1"],"max_hp_per_floor":[70,70,70,70,70,70,70,70,70,70,70,70,70,70,70,70,70,70,70,75,75,75,75,75,75,75,75,75,75,75,75,75,75,75,75,75,75,75,75,75,75,75,75,75,75,75,75,75,75,75],"relics":["Ring of the Snake","Juzu Bracelet","Omamori","Letter Opener","Bottled Flame","Mercury Hourglass","Lizard Tail","Shovel","Darkstone Periapt","Pen Nib","Pantograph","Art of War","Astrolabe","Red Mask","Molten Egg 2","Whetstone"],"card_choices":[{"not_picked":["Acrobatics","Bane","Dodge and Roll"],"picked":"SKIP","floor":1},{"not_picked":["Malaise","Blade Dance"],"picked":"Underhanded Strike","floor":3},{"not_picked":["PiercingWail","Endless Agony"],"picked":"Distraction","floor":7},{"not_picked":["Cloak And Dagger","PiercingWail"],"picked":"Sucker Punch","floor":11},{"not_picked":["Cloak And Dagger","Setup"],"picked":"Poisoned Stab","floor":13},{"not_picked":["Storm of Steel","Venomology"],"picked":"After Image","floor":16},{"not_picked":["Acrobatics","Cloak And Dagger","Malaise"],"picked":"SKIP","floor":18},{"not_picked":["Slice","Choke","Predator"],"picked":"SKIP","floor":23},{"not_picked":["Reflex","Dodge and Roll"],"picked":"Distraction","floor":25},{"not_picked":["Outmaneuver","Cloak And Dagger"],"picked":"Bane","floor":27},{"not_picked":["Footwork","Caltrops","Corpse Explosion"],"picked":"SKIP","floor":28},{"not_picked":["All Out Attack+1","Bouncing Flask"],"picked":"Acrobatics+1","floor":31},{"not_picked":["After Image","Grand Finale"],"picked":"Doppelganger","floor":33},{"not_picked":["Dodge and Roll","Poisoned Stab","Bane"],"picked":"SKIP","floor":35},{"not_picked":["A Thousand Cuts","Deadly Poison+1"],"picked":"Underhanded Strike","floor":38},{"not_picked":["Footwork+1","Flying Knee+1"],"picked":"Quick Slash+1","floor":42},{"not_picked":["Dash+1","Setup+1","Sucker Punch+1"],"picked":"SKIP","floor":46},{"not_picked":["Poisoned Stab+1","Dash+1"],"picked":"Calculated Gamble+1","floor":48}],"player_experience":300054,"potions_floor_usage":[7,13,16,23,27,33,46,46,50],"damage_taken":[{"damage":0,"enemies":"Jaw Worm","floor":1,"turns":4},{"damage":0,"enemies":"2 Louse","floor":3,"turns":5},{"damage":15,"enemies":"Lagavulin","floor":7,"turns":8},{"damage":0,"enemies":"Cultist","floor":11,"turns":3},{"damage":0,"enemies":"3 Sentries","floor":13,"turns":6},{"damage":29,"enemies":"Hexaghost","floor":16,"turns":9},{"damage":5,"enemies":"2 Thieves","floor":18,"turns":4},{"damage":26,"enemies":"Gremlin Leader","floor":23,"turns":8},{"damage":5,"enemies":"Spheric Guardian","floor":25,"turns":4},{"damage":3,"enemies":"3 Cultists","floor":27,"turns":5},{"damage":4,"enemies":"Chosen and Byrds","floor":28,"turns":5},{"damage":7,"enemies":"Centurion and Healer","floor":31,"turns":6},{"damage":39,"enemies":"Collector","floor":33,"turns":8},{"damage":0,"enemies":"Orb Walker","floor":35,"turns":4},{"damage":12,"enemies":"3 Darklings","floor":38,"turns":4},{"damage":15,"enemies":"Sphere and 2 Shapes","floor":42,"turns":4},{"damage":45,"enemies":"Maw","floor":46,"turns":9},{"damage":0,"enemies":"3 Darklings","floor":48,"turns":3},{"damage":116,"enemies":"Donu and Deca","floor":50,"turns":11}],"relics_obtained":[{"floor":7,"key":"Omamori"},{"floor":9,"key":"Letter Opener"},{"floor":13,"key":"Bottled Flame"},{"floor":14,"key":"Mercury Hourglass"},{"floor":22,"key":"Darkstone Periapt"},{"floor":23,"key":"Pen Nib"},{"floor":26,"key":"Art of War"},{"floor":43,"key":"Molten Egg 2"},{"floor":45,"key":"Whetstone"}],"event_choices":[{"event_name":"Living Wall","player_choice":"Grow","floor":2,"damage_taken":0},{"event_name":"Upgrade Shrine","player_choice":"Upgraded","floor":4,"damage_taken":0},{"event_name":"The Woman in Blue","player_choice":"Bought 0 Potions","floor":12,"damage_taken":0},{"event_name":"Addict","player_choice":"Obtained Relic","floor":19,"damage_taken":0},{"event_name":"Forgotten Altar","player_choice":"Shed Blood","floor":20,"damage_taken":0},{"event_name":"Bonfire Elementals","player_choice":"BASIC","floor":21,"damage_taken":0},{"event_name":"The Mausoleum","player_choice":"No","floor":30,"damage_taken":0},{"event_name":"Tomb of Lord Red Mask","player_choice":"Paid","floor":37,"damage_taken":0},{"event_name":"Upgrade Shrine","player_choice":"Upgraded","floor":41,"damage_taken":0},{"event_name":"Mysterious Sphere","player_choice":"Ignore","floor":44,"damage_taken":0}],"boss_relics":[{"not_picked":["Orrery","Snecko Eye"],"picked":"Lizard Tail"},{"not_picked":["Velvet Choker","Pandora\u0027s Box"],"picked":"Astrolabe"}],"items_purged_floors":[36],"potions_floor_spawned":[3,11,13,18,25,31,38,42,48],"seed_played":"7657929629087327301","ascension_level":0,"potions_obtained":[{"floor":3,"key":"EssenceOfSteel"},{"floor":11,"key":"Explosive Potion"},{"floor":13,"key":"SneckoOil"},{"floor":18,"key":"Regen Potion"},{"floor":25,"key":"Block Potion"},{"floor":31,"key":"Poison Potion"},{"floor":38,"key":"FearPotion"},{"floor":42,"key":"Block Potion"},{"floor":48,"key":"Strength Potion"}],"is_trial":false}