{"gold_per_floor":[114,129,142,67,67,67,107,107,187,231,196,246,226,240,240,240],"floor_reached":16,"playtime":719,"items_purged":["Strike_G"],"score":216,"play_id":"ab4eadf6-36b5-4cba-8590-473dcd3fe2b2","local_time":"20190325221558","is_ascension_mode":true,"campfire_choices":[{"data":"Skewer","floor":6,"key":"SMITH"},{"data":"Neutralize","floor":8,"key":"SMITH"},{"data":"Noxious Fumes","floor":15,"key":"SMITH"}],"neow_cost":"NONE","seed_source_timestamp":25263850499628,"circlet_count":0,"master_deck":["AscendersBane","Defend_G","Defend_G","Defend_G","Defend_G","Defend_G","Strike_G","Strike_G","Strike_G","Strike_G","Survivor","Neutralize+1","Blur","Backstab","Skewer+1","Noxious Fumes+1","Dash+1"],"relics":["Ring of the Snake","Golden Idol","Juzu Bracelet","Molten Egg 2","Ancient Tea Set"],"potions_floor_usage":[7,10,16,16,16],"damage_taken":[{"damage":0,"enemies":"2 Louse","floor":1,"turns":4},{"damage":0,"enemies":"Small Slimes","floor":2,"turns":5},{"damage":0,"enemies":"Cultist","floor":3,"turns":4},{"damage":39,"enemies":"Lagavulin","floor":7,"turns":8},{"damage":25,"enemies":"3 Sentries","floor":10,"turns":13},{"damage":0,"enemies":"Gremlin Gang","floor":14,"turns":7},{"damage":18,"enemies":"Hexaghost","floor":16,"turns":11}],"seed_played":"7321355756165456877","potions_obtained":[{"floor":1,"key":"AttackPotion"},{"floor":2,"key":"EntropicBrew"},{"floor":7,"key":"Block Potion"},{"floor":10,"key":"SteroidPotion"},{"floor":13,"key":"Fire Potion"}],"is_trial":false,"path_per_floor":["M","M","M","$","?","R","E","R","T","E","?","?","?","M","R","B"],"character_chosen":"THE_SILENT","items_purchased":[],"campfire_rested":0,"item_purchase_floors":[],"current_hp_per_floor":[65,65,65,65,65,65,26,26,26,1,17,17,17,17,17,0],"gold":240,"neow_bonus":"TEN_PERCENT_HP_BONUS","is_prod":false,"is_daily":false,"chose_seed":false,"campfire_upgraded":3,"win_rate":0,"timestamp":1553548558,"path_taken":["M","M","M","$","?","R","E","R","T","E","?","?","?","M","R","BOSS"],"build_version":"2019-01-23","purchased_purges":1,"victory":false,"max_hp_per_floor":[72,72,72,72,65,65,65,65,65,65,65,65,65,65,65,65],"card_choices":[{"not_picked":["Terror","Underhanded Strike"],"picked":"Blur","floor":1},{"not_picked":["Quick Slash","All Out Attack"],"picked":"Backstab","floor":2},{"not_picked":["Reflex","Sucker Punch"],"picked":"Skewer","floor":3},{"not_picked":["Bane","Accuracy","Masterful Stab"],"picked":"SKIP","floor":7},{"not_picked":["Dagger Spray+1","Predator+1"],"picked":"Noxious Fumes","floor":10},{"not_picked":["Noxious Fumes","Reflex"],"picked":"Dash+1","floor":14}],"player_experience":1044565,"relics_obtained":[{"floor":7,"key":"Juzu Bracelet"},{"floor":9,"key":"Molten Egg 2"},{"floor":10,"key":"Ancient Tea Set"}],"event_choices":[{"damage_healed":0,"gold_gain":0,"player_choice":"Lose Max HP","damage_taken":0,"relics_obtained":["Golden Idol"],"max_hp_gain":0,"max_hp_loss":7,"event_name":"Golden Idol","floor":5,"gold_loss":0},{"damage_healed":16,"gold_gain":0,"player_choice":"Healed","damage_taken":0,"max_hp_gain":0,"max_hp_loss":0,"event_name":"The Cleric","floor":11,"gold_loss":35},{"damage_healed":0,"gold_gain":50,"player_choice":"Pray","damage_taken":0,"max_hp_gain":0,"max_hp_loss":0,"event_name":"Golden Shrine","floor":12,"gold_loss":0},{"damage_healed":0,"gold_gain":0,"player_choice":"Bought 1 Potion","damage_taken":0,"max_hp_gain":0,"max_hp_loss":0,"event_name":"The Woman in Blue","floor":13,"gold_loss":0}],"is_beta":false,"boss_relics":[],"items_purged_floors":[4],"is_endless":false,"potions_floor_spawned":[1,2,7,10],"killed_by":"Hexaghost","ascension_level":20}