{"gold_per_floor":[117,127,142,142,159,194,194,194,275,285,345,345,365,381,381,381],"floor_reached":16,"playtime":781,"items_purged":[],"score":130,"play_id":"a8aeba8b-f5d5-4599-89b4-e303c7970b5a","local_time":"20190213201049","is_ascension_mode":true,"campfire_choices":[{"floor":7,"key":"REST"},{"data":"Body Slam","floor":8,"key":"SMITH"},{"data":"Armaments","floor":12,"key":"SMITH"},{"data":"Flame Barrier","floor":15,"key":"SMITH"}],"neow_cost":"NONE","seed_source_timestamp":215935520873509,"circlet_count":0,"master_deck":["Strike_R","Strike_R","Strike_R","Strike_R","Strike_R","Defend_R","Defend_R","Defend_R","Defend_R","Bash+1","Iron Wave","Body Slam+1","Flame Barrier+1","Armaments+1","Demon Form"],"relics":["Burning Blood","WingedGreaves","Paper Frog","Vajra"],"potions_floor_usage":[5,5,6,11,16],"damage_taken":[{"damage":1,"enemies":"Cultist","floor":1,"turns":3},{"damage":2,"enemies":"Jaw Worm","floor":2,"turns":3},{"damage":5,"enemies":"Small Slimes","floor":3,"turns":4},{"damage":0,"enemies":"Looter","floor":5,"turns":3},{"damage":38,"enemies":"Lagavulin","floor":6,"turns":8},{"damage":10,"enemies":"Gremlin Gang","floor":10,"turns":8},{"damage":28,"enemies":"Gremlin Nob","floor":11,"turns":5},{"damage":7,"enemies":"2 Fungi Beasts","floor":13,"turns":4},{"damage":10,"enemies":"Looter","floor":14,"turns":4},{"damage":57,"enemies":"Slime Boss","floor":16,"turns":10}],"seed_played":"4552081939015231242","potions_obtained":[{"floor":2,"key":"Block Potion"},{"floor":3,"key":"EssenceOfSteel"},{"floor":4,"key":"FearPotion"},{"floor":6,"key":"PowerPotion"},{"floor":11,"key":"SmokeBomb"},{"floor":14,"key":"Swift Potion"}],"is_trial":false,"path_per_floor":["M","M","M","?","M","E","R","R","T","M","?","R","M","M","R","B"],"character_chosen":"IRONCLAD","items_purchased":[],"campfire_rested":1,"item_purchase_floors":[],"current_hp_per_floor":[80,80,80,80,80,48,72,72,72,68,46,46,45,41,41,0],"gold":381,"neow_bonus":"UPGRADE_CARD","is_prod":false,"is_daily":false,"chose_seed":false,"campfire_upgraded":3,"win_rate":0,"timestamp":1550103049,"path_taken":["M","?","M","?","M","E","R","R","T","?","?","R","M","M","R","BOSS"],"build_version":"2019-01-23","purchased_purges":0,"victory":false,"max_hp_per_floor":[80,80,80,80,80,80,80,80,80,80,80,80,80,80,80,80],"card_choices":[{"not_picked":["Anger","Corruption"],"picked":"Iron Wave","floor":1},{"not_picked":["Spot Weakness","Pommel Strike"],"picked":"Body Slam","floor":2},{"not_picked":["Pommel Strike","Thunderclap","Second Wind"],"picked":"SKIP","floor":3},{"not_picked":["Twin Strike","Inflame"],"picked":"Flame Barrier","floor":5},{"not_picked":["Wild Strike","Havoc","Pummel"],"picked":"SKIP","floor":6},{"not_picked":["Heavy Blade","Entrench"],"picked":"Armaments","floor":10},{"not_picked":["Bloodletting","Iron Wave"],"picked":"Demon Form","floor":11},{"not_picked":["Armaments","Carnage","Iron Wave"],"picked":"SKIP","floor":13},{"not_picked":["Flame Barrier","Havoc","Heavy Blade"],"picked":"SKIP","floor":14}],"player_experience":433790,"relics_obtained":[{"floor":6,"key":"WingedGreaves"},{"floor":9,"key":"Paper Frog"},{"floor":11,"key":"Vajra"}],"event_choices":[{"damage_healed":0,"gold_gain":0,"player_choice":"Got Potions","damage_taken":0,"max_hp_gain":0,"max_hp_loss":0,"event_name":"Lab","floor":4,"gold_loss":0},{"damage_healed":0,"gold_gain":0,"player_choice":"Searched \u00271\u0027 times","damage_taken":0,"max_hp_gain":0,"max_hp_loss":0,"event_name":"Dead Adventurer","floor":11,"gold_loss":0}],"is_beta":false,"boss_relics":[],"items_purged_floors":[],"is_endless":false,"potions_floor_spawned":[2,3,6,11,14],"killed_by":"Slime Boss","ascension_level":5}