{"gold_per_floor":[111,126,91,101,113,113,148,148,148,148,175,175,195,78,78,155,155,173,173,189,189,202,218,218],"floor_reached":24,"playtime":952,"items_purged":["Strike_B"],"score":420,"play_id":"f36a37c9-4c22-43b5-a3f4-a90c3aa1de7d","local_time":"20190207225857","is_ascension_mode":true,"campfire_choices":[{"data":"Zap","floor":6,"key":"SMITH"},{"data":"Ball Lightning","floor":10,"key":"SMITH"},{"data":"Biased Cognition","floor":12,"key":"SMITH"},{"data":"Capacitor","floor":15,"key":"SMITH"}],"neow_cost":"PERCENT_DAMAGE","seed_source_timestamp":38102852877731,"circlet_count":0,"master_deck":["AscendersBane","Strike_B","Strike_B","Strike_B","Defend_B","Defend_B","Defend_B","Defend_B","Zap+1","Dualcast","Ball Lightning+1","Compile Driver+1","Hologram","Core Surge+1","Biased Cognition+1","Coolheaded","Capacitor+1","Electrodynamics","Ball Lightning+1","Hologram","Genetic Algorithm","Skim"],"relics":["Cracked Core","Mango","Meat on the Bone","Question Card","Whetstone","Cursed Key"],"potions_floor_usage":[7,8,11,18,24],"damage_taken":[{"damage":2,"enemies":"Jaw Worm","floor":1,"turns":3},{"damage":0,"enemies":"Small Slimes","floor":2,"turns":2},{"damage":10,"enemies":"2 Louse","floor":4,"turns":2},{"damage":13,"enemies":"Exordium Wildlife","floor":5,"turns":4},{"damage":22,"enemies":"Lagavulin","floor":7,"turns":5},{"damage":0,"enemies":"Looter","floor":8,"turns":1},{"damage":8,"enemies":"Gremlin Nob","floor":11,"turns":3},{"damage":7,"enemies":"Lots of Slimes","floor":13,"turns":3},{"damage":37,"enemies":"Slime Boss","floor":16,"turns":7},{"damage":26,"enemies":"Shell Parasite","floor":18,"turns":6},{"damage":11,"enemies":"Spheric Guardian","floor":20,"turns":3},{"damage":0,"enemies":"Snecko","floor":22,"turns":4},{"damage":24,"enemies":"Snake Plant","floor":23,"turns":2},{"damage":38,"enemies":"Book of Stabbing","floor":24,"turns":3}],"seed_played":"3418005633095278139","potions_obtained":[{"floor":2,"key":"Strength Potion"},{"floor":5,"key":"SmokeBomb"},{"floor":7,"key":"GamblersBrew"},{"floor":16,"key":"EssenceOfSteel"},{"floor":20,"key":"Strength Potion"},{"floor":23,"key":"GamblersBrew"}],"is_trial":false,"path_per_floor":["M","M","?","M","M","R","E","M","T","R","E","R","M","$","R","B",null,"M","?","M","?","M","M","E"],"character_chosen":"DEFECT","items_purchased":["Capacitor"],"campfire_rested":0,"item_purchase_floors":[14],"current_hp_per_floor":[58,58,79,69,56,56,34,46,46,46,50,50,43,43,43,18,68,54,54,43,43,43,31,0],"gold":218,"neow_bonus":"ONE_RARE_RELIC","is_prod":false,"is_daily":false,"chose_seed":false,"campfire_upgraded":4,"win_rate":0,"timestamp":1549576737,"path_taken":["M","M","?","M","M","R","E","M","T","R","E","R","M","$","R","BOSS","M","?","M","?","M","M","E"],"build_version":"2019-01-23","purchased_purges":1,"victory":false,"max_hp_per_floor":[85,85,85,85,85,85,85,85,85,85,85,85,85,85,85,85,85,85,85,85,85,85,85,85],"card_choices":[{"not_picked":["Gash","Undo"],"picked":"Ball Lightning","floor":1},{"not_picked":["Force Field","Storm","Reprogram"],"picked":"SKIP","floor":2},{"not_picked":["Leap","Turbo"],"picked":"Compile Driver","floor":4},{"not_picked":["Lockon","Streamline"],"picked":"Hologram","floor":5},{"not_picked":["Hologram","Double Energy"],"picked":"Core Surge","floor":7},{"not_picked":["Sunder","Steam","Cold Snap"],"picked":"Biased Cognition","floor":11},{"not_picked":["Compile Driver","Turbo","Undo"],"picked":"Coolheaded","floor":13},{"not_picked":["Thunder Strike","Buffer","Machine Learning"],"picked":"Electrodynamics","floor":16},{"not_picked":["Turbo","Go for the Eyes","Redo"],"picked":"Ball Lightning+1","floor":18},{"not_picked":["Consume","Fusion","Chill"],"picked":"Genetic Algorithm","floor":20},{"not_picked":["Conserve Battery","Steam","Streamline"],"picked":"Skim","floor":22},{"not_picked":["Amplify","Rip and Tear","Stack","Beam Cell"],"picked":"SKIP","floor":23}],"player_experience":926041,"relics_obtained":[{"floor":7,"key":"Meat on the Bone"},{"floor":9,"key":"Question Card"},{"floor":11,"key":"Whetstone"}],"event_choices":[{"damage_healed":21,"gold_gain":0,"player_choice":"Healed","damage_taken":0,"max_hp_gain":0,"max_hp_loss":0,"event_name":"The Cleric","floor":3,"gold_loss":35},{"damage_healed":0,"gold_gain":0,"player_choice":"Read","damage_taken":0,"max_hp_gain":0,"max_hp_loss":0,"event_name":"The Library","floor":19,"gold_loss":0,"cards_obtained":["Hologram"]},{"damage_healed":0,"gold_gain":0,"player_choice":"Ignored","damage_taken":0,"max_hp_gain":0,"max_hp_loss":0,"event_name":"Beggar","floor":21,"gold_loss":0}],"is_beta":false,"boss_relics":[{"not_picked":["Pandora\u0027s Box","Sozu"],"picked":"Cursed Key"}],"items_purged_floors":[14],"is_endless":false,"potions_floor_spawned":[2,5,7,16,20,23],"killed_by":"Book of Stabbing","ascension_level":20}