{"gold_per_floor":[118,130,55,74,89,114,114,133,133,133,133,166,181,192,192,192],"floor_reached":16,"playtime":618,"items_purged":["Strike_R"],"score":171,"play_id":"ee21d3ae-e5b2-4bba-b492-74085418963b","local_time":"20190425114752","is_ascension_mode":true,"campfire_choices":[{"data":"The Bomb","floor":7,"key":"SMITH"},{"floor":11,"key":"REST"},{"floor":15,"key":"REST"}],"neow_cost":"CURSE","seed_source_timestamp":594368473289904,"circlet_count":0,"master_deck":["AscendersBane","Strike_R","Strike_R","Strike_R","Strike_R","Defend_R","Defend_R","Defend_R","Defend_R","Bash","Violence","The Bomb+1","Clumsy","Rampage","Clash","True Grit"],"relics":["Burning Blood","Shuriken","Bird Faced Urn","Paper Frog"],"potions_floor_usage":[12,12,14],"damage_taken":[{"damage":0,"enemies":"Cultist","floor":1,"turns":3},{"damage":3,"enemies":"2 Louse","floor":2,"turns":3},{"damage":11,"enemies":"Small Slimes","floor":4,"turns":4},{"damage":10,"enemies":"2 Fungi Beasts","floor":5,"turns":3},{"damage":30,"enemies":"3 Sentries","floor":6,"turns":5},{"damage":7,"enemies":"Large Slime","floor":8,"turns":4},{"damage":10,"enemies":"Lagavulin","floor":12,"turns":5},{"damage":21,"enemies":"Blue Slaver","floor":13,"turns":3},{"damage":27,"enemies":"Lots of Slimes","floor":14,"turns":3},{"damage":55,"enemies":"The Guardian","floor":16,"turns":7}],"seed_played":"-5577921658389112167","potions_obtained":[{"floor":1,"key":"SneckoOil"},{"floor":5,"key":"SteroidPotion"},{"floor":10,"key":"Weak Potion"},{"floor":10,"key":"GamblersBrew"},{"floor":10,"key":"Strength Potion"},{"floor":13,"key":"SteroidPotion"},{"floor":14,"key":"SpeedPotion"}],"is_trial":false,"path_per_floor":["M","M","$","M","M","E","R","M","T","?","R","E","M","M","R","B"],"character_chosen":"IRONCLAD","items_purchased":[],"campfire_rested":2,"item_purchase_floors":[],"current_hp_per_floor":[78,80,80,75,71,47,47,46,46,46,70,66,51,30,54,0],"gold":192,"neow_bonus":"RANDOM_COLORLESS_2","is_prod":false,"is_daily":false,"chose_seed":false,"campfire_upgraded":1,"win_rate":0,"timestamp":1556203672,"path_taken":["M","M","$","?","M","E","R","M","T","?","R","E","M","?","R","BOSS"],"build_version":"2019-01-23","purchased_purges":1,"victory":false,"max_hp_per_floor":[80,80,80,80,80,80,80,80,80,80,80,80,80,80,80,80],"card_choices":[{"not_picked":["Anger","Twin Strike","Corruption"],"picked":"SKIP","floor":1},{"not_picked":["Heavy Blade","Shrug It Off","Anger"],"picked":"SKIP","floor":2},{"not_picked":["Armaments","Flex","Sentinel"],"picked":"SKIP","floor":4},{"not_picked":["Twin Strike","Cleave"],"picked":"Rampage","floor":5},{"not_picked":["Rupture","Flex"],"picked":"Clash","floor":6},{"not_picked":["Offering","True Grit","Intimidate"],"picked":"SKIP","floor":8},{"not_picked":["Corruption","Clothesline","Combust"],"picked":"SKIP","floor":12},{"not_picked":["Havoc","Searing Blow"],"picked":"True Grit","floor":13},{"not_picked":["Evolve","Iron Wave","Blood for Blood"],"picked":"SKIP","floor":14}],"player_experience":655417,"relics_obtained":[{"floor":6,"key":"Shuriken"},{"floor":9,"key":"Bird Faced Urn"},{"floor":12,"key":"Paper Frog"}],"event_choices":[{"damage_healed":0,"gold_gain":0,"player_choice":"Got Potions","damage_taken":0,"max_hp_gain":0,"max_hp_loss":0,"event_name":"Lab","floor":10,"gold_loss":0}],"is_beta":false,"boss_relics":[],"items_purged_floors":[3],"is_endless":false,"potions_floor_spawned":[1,5,13,14],"killed_by":"The Guardian","ascension_level":10}