{"gold_per_floor":[115,115,125,50,70,70,102,102,102,116,130,147,161,161],"floor_reached":14,"playtime":703,"items_purged":["Strike_G"],"score":94,"play_id":"82edd905-d2e1-450a-810b-e3b4f24ff3c5","local_time":"20190309145229","is_ascension_mode":false,"campfire_choices":[{"data":"Envenom","floor":6,"key":"SMITH"},{"floor":8,"key":"RECALL"}],"neow_cost":"NONE","seed_source_timestamp":667973752633203,"circlet_count":0,"master_deck":["Defend_G","Defend_G","Defend_G","Defend_G","Strike_G","Strike_G","Strike_G","Strike_G","Survivor","Neutralize+1","Footwork","Phantasmal Killer","Dagger Spray","Envenom+1","Footwork","Footwork","Concentrate","Catalyst"],"relics":["Ring of the Snake","The Specimen"],"potions_floor_usage":[7,10,11],"damage_taken":[{"damage":0,"enemies":"Jaw Worm","floor":1,"turns":3},{"damage":0,"enemies":"Cultist","floor":3,"turns":4},{"damage":0,"enemies":"2 Louse","floor":5,"turns":2},{"damage":9,"enemies":"Lagavulin","floor":7,"turns":10},{"damage":1,"enemies":"Lots of Slimes","floor":10,"turns":3},{"damage":9,"enemies":"Red Slaver","floor":11,"turns":5},{"damage":0,"enemies":"2 Fungi Beasts","floor":12,"turns":6},{"damage":20,"enemies":"Gremlin Gang","floor":13,"turns":7},{"damage":32,"enemies":"Gremlin Nob","floor":14,"turns":6}],"seed_played":"916537058932214096","potions_obtained":[{"floor":1,"key":"Dexterity Potion"},{"floor":7,"key":"Energy Potion"},{"floor":10,"key":"SpeedPotion"}],"is_trial":false,"path_per_floor":["M","?","M","$","M","R","E","R","T","M","M","M","M","E"],"character_chosen":"THE_SILENT","items_purchased":[],"campfire_rested":0,"item_purchase_floors":[],"current_hp_per_floor":[70,70,70,70,70,70,61,61,61,60,51,51,31,0],"gold":161,"neow_bonus":"UPGRADE_CARD","is_prod":false,"is_daily":false,"chose_seed":false,"campfire_upgraded":1,"win_rate":0,"timestamp":1552157549,"path_taken":["M","?","M","?","M","R","E","R","T","?","M","M","M","E"],"build_version":"2019-01-23","purchased_purges":1,"victory":false,"max_hp_per_floor":[70,70,70,70,70,70,70,70,70,70,70,70,70,70],"card_choices":[{"not_picked":["Crippling Poison","Slice"],"picked":"Footwork","floor":1},{"not_picked":["Outmaneuver","Eviscerate"],"picked":"Dagger Spray","floor":3},{"not_picked":["Riddle With Holes","Acrobatics"],"picked":"Envenom","floor":5},{"not_picked":["Terror","Quick Slash"],"picked":"Footwork","floor":7},{"not_picked":["Blade Dance","Prepared","Deflect"],"picked":"SKIP","floor":10},{"not_picked":["After Image","Sucker Punch"],"picked":"Footwork","floor":11},{"not_picked":["Underhanded Strike","Sucker Punch"],"picked":"Concentrate","floor":12},{"not_picked":["Dagger Throw","Slice"],"picked":"Catalyst","floor":13}],"player_experience":482920,"relics_obtained":[{"floor":7,"key":"The Specimen"}],"event_choices":[{"damage_healed":0,"gold_gain":0,"cards_transformed":["Defend_G"],"player_choice":"Transformed","damage_taken":0,"max_hp_gain":0,"max_hp_loss":0,"event_name":"Transmorgrifier","floor":2,"gold_loss":0,"cards_obtained":["Phantasmal Killer"]}],"is_beta":false,"boss_relics":[],"items_purged_floors":[4],"is_endless":false,"potions_floor_spawned":[1,7,10],"killed_by":"Gremlin Nob","ascension_level":0}