{"gold_per_floor":[118,137,137,137,148,173,173,190,270,299,319,338,355,366,366,465,465,484,64,83,98,133,162,162,173,197,197,216,64,64,92,92,190,190,206,206,225,447,447,482,496,496,496,294,304,404,404,435,435,435],"floor_reached":51,"playtime":3257,"items_purged":["Strike_R"],"score":1022,"play_id":"87ca0638-fade-4029-8c74-a5534d11edea","local_time":"20190223141806","is_ascension_mode":true,"campfire_choices":[{"data":"Uppercut","floor":7,"key":"SMITH"},{"floor":15,"key":"REST"},{"data":"Shockwave","floor":24,"key":"SMITH"},{"floor":30,"key":"REST"},{"data":"Exhume","floor":32,"key":"SMITH"},{"data":"Double Tap","floor":42,"key":"SMITH"},{"data":"Inflame","floor":47,"key":"SMITH"},{"data":"Finesse","floor":49,"key":"SMITH"}],"neow_cost":"PERCENT_DAMAGE","seed_source_timestamp":605290436519287,"circlet_count":0,"master_deck":["Strike_R+1","Strike_R+1","Strike_R+1","Defend_R+1","Defend_R+1","Defend_R+1","Defend_R+1","Flex+1","Uppercut+1","Clothesline","Dropkick","Clash","Shockwave+1","Dropkick","Feed","Headbutt+1","Metallicize","Flame Barrier+1","Inflame+1","Cleave+1","Impervious","Finesse+1","Disarm+1","Exhume+1","Double Tap+1","Flex+1","Pommel Strike","Metallicize","Clash+1"],"relics":["Burning Blood","Gambling Chip","Mercury Hourglass","Blood Vial","Philosopher\u0027s Stone","Anchor","PreservedInsect","Red Mask","Ice Cream","Omamori","Orichalcum","Busted Crown","Regal Pillow","Letter Opener","War Paint","Unceasing Top","Mummified Hand"],"potions_floor_usage":[6,8,10,18,22,28,33,40,40,45,48,50],"damage_taken":[{"damage":0,"enemies":"Small Slimes","floor":1,"turns":3},{"damage":4,"enemies":"2 Louse","floor":2,"turns":4},{"damage":4,"enemies":"Cultist","floor":5,"turns":5},{"damage":25,"enemies":"Lagavulin","floor":6,"turns":6},{"damage":1,"enemies":"Gremlin Gang","floor":8,"turns":6},{"damage":54,"enemies":"3 Sentries","floor":10,"turns":6},{"damage":2,"enemies":"Blue Slaver","floor":11,"turns":3},{"damage":0,"enemies":"2 Fungi Beasts","floor":12,"turns":2},{"damage":6,"enemies":"Exordium Thugs","floor":13,"turns":2},{"damage":4,"enemies":"3 Louse","floor":14,"turns":2},{"damage":33,"enemies":"The Guardian","floor":16,"turns":9},{"damage":13,"enemies":"Shell Parasite","floor":18,"turns":5},{"damage":0,"enemies":"2 Thieves","floor":20,"turns":2},{"damage":0,"enemies":"Snecko","floor":21,"turns":4},{"damage":16,"enemies":"Masked Bandits","floor":22,"turns":4},{"damage":20,"enemies":"Book of Stabbing","floor":23,"turns":4},{"damage":21,"enemies":"Snake Plant","floor":25,"turns":4},{"damage":5,"enemies":"Centurion and Healer","floor":28,"turns":3},{"damage":9,"enemies":"Slavers","floor":31,"turns":4},{"damage":33,"enemies":"Automaton","floor":33,"turns":7},{"damage":0,"enemies":"3 Shapes","floor":35,"turns":4},{"damage":2,"enemies":"3 Darklings","floor":37,"turns":7},{"damage":14,"enemies":"Giant Head","floor":40,"turns":7},{"damage":5,"enemies":"Writhing Mass","floor":41,"turns":7},{"damage":4,"enemies":"Sphere and 2 Shapes","floor":45,"turns":4},{"damage":0,"enemies":"Mind Bloom Boss Battle","floor":46,"turns":5},{"damage":9,"enemies":"Reptomancer","floor":48,"turns":4},{"damage":12,"enemies":"Time Eater","floor":50,"turns":6}],"seed_played":"3107614071093538391","potions_obtained":[{"floor":2,"key":"PowerPotion"},{"floor":5,"key":"SneckoOil"},{"floor":6,"key":"EssenceOfSteel"},{"floor":14,"key":"Dexterity Potion"},{"floor":16,"key":"Strength Potion"},{"floor":18,"key":"BloodPotion"},{"floor":20,"key":"Poison Potion"},{"floor":25,"key":"GamblersBrew"},{"floor":31,"key":"AttackPotion"},{"floor":35,"key":"EssenceOfSteel"},{"floor":37,"key":"Block Potion"},{"floor":40,"key":"PowerPotion"},{"floor":45,"key":"SkillPotion"}],"is_trial":false,"path_per_floor":["M","M","?","?","M","E","R","M","T","E","M","M","M","M","R","B",null,"M","$","M","M","?","E","R","M","T","?","M","$","R","E","R","B",null,"M","?","M","?","?","E","M","R","T","$","M","?","R","E","R","B",null],"character_chosen":"IRONCLAD","items_purchased":["Anchor","PreservedInsect","Metallicize","Finesse","Disarm","War Paint","Swift Potion"],"campfire_rested":2,"item_purchase_floors":[19,19,19,29,29,44,44],"current_hp_per_floor":[73,75,80,80,82,63,63,68,68,20,26,34,36,40,70,45,87,82,82,93,101,93,84,84,71,71,71,74,74,106,107,107,85,106,119,119,119,119,119,111,114,114,114,114,118,119,119,116,116,112],"gold":435,"neow_bonus":"TWENTY_PERCENT_HP_BONUS","is_prod":false,"is_daily":false,"chose_seed":false,"campfire_upgraded":6,"win_rate":0,"timestamp":1550945886,"path_taken":["M","M","?","?","?","E","R","?","T","E","M","M","M","M","R","BOSS","M","$","M","M","?","E","R","M","T","?","M","$","R","E","R","BOSS","M","?","M","?","?","E","M","R","T","$","?","?","R","E","R","BOSS"],"build_version":"2019-01-23","purchased_purges":1,"victory":true,"max_hp_per_floor":[96,96,101,101,101,101,101,101,101,101,101,101,101,101,101,101,101,101,101,104,104,104,107,107,107,107,107,107,107,107,110,110,113,113,119,119,119,119,119,119,119,119,119,119,119,119,119,119,119,119],"card_choices":[{"not_picked":["Shrug It Off","Rampage"],"picked":"Flex","floor":1},{"not_picked":["Rupture","Spot Weakness"],"picked":"Uppercut","floor":2},{"not_picked":["Sever Soul","Pummel","Blood for Blood"],"picked":"SKIP","floor":5},{"not_picked":["Perfected Strike","Shrug It Off"],"picked":"Clothesline","floor":6},{"not_picked":["Rupture","Havoc","Shrug It Off"],"picked":"SKIP","floor":8},{"not_picked":["Bludgeon","Perfected Strike"],"picked":"Dropkick","floor":10},{"not_picked":["Clash","Reckless Charge","Shrug It Off"],"picked":"SKIP","floor":11},{"not_picked":["Sword Boomerang","Pommel Strike"],"picked":"Clash","floor":12},{"not_picked":["Havoc","Armaments"],"picked":"Shockwave","floor":13},{"not_picked":["Offering","Warcry"],"picked":"Dropkick","floor":14},{"not_picked":["Dark Embrace","Bludgeon"],"picked":"Feed","floor":16},{"not_picked":["Wild Strike+1","Corruption+1"],"picked":"Headbutt+1","floor":18},{"not_picked":["Heavy Blade","Headbutt"],"picked":"Flame Barrier+1","floor":20},{"not_picked":["Perfected Strike","Iron Wave+1","Corruption+1"],"picked":"SKIP","floor":21},{"not_picked":["Hemokinesis","Evolve+1"],"picked":"Inflame","floor":22},{"not_picked":["Second Wind","Warcry"],"picked":"Cleave+1","floor":23},{"not_picked":["Havoc+1","Wild Strike","Heavy Blade"],"picked":"SKIP","floor":25},{"not_picked":["Warcry","Body Slam"],"picked":"Impervious","floor":28},{"not_picked":["Shrug It Off","Rupture"],"picked":"Exhume","floor":31},{"not_picked":["Offering","Berserk"],"picked":"Double Tap","floor":33},{"not_picked":[],"picked":"Flex+1","floor":35},{"not_picked":["Pommel Strike"],"picked":"SKIP","floor":37},{"not_picked":[],"picked":"Pommel Strike","floor":37},{"not_picked":["Second Wind+1"],"picked":"SKIP","floor":40},{"not_picked":["Wild Strike+1"],"picked":"SKIP","floor":41},{"not_picked":["Heavy Blade"],"picked":"SKIP","floor":45},{"not_picked":[],"picked":"Clash+1","floor":48}],"player_experience":452478,"relics_obtained":[{"floor":6,"key":"Gambling Chip"},{"floor":9,"key":"Mercury Hourglass"},{"floor":10,"key":"Blood Vial"},{"floor":22,"key":"Red Mask"},{"floor":23,"key":"Ice Cream"},{"floor":26,"key":"Omamori"},{"floor":31,"key":"Orichalcum"},{"floor":40,"key":"Regal Pillow"},{"floor":43,"key":"Letter Opener"},{"floor":46,"key":"Unceasing Top"},{"floor":48,"key":"Mummified Hand"}],"event_choices":[{"damage_healed":0,"gold_gain":0,"player_choice":"Donut","damage_taken":0,"max_hp_gain":5,"max_hp_loss":0,"event_name":"Big Fish","floor":3,"gold_loss":0},{"cards_removed":["Strike_R"],"damage_healed":0,"gold_gain":0,"player_choice":"Offered Basic","damage_taken":0,"max_hp_gain":0,"max_hp_loss":0,"event_name":"Bonfire Elementals","floor":4,"gold_loss":0},{"damage_healed":0,"gold_gain":0,"player_choice":"Fought Bandits","damage_taken":0,"max_hp_gain":0,"max_hp_loss":0,"event_name":"Masked Bandits","floor":22,"gold_loss":0},{"damage_healed":0,"gold_gain":0,"player_choice":"Simplicity","damage_taken":0,"max_hp_gain":0,"max_hp_loss":0,"event_name":"Back to Basics","floor":27,"gold_loss":0,"cards_upgraded":["Strike_R","Strike_R","Strike_R","Defend_R","Defend_R","Defend_R","Defend_R"]},{"cards_removed":["Bash"],"damage_healed":0,"gold_gain":0,"player_choice":"Removed Attack","damage_taken":0,"max_hp_gain":0,"max_hp_loss":0,"event_name":"Falling","floor":36,"gold_loss":0},{"damage_healed":0,"gold_gain":222,"player_choice":"Wore Mask","damage_taken":0,"max_hp_gain":0,"max_hp_loss":0,"event_name":"Tomb of Lord Red Mask","floor":38,"gold_loss":0},{"damage_healed":0,"gold_gain":0,"player_choice":"Copied","damage_taken":0,"max_hp_gain":0,"max_hp_loss":0,"event_name":"Duplicator","floor":39,"gold_loss":0,"cards_obtained":["Metallicize"]},{"damage_healed":0,"gold_gain":0,"player_choice":"Fight","damage_taken":0,"max_hp_gain":0,"max_hp_loss":0,"event_name":"MindBloom","floor":46,"gold_loss":0}],"is_beta":false,"boss_relics":[{"not_picked":["Cursed Key","Velvet Choker"],"picked":"Philosopher\u0027s Stone"},{"not_picked":["Snecko Eye","Black Blood"],"picked":"Busted Crown"}],"items_purged_floors":[19],"is_endless":false,"potions_floor_spawned":[2,5,6,14,16,18,20,25,31,35,37,40,45],"ascension_level":6}