{"gold_per_floor":[219,235,13,23,23,42,42,57,83,83,110,10,65,98,98,203,203,222,233,87,2,2,28,28,39,66,66,82,42,57,57,57,158,158,168,168,268,268,115,145,162,162,236,236,246,246,246,258,258,258],"floor_reached":51,"playtime":2441,"items_purged":["Defend_R","Defend_R"],"score":1242,"play_id":"7c373e50-a5c6-463c-8bfe-e44c4d513fd9","local_time":"20190425160015","is_ascension_mode":true,"campfire_choices":[{"data":"Combust","floor":7,"key":"SMITH"},{"data":"Bash","floor":10,"key":"SMITH"},{"floor":15,"key":"REST"},{"floor":24,"key":"REST"},{"data":"Metallicize","floor":27,"key":"SMITH"},{"floor":32,"key":"REST"},{"data":"Limit Break","floor":42,"key":"SMITH"},{"data":"Rupture","floor":44,"key":"SMITH"},{"data":"Demon Form","floor":49,"key":"SMITH"}],"neow_cost":"NONE","seed_source_timestamp":607674350724501,"circlet_count":0,"master_deck":["AscendersBane","Strike_R","Strike_R","Strike_R+1","Strike_R+1","Defend_R","Defend_R","Bash+1","Intimidate","Fire Breathing","Combust+1","Battle Trance","Reaper","Demon Form+1","Metallicize+1","Uppercut+1","Disarm","Rupture+1","Limit Break+1","Heavy Blade+1","Pummel+1","Dual Wield+1"],"relics":["Burning Blood","Orichalcum","Red Skull","Centennial Puzzle","Pen Nib","FossilizedHelix","Philosopher\u0027s Stone","Vajra","Singing Bowl","Blood Vial","Omamori","Orrery","Ginger","Lantern","Molten Egg 2","Mummified Hand"],"potions_floor_usage":[11,18,28,33,45,50,50],"damage_taken":[{"damage":9,"enemies":"2 Louse","floor":1,"turns":3},{"damage":3,"enemies":"Jaw Worm","floor":2,"turns":6},{"damage":8,"enemies":"Small Slimes","floor":4,"turns":4},{"damage":8,"enemies":"Looter","floor":6,"turns":3},{"damage":9,"enemies":"Blue Slaver","floor":8,"turns":3},{"damage":22,"enemies":"3 Sentries","floor":11,"turns":7},{"damage":21,"enemies":"Gremlin Nob","floor":13,"turns":4},{"damage":14,"enemies":"Gremlin Nob","floor":14,"turns":4},{"damage":48,"enemies":"Hexaghost","floor":16,"turns":8},{"damage":11,"enemies":"Shell Parasite","floor":18,"turns":5},{"damage":33,"enemies":"2 Thieves","floor":19,"turns":4},{"damage":28,"enemies":"Gremlin Leader","floor":23,"turns":6},{"damage":13,"enemies":"Chosen and Byrds","floor":25,"turns":5},{"damage":17,"enemies":"Sentry and Sphere","floor":28,"turns":6},{"damage":11,"enemies":"Snake Plant","floor":30,"turns":5},{"damage":60,"enemies":"Collector","floor":33,"turns":7},{"damage":33,"enemies":"3 Darklings","floor":35,"turns":5},{"damage":3,"enemies":"Mind Bloom Boss Battle","floor":37,"turns":6},{"damage":29,"enemies":"Giant Head","floor":40,"turns":6},{"damage":3,"enemies":"Orb Walker","floor":41,"turns":3},{"damage":28,"enemies":"Writhing Mass","floor":45,"turns":4},{"damage":5,"enemies":"Maw","floor":48,"turns":6},{"damage":110,"enemies":"Awakened One","floor":50,"turns":7}],"seed_played":"-5856831398358717307","potions_obtained":[{"floor":1,"key":"BloodPotion"},{"floor":2,"key":"Ancient Potion"},{"floor":6,"key":"Energy Potion"},{"floor":16,"key":"Dexterity Potion"},{"floor":18,"key":"Fire Potion"},{"floor":30,"key":"Energy Potion"},{"floor":41,"key":"Regen Potion"},{"floor":45,"key":"Ancient Potion"},{"floor":48,"key":"PowerPotion"}],"is_trial":false,"path_per_floor":["M","M","$","M","?","M","R","M","T","R","E","$","?","E","R","B",null,"M","M","$","?","?","E","R","M","T","R","M","?","M","?","R","B",null,"M","?","?","?","$","E","M","R","T","R","M","?","?","M","R","B",null],"character_chosen":"IRONCLAD","items_purchased":["Orichalcum","Vajra","Lantern"],"campfire_rested":3,"item_purchase_floors":[3,20,39],"current_hp_per_floor":[69,72,72,70,75,73,73,70,70,70,54,54,39,31,56,24,70,77,66,66,66,50,30,57,67,67,67,58,58,57,57,85,80,99,93,93,106,106,106,93,110,110,110,110,88,88,90,106,106,32],"gold":258,"neow_bonus":"HUNDRED_GOLD","is_prod":false,"is_daily":false,"chose_seed":false,"campfire_upgraded":6,"win_rate":0,"timestamp":1556218815,"path_taken":["M","M","$","M","?","M","R","M","T","R","E","?","?","E","R","BOSS","M","M","$","?","?","E","R","?","T","R","?","?","?","?","R","BOSS","M","?","?","?","$","E","M","R","T","R","M","?","?","M","R","BOSS"],"build_version":"2019-01-23","purchased_purges":2,"victory":true,"max_hp_per_floor":[80,80,80,80,85,85,85,85,85,85,85,85,85,85,85,85,85,85,85,85,85,90,92,92,92,92,92,92,92,94,94,94,94,102,104,104,106,106,106,108,110,110,110,110,110,104,106,106,106,106],"card_choices":[{"not_picked":["Cleave","Perfected Strike"],"picked":"Intimidate","floor":1},{"not_picked":["Armaments","Havoc","Anger"],"picked":"SKIP","floor":2},{"not_picked":["Rupture","True Grit"],"picked":"Fire Breathing","floor":4},{"not_picked":["Armaments","Anger"],"picked":"Combust","floor":6},{"not_picked":["Pummel","Shrug It Off","Seeing Red"],"picked":"SKIP","floor":8},{"not_picked":["Ghostly Armor","Reaper"],"picked":"Battle Trance","floor":11},{"not_picked":["Brutality","Perfected Strike"],"picked":"Reaper","floor":14},{"not_picked":["Fiend Fire","Bludgeon"],"picked":"Demon Form","floor":16},{"not_picked":["Cleave","Shrug It Off+1"],"picked":"Metallicize","floor":18},{"not_picked":["Wild Strike+1","Thunderclap"],"picked":"Uppercut+1","floor":19},{"not_picked":["True Grit","Twin Strike","Flex"],"picked":"Singing Bowl","floor":23},{"not_picked":["Searing Blow","Clash+1"],"picked":"Disarm","floor":25},{"not_picked":["Second Wind","Shockwave"],"picked":"Rupture","floor":28},{"not_picked":["Demon Form","Hemokinesis+1","Warcry"],"picked":"Singing Bowl","floor":30},{"not_picked":["Immolate","Feed"],"picked":"Limit Break","floor":33},{"not_picked":["Cleave","Armaments+1","Inflame"],"picked":"Singing Bowl","floor":34},{"not_picked":["Havoc+1","Shrug It Off"],"picked":"Heavy Blade+1","floor":34},{"not_picked":["Clothesline+1","Headbutt","Armaments"],"picked":"Singing Bowl","floor":34},{"not_picked":["Bloodletting","Anger","Hemokinesis"],"picked":"Singing Bowl","floor":34},{"not_picked":["True Grit","Barricade","Clash"],"picked":"Singing Bowl","floor":34},{"not_picked":["Thunderclap","Clothesline+1","Pommel Strike+1"],"picked":"Singing Bowl","floor":35},{"not_picked":["Clash+1","Iron Wave+1","Carnage"],"picked":"Singing Bowl","floor":37},{"not_picked":["Sentinel+1","Juggernaut","Headbutt+1"],"picked":"Singing Bowl","floor":40},{"not_picked":["Iron Wave+1","Body Slam+1","Anger+1"],"picked":"Singing Bowl","floor":41},{"not_picked":["Whirlwind+1","Twin Strike+1"],"picked":"Pummel+1","floor":45},{"not_picked":["Violence","Finesse","Secret Weapon"],"picked":"Singing Bowl","floor":47},{"not_picked":["Sword Boomerang+1","Perfected Strike+1"],"picked":"Dual Wield+1","floor":48}],"player_experience":657830,"relics_obtained":[{"floor":9,"key":"Red Skull"},{"floor":11,"key":"Centennial Puzzle"},{"floor":14,"key":"FossilizedHelix"},{"floor":23,"key":"Blood Vial"},{"floor":26,"key":"Omamori"},{"floor":37,"key":"Ginger"},{"floor":40,"key":"Molten Egg 2"},{"floor":43,"key":"Mummified Hand"}],"event_choices":[{"damage_healed":0,"gold_gain":0,"player_choice":"Donut","damage_taken":0,"max_hp_gain":5,"max_hp_loss":0,"event_name":"Big Fish","floor":5,"gold_loss":0},{"damage_healed":0,"gold_gain":30,"player_choice":"Searched \u00273\u0027 times","damage_taken":0,"relics_obtained":["Pen Nib"],"max_hp_gain":0,"max_hp_loss":0,"event_name":"Dead Adventurer","floor":13,"gold_loss":0},{"damage_healed":0,"gold_gain":0,"player_choice":"Obtained Relic","damage_taken":0,"relics_obtained":["Singing Bowl"],"max_hp_gain":0,"max_hp_loss":0,"event_name":"Addict","floor":21,"gold_loss":85},{"damage_healed":0,"gold_gain":0,"player_choice":"Shed Blood","damage_taken":21,"max_hp_gain":5,"max_hp_loss":0,"event_name":"Forgotten Altar","floor":22,"gold_loss":0},{"damage_healed":0,"gold_gain":0,"player_choice":"Upgraded Two","damage_taken":0,"max_hp_gain":0,"max_hp_loss":0,"event_name":"Designer","floor":29,"gold_loss":40,"cards_upgraded":["Strike_R","Strike_R"]},{"damage_healed":0,"gold_gain":0,"player_choice":"Ignored","damage_taken":0,"max_hp_gain":0,"max_hp_loss":0,"event_name":"Beggar","floor":31,"gold_loss":0},{"damage_healed":0,"gold_gain":0,"player_choice":"Ignored","damage_taken":0,"max_hp_gain":0,"max_hp_loss":0,"event_name":"Mysterious Sphere","floor":36,"gold_loss":0},{"damage_healed":0,"gold_gain":0,"player_choice":"Fight","damage_taken":0,"max_hp_gain":0,"max_hp_loss":0,"event_name":"MindBloom","floor":37,"gold_loss":0},{"cards_removed":["Strike_R"],"damage_healed":0,"gold_gain":0,"player_choice":"Removed Attack","damage_taken":0,"max_hp_gain":0,"max_hp_loss":0,"event_name":"Falling","floor":38,"gold_loss":0},{"damage_healed":0,"gold_gain":0,"player_choice":"Max HP","damage_taken":0,"max_hp_gain":0,"max_hp_loss":6,"event_name":"Winding Halls","floor":46,"gold_loss":0},{"damage_healed":0,"gold_gain":0,"player_choice":"Memory 1","damage_taken":0,"max_hp_gain":0,"max_hp_loss":0,"event_name":"SensoryStone","floor":47,"gold_loss":0}],"is_beta":false,"boss_relics":[{"not_picked":["Mark of Pain","Tiny House"],"picked":"Philosopher\u0027s Stone"},{"not_picked":["Snecko Eye","Calling Bell"],"picked":"Orrery"}],"items_purged_floors":[3,12],"is_endless":false,"potions_floor_spawned":[1,2,6,16,18,25,30,41,45,48],"ascension_level":10}