{"gold_per_floor":[119,138,148,221,236,236,252,268,268,268,268,285,296,310,310,406,406,416,427,441,459,459,479,479,191,191,207,217,236,1,12,12,108,108,126,144,144,163,163],"floor_reached":39,"playtime":2330,"items_purged":[],"score":462,"play_id":"d8064b23-f02c-4a2e-b551-d0433563ee6a","local_time":"20190608223120","is_ascension_mode":false,"campfire_choices":[{"data":"Neutralize","floor":6.0,"key":"SMITH"},{"data":"Tools of the Trade","floor":11.0,"key":"SMITH"},{"data":"Bullet Time","floor":15.0,"key":"SMITH"},{"floor":24.0,"key":"REST"},{"floor":32.0,"key":"REST"}],"neow_cost":"NONE","seed_source_timestamp":1388552889495900,"circlet_count":0,"master_deck":["Survivor","Neutralize+1","Adrenaline","Accuracy","Reflex","Tactician","Wraith Form v2","Tools of the Trade+1","Leg Sweep","Masterful Stab","Masterful Stab","Backstab","Dagger Throw","Blade Dance","Dash","Escape Plan","All Out Attack","Terror+1","Bullet Time+1","Dodge and Roll","PiercingWail","Die Die Die","Footwork","Outmaneuver+1","Deadly Poison","Dodge and Roll+1","Acrobatics+1","Panacea","Well Laid Plans","Leg Sweep","Slice","Backflip","Outmaneuver+1","Madness","Backflip","Noxious Fumes","Deadly Poison","All Out Attack","Corpse Explosion","Infinite Blades+1","Cloak And Dagger+1","Adrenaline","Prepared","Parasite"],"special_seed":0,"relics":["Pandora\u0027s Box"],"potions_floor_usage":[39,39],"damage_taken":[{"damage":1.0,"enemies":"Jaw Worm","floor":1.0,"turns":2.0},{"damage":0.0,"enemies":"Small Slimes","floor":2.0,"turns":2.0},{"damage":0.0,"enemies":"Cultist","floor":3.0,"turns":2.0},{"damage":10.0,"enemies":"Gremlin Gang","floor":5.0,"turns":4.0},{"damage":0.0,"enemies":"3 Louse","floor":7.0,"turns":2.0},{"damage":1.0,"enemies":"Red Slaver","floor":8.0,"turns":3.0},{"damage":4.0,"enemies":"Blue Slaver","floor":12.0,"turns":2.0},{"damage":0.0,"enemies":"3 Louse","floor":13.0,"turns":1.0},{"damage":0.0,"enemies":"Lots of Slimes","floor":14.0,"turns":2.0},{"damage":0.0,"enemies":"Hexaghost","floor":16.0,"turns":7.0},{"damage":6.0,"enemies":"Spheric Guardian","floor":18.0,"turns":3.0},{"damage":9.0,"enemies":"2 Thieves","floor":19.0,"turns":4.0},{"damage":19.0,"enemies":"Sentry and Sphere","floor":20.0,"turns":6.0},{"damage":4.0,"enemies":"Centurion and Healer","floor":21.0,"turns":7.0},{"damage":26.0,"enemies":"Shelled Parasite and Fungi","floor":23.0,"turns":5.0},{"damage":9.0,"enemies":"Snake Plant","floor":27.0,"turns":6.0},{"damage":0.0,"enemies":"Cultist and Chosen","floor":28.0,"turns":5.0},{"damage":13.0,"enemies":"Sentry and Sphere","floor":29.0,"turns":6.0},{"damage":9.0,"enemies":"Snecko","floor":31.0,"turns":6.0},{"damage":23.0,"enemies":"Automaton","floor":33.0,"turns":11.0},{"damage":0.0,"enemies":"3 Shapes","floor":35.0,"turns":4.0},{"damage":23.0,"enemies":"3 Darklings","floor":36.0,"turns":4.0},{"damage":31,"enemies":"Jaw Worm Horde","floor":38,"turns":5},{"damage":15,"enemies":"Writhing Mass","floor":39,"turns":4}],"seed_played":"-8074178327311875713","potions_obtained":[{"floor":3.0,"key":"FearPotion"},{"floor":5.0,"key":"EssenceOfSteel"},{"floor":8.0,"key":"Dexterity Potion"},{"floor":14.0,"key":"Regen Potion"},{"floor":19.0,"key":"PowerPotion"},{"floor":21.0,"key":"PowerPotion"},{"floor":23.0,"key":"PowerPotion"},{"floor":28.0,"key":"EssenceOfSteel"},{"floor":35.0,"key":"Energy Potion"},{"floor":36.0,"key":"LiquidBronze"}],"is_trial":false,"path_per_floor":["M","M","M","?","M","R","M","M","T","?","R","M","M","M","R","B",null,"M","M","M","M","?","M","R","$","T","M","M","M","$","M","R","B",null,"M","M","?","M","M"],"character_chosen":"THE_SILENT","items_purchased":["Panacea","Well Laid Plans","Leg Sweep","Slice","Madness","Backflip","Noxious Fumes","Deadly Poison"],"campfire_rested":2,"item_purchase_floors":[25,25,25,25,30,30,30,30],"current_hp_per_floor":[69,69,69,69,59,59,59,58,58,58,58,54,54,54,54,54,70,64,55,36,32,32,20,41,41,41,32,32,19,19,10,31,8,70,70,47,47,16,1],"gold":163,"neow_bonus":"BOSS_RELIC","is_prod":false,"is_daily":false,"chose_seed":false,"campfire_upgraded":3,"win_rate":0,"timestamp":1560047480,"path_taken":["M","M","M","?","M","R","M","M","T","?","R","M","M","M","R","BOSS","M","M","M","M","?","M","R","$","T","M","M","M","$","?","R","BOSS","M","M","?","M","?"],"build_version":"2019-01-23","purchased_purges":0,"victory":false,"max_hp_per_floor":[70,70,70,70,70,70,70,70,70,70,70,70,70,70,70,70,70,70,70,70,70,70,70,70,70,70,70,70,70,70,70,70,70,70,70,70,70,70,70],"card_choices":[{"not_picked":["Terror","Outmaneuver"],"picked":"Dagger Throw","floor":1.0},{"not_picked":["Dagger Throw","Underhanded Strike"],"picked":"Blade Dance","floor":2.0},{"not_picked":["Underhanded Strike","Dagger Spray"],"picked":"Dash","floor":3.0},{"not_picked":["Deadly Poison","Backflip"],"picked":"Escape Plan","floor":5.0},{"not_picked":["Noxious Fumes","Finisher"],"picked":"All Out Attack","floor":7.0},{"not_picked":["PiercingWail","Outmaneuver"],"picked":"Terror","floor":8.0},{"not_picked":["Underhanded Strike","Bane"],"picked":"Bullet Time","floor":12.0},{"not_picked":["Prepared","Poisoned Stab"],"picked":"Dodge and Roll","floor":13.0},{"not_picked":["Accuracy","Bane"],"picked":"PiercingWail","floor":14.0},{"not_picked":["Corpse Explosion","Adrenaline"],"picked":"Die Die Die","floor":16.0},{"not_picked":["Deadly Poison","Blur"],"picked":"Footwork","floor":18.0},{"not_picked":["Bane","Tactician"],"picked":"Outmaneuver+1","floor":19.0},{"not_picked":["Flechettes","Bane"],"picked":"Deadly Poison","floor":20.0},{"not_picked":["Choke","Bane"],"picked":"Dodge and Roll+1","floor":21.0},{"not_picked":["Reflex+1","Deadly Poison"],"picked":"Acrobatics+1","floor":23.0},{"not_picked":["Underhanded Strike","Unload","PiercingWail"],"picked":"SKIP","floor":27.0},{"not_picked":["Choke","Predator"],"picked":"Backflip","floor":28.0},{"not_picked":["Poisoned Stab","Distraction"],"picked":"Outmaneuver+1","floor":29.0},{"not_picked":["Expertise","Heel Hook"],"picked":"All Out Attack","floor":31.0},{"not_picked":["Wraith Form v2","Unload"],"picked":"Corpse Explosion","floor":33.0},{"not_picked":["Blade Dance","Slice+1"],"picked":"Infinite Blades+1","floor":35.0},{"not_picked":["Sucker Punch","Blade Dance"],"picked":"Cloak And Dagger+1","floor":36.0},{"not_picked":["Outmaneuver+1","Masterful Stab+1"],"picked":"Prepared","floor":38}],"player_experience":672838,"relics_obtained":[],"event_choices":[{"damage_healed":0.0,"max_hp_gain":0.0,"max_hp_loss":0.0,"gold_gain":73.0,"event_name":"Golden Wing","player_choice":"Gained Gold","floor":4.0,"gold_loss":0.0,"damage_taken":0.0},{"damage_healed":0.0,"max_hp_gain":0.0,"max_hp_loss":0.0,"gold_gain":0.0,"event_name":"The Woman in Blue","player_choice":"Bought 0 Potions","floor":10.0,"gold_loss":0.0,"damage_taken":0.0},{"damage_healed":0.0,"max_hp_gain":0.0,"max_hp_loss":0.0,"gold_gain":0.0,"event_name":"Upgrade Shrine","player_choice":"Upgraded","floor":22.0,"gold_loss":0.0,"damage_taken":0.0,"cards_upgraded":["Terror"]},{"damage_healed":0.0,"max_hp_gain":0.0,"max_hp_loss":0.0,"gold_gain":0.0,"event_name":"Duplicator","player_choice":"Copied","floor":37.0,"gold_loss":0.0,"damage_taken":0.0,"cards_obtained":["Adrenaline"]}],"is_beta":false,"boss_relics":[{"not_picked":["Coffee Dripper","Orrery","White Beast Statue"]},{"not_picked":["Philosopher\u0027s Stone","Lizard Tail","Cursed Key"]}],"items_purged_floors":[],"is_endless":false,"potions_floor_spawned":[3,5,8,13,14,19,21,23,28,35,36],"killed_by":"Writhing Mass","ascension_level":0}