{"gold_per_floor":[118,129,139,139,157,157,189,189,189,204,82,82,82,82,82,178,178,193,193,212,225,121,121,132,132,132,53,86,86,1,20,20,20],"floor_reached":33,"playtime":1607,"items_purged":["Defend_B"],"score":265,"play_id":"544d12e8-c45b-4966-aa05-563390881728","local_time":"20180716085320","is_ascension_mode":false,"campfire_choices":[{"data":"Defragment","floor":6,"key":"SMITH"},{"data":"Electrodynamics","floor":8,"key":"SMITH"},{"data":"Redo","floor":12,"key":"SMITH"},{"data":"Dualcast","floor":15,"key":"SMITH"},{"floor":23,"key":"REST"},{"floor":25,"key":"REST"},{"floor":29,"key":"REST"},{"floor":32,"key":"REST"}],"neow_cost":"NONE","seed_source_timestamp":307326506536188,"circlet_count":0,"master_deck":["Strike_B","Strike_B","Strike_B","Defend_B","Defend_B","Defend_B","Zap+1","Dualcast+1","Chill","Defragment+1","Doom and Gloom","Go for the Eyes","Purity","Hologram","Electrodynamics+1","Redo+1","Conserve Battery","Stack","Thunder Strike","BootSequence","Force Field","Genetic Algorithm+1","Flash of Steel","Machine Learning","Hello World","White Noise","Turbo"],"relics":["Cracked Core","Bag of Marbles","Bottled Lightning","Black Star","Gremlin Horn","Question Card","Mercury Hourglass","Bag of Preparation"],"potions_floor_usage":[7,16,28,31],"damage_taken":[{"damage":3,"enemies":"2 Louse","floor":1,"turns":3},{"damage":0,"enemies":"Cultist","floor":2,"turns":3},{"damage":0,"enemies":"Small Slimes","floor":3,"turns":3},{"damage":14,"enemies":"Exordium Thugs","floor":5,"turns":4},{"damage":11,"enemies":"3 Sentries","floor":7,"turns":5},{"damage":2,"enemies":"Looter","floor":10,"turns":3},{"damage":4,"enemies":"The Guardian","floor":16,"turns":11},{"damage":13,"enemies":"3 Byrds","floor":18,"turns":4},{"damage":15,"enemies":"Shell Parasite","floor":20,"turns":5},{"damage":26,"enemies":"Snake Plant","floor":21,"turns":3},{"damage":0,"enemies":"3 Cultists","floor":24,"turns":2},{"damage":39,"enemies":"Book of Stabbing","floor":28,"turns":7},{"damage":0,"enemies":"Cultist and Chosen","floor":31,"turns":4},{"damage":80,"enemies":"Collector","floor":33,"turns":7}],"seed_played":"-8121400119839143761","potions_obtained":[{"floor":1,"key":"Weak Potion"},{"floor":2,"key":"FocusPotion"},{"floor":5,"key":"SneckoOil"},{"floor":7,"key":"PowerPotion"},{"floor":28,"key":"Energy Potion"}],"is_trial":false,"path_per_floor":["M","M","M","?","M","R","E","R","T","M","$","R","$","?","R","B",null,"M","?","M","M","$","R","M","R","T","$","E","R","?","M","R"],"character_chosen":"DEFECT","items_purchased":["Conserve Battery","Flash of Steel","Hello World"],"campfire_rested":4,"item_purchase_floors":[11,22,27],"current_hp_per_floor":[72,72,72,72,58,58,47,47,47,45,45,45,45,45,45,41,75,62,62,47,21,21,43,43,65,65,65,26,48,48,48,70,0],"gold":20,"neow_bonus":"UPGRADE_CARD","is_prod":false,"is_daily":false,"chose_seed":false,"campfire_upgraded":4,"win_rate":0,"timestamp":1531742000,"path_taken":["M","M","M","?","M","R","E","R","T","M","$","R","?","?","R","BOSS","M","?","M","M","$","R","M","R","T","$","E","R","?","?","R","BOSS"],"build_version":"2018-07-12","purchased_purges":1,"victory":false,"max_hp_per_floor":[75,75,75,75,75,75,75,75,75,75,75,75,75,75,75,75,75,75,75,75,75,75,75,75,75,75,75,75,75,75,75,75,75],"card_choices":[{"not_picked":["Chaos","Barrage"],"picked":"Chill","floor":1},{"not_picked":["Capacitor","Rebound"],"picked":"Defragment","floor":2},{"not_picked":["Leap","Barrage"],"picked":"Doom and Gloom","floor":3},{"not_picked":["Coolheaded","Ball Lightning"],"picked":"Hologram","floor":5},{"not_picked":["Redo","Turbo"],"picked":"Electrodynamics","floor":7},{"not_picked":["Rebound","Steam"],"picked":"Redo","floor":10},{"not_picked":["Seek","Machine Learning"],"picked":"Thunder Strike","floor":16},{"not_picked":["Cold Snap+1","Heatsinks","Lockon"],"picked":"SKIP","floor":18},{"not_picked":["Chill","Compile Driver+1"],"picked":"Force Field","floor":20},{"not_picked":["Steam+1","Conserve Battery"],"picked":"Genetic Algorithm+1","floor":21},{"not_picked":["Go for the Eyes","Cold Snap"],"picked":"Machine Learning","floor":24},{"not_picked":["All For One","Rip and Tear"],"picked":"White Noise","floor":28},{"not_picked":["Redo","Glacier","Rebound"],"picked":"Turbo","floor":31}],"player_experience":313216,"relics_obtained":[{"floor":7,"key":"Bag of Marbles"},{"floor":9,"key":"Bottled Lightning"},{"floor":26,"key":"Gremlin Horn"},{"floor":28,"key":"Question Card"},{"floor":28,"key":"Mercury Hourglass"}],"event_choices":[{"event_name":"Match and Keep!","player_choice":"2 cards matched","floor":4,"damage_taken":0},{"event_name":"Transmorgrifier","player_choice":"Transform","floor":14,"damage_taken":0},{"event_name":"The Library","player_choice":"Read","floor":19,"damage_taken":0},{"event_name":"Addict","player_choice":"Obtained Relic","floor":30,"damage_taken":0}],"boss_relics":[{"not_picked":["Pandora\u0027s Box","Velvet Choker"],"picked":"Black Star"}],"items_purged_floors":[11],"is_endless":false,"potions_floor_spawned":[1,2,5,7,28],"killed_by":"Collector","ascension_level":0}