{"path_per_floor":["M","?","?","M","M","R","E","M","T","M","R","E","?","E","R","B",null,"M","?","M","?","M"],"character_chosen":"THE_SILENT","items_purchased":[],"gold_per_floor":[15,15,15,25,42,42,71,90,90,101,101,126,126,151,151,247,277,290,290,309,309,319],"floor_reached":23,"campfire_rested":3,"playtime":3970,"current_hp_per_floor":[70,45,45,45,45,70,37,34,34,34,70,60,60,48,70,21,75,65,65,65,65,65],"items_purged":[],"gold":319,"score":222,"play_id":"3ab1fb57-e4ef-453f-8e81-fd1707cf60b0","is_prod":false,"is_daily":false,"is_ascension_mode":true,"campfire_upgraded":0,"path_taken":["M","?","?","M","M","R","E","M","T","M","R","E","?","E","R","BOSS","M","?","M","?","M","E"],"build_version":"2018-02-15-PROD1","purchased_purges":0,"victory":false,"master_deck":["Defend_G","Defend_G+1","Defend_G","Defend_G","Defend_G","Strike_G","Strike_G","Strike_G","Strike_G","Strike_G","Survivor","Neutralize","Endless Agony","Dagger Throw","PiercingWail","Prepared","Backflip","Eviscerate","Blur","Backstab","Venomology","Deadly Poison","Outmaneuver","Malaise","Acrobatics"],"max_hp_per_floor":[70,70,70,70,70,70,70,70,70,70,70,70,70,70,70,70,75,75,75,75,75,75],"relics":["Ring of the Snake","Du-Vu Doll","Regal Pillow","Omamori","Meat on the Bone","Ice Cream","Ninja Scroll","Tiny House","Nloth\u0027s Gift"],"card_choices":[{"not_picked":["Masterful Stab","Outmaneuver"],"picked":"Endless Agony"},{"not_picked":["Deflect","Backflip"],"picked":"Dagger Throw"},{"not_picked":["Dagger Throw","Dodge and Roll"],"picked":"PiercingWail"},{"not_picked":["PiercingWail","Bane"],"picked":"Prepared"},{"not_picked":["Outmaneuver","Dagger Throw"],"picked":"Backflip"},{"not_picked":["Dodge and Roll","Underhanded Strike"],"picked":"Eviscerate"},{"not_picked":["Phantasmal Killer","Outmaneuver"],"picked":"Blur"},{"not_picked":["Quick Slash","Sucker Punch"],"picked":"Backstab"},{"not_picked":["Doppelganger","Die Die Die"],"picked":"Venomology"},{"not_picked":["Backflip","Deflect"],"picked":"Deadly Poison"},{"not_picked":["Backflip","Eviscerate"],"picked":"Outmaneuver"},{"not_picked":["Choke","Dagger Throw"],"picked":"Malaise"},{"not_picked":["Dagger Spray","Expertise"],"picked":"Acrobatics"}],"player_experience":89695,"potions_floor_usage":[7,14,16,18,20,22,22,23,23,23],"damage_taken":[{"damage":0,"enemies":"Jaw Worm","floor":1,"turns":4},{"damage":0,"enemies":"2 Louse","floor":4,"turns":2},{"damage":0,"enemies":"Cultist","floor":5,"turns":3},{"damage":33,"enemies":"Lagavulin","floor":7,"turns":9},{"damage":3,"enemies":"Looter","floor":8,"turns":3},{"damage":0,"enemies":"Exordium Wildlife","floor":10,"turns":4},{"damage":10,"enemies":"3 Sentries","floor":12,"turns":10},{"damage":12,"enemies":"Gremlin Nob","floor":14,"turns":5},{"damage":61,"enemies":"Slime Boss","floor":16,"turns":18},{"damage":10,"enemies":"Shell Parasite","floor":18,"turns":8},{"damage":0,"enemies":"3 Byrds","floor":20,"turns":5},{"damage":0,"enemies":"Snake Plant","floor":22,"turns":7},{"damage":77,"enemies":"Gremlin Leader","floor":23,"turns":14}],"event_choices":[{"event_name":"Scrap Ooze","player_choice":"success","floor":2,"damage_taken":25},{"event_name":"The Cleric","player_choice":"Leave","floor":3,"damage_taken":0},{"event_name":"Dead Adventurer","player_choice":"Searched \u00272\u0027 times","floor":13,"damage_taken":0},{"event_name":"Drug Dealer","player_choice":"Ignored","floor":19,"damage_taken":0},{"event_name":"N\u0027loth","player_choice":"Traded a Torii","floor":21,"damage_taken":0}],"boss_relics":[{"not_picked":["Runic Dome","Astrolabe"],"picked":"Tiny House"}],"potions_floor_spawned":[1,5,8,16,18,22],"seed_played":"-1398098122285047008","killed_by":"Gremlin Leader","ascension_level":1,"is_trial":false}