{"gold_per_floor":[111,186,55,75,88,88,116,116,143,172,191,191],"floor_reached":12,"playtime":547,"items_purged":["Strike_R"],"score":176,"play_id":"3e1ae715-5d15-4fa9-8dfb-cba3624902a4","local_time":"20190125155801","is_ascension_mode":true,"campfire_choices":[{"data":"Bash","floor":6,"key":"SMITH"},{"floor":8,"key":"REST"}],"neow_cost":"NONE","seed_source_timestamp":10421679245376,"circlet_count":0,"master_deck":["AscendersBane","Strike_R+1","Strike_R","Strike_R","Strike_R","Defend_R","Defend_R","Defend_R","Defend_R","Bash+1","Spot Weakness","Inflame","Clothesline+1","Shrug It Off","Heavy Blade"],"relics":["Burning Blood","Juzu Bracelet","Strawberry","Whetstone","Question Card"],"potions_floor_usage":[7,7],"damage_taken":[{"damage":6,"enemies":"Cultist","floor":1,"turns":4},{"damage":7,"enemies":"Small Slimes","floor":4,"turns":4},{"damage":19,"enemies":"Jaw Worm","floor":5,"turns":5},{"damage":29,"enemies":"Gremlin Nob","floor":7,"turns":4},{"damage":37,"enemies":"Lagavulin","floor":10,"turns":7},{"damage":2,"enemies":"2 Fungi Beasts","floor":11,"turns":4},{"damage":42,"enemies":"Gremlin Nob","floor":12,"turns":4}],"seed_played":"8924902479125563096","potions_obtained":[{"floor":4,"key":"GamblersBrew"},{"floor":5,"key":"Weak Potion"},{"floor":10,"key":"Dexterity Potion"}],"is_trial":false,"path_per_floor":["M","?","$","M","M","R","E","R","T","E","M","E"],"character_chosen":"IRONCLAD","items_purchased":["SteroidPotion"],"campfire_rested":1,"item_purchase_floors":[3],"current_hp_per_floor":[68,57,57,56,43,43,27,51,51,20,24,0],"gold":191,"neow_bonus":"RANDOM_COMMON_RELIC","is_prod":false,"is_daily":false,"chose_seed":false,"campfire_upgraded":1,"win_rate":0,"timestamp":1548428281,"path_taken":["M","?","$","M","M","R","E","R","T","E","M","E"],"build_version":"2019-01-23","purchased_purges":1,"victory":false,"max_hp_per_floor":[75,75,75,75,75,75,82,82,82,82,82,82],"card_choices":[{"not_picked":["Twin Strike","Warcry"],"picked":"Spot Weakness","floor":1},{"not_picked":["Havoc","Flex"],"picked":"Inflame","floor":4},{"not_picked":["Armaments","Perfected Strike"],"picked":"Clothesline","floor":5},{"not_picked":["Perfected Strike","Fire Breathing"],"picked":"Shrug It Off","floor":7},{"not_picked":["Perfected Strike","Warcry"],"picked":"Heavy Blade","floor":10},{"not_picked":["Iron Wave","Cleave","Clash","Flex"],"picked":"SKIP","floor":11}],"player_experience":773180,"relics_obtained":[{"floor":7,"key":"Strawberry"},{"floor":9,"key":"Whetstone"},{"floor":10,"key":"Question Card"}],"event_choices":[{"damage_healed":0,"gold_gain":75,"player_choice":"Gather Gold","damage_taken":11,"max_hp_gain":0,"max_hp_loss":0,"event_name":"World of Goop","floor":2,"gold_loss":0}],"is_beta":false,"boss_relics":[],"items_purged_floors":[3],"is_endless":false,"potions_floor_spawned":[4,5,10],"killed_by":"Gremlin Nob","ascension_level":20}