{"gold_per_floor":[116,132,57,67,87,118,118,151,174,174,174,187,207,235,235,310,310,310,23,23,23,23,23,23,23,23,23,23,23,23,23,23,23,23,23,23,23,23,23,23,23,23,23,23,23,23,23,23,23,23,23,23,23,23,23,23],"floor_reached":56,"playtime":5099,"items_purged":[],"score":2066,"play_id":"4c1f58ab-5c2a-497f-8a41-0137cf8206a5","local_time":"20190605193743","is_ascension_mode":true,"campfire_choices":[{"data":"Sweeping Beam","floor":7.0,"key":"SMITH"},{"floor":10.0,"key":"REST"},{"data":"Go for the Eyes","floor":15.0,"key":"SMITH"},{"data":"Defragment","floor":25.0,"key":"SMITH"},{"floor":30.0,"key":"REST"},{"data":"Seek","floor":32.0,"key":"SMITH"},{"floor":42.0,"key":"RECALL"},{"data":"Coolheaded","floor":45.0,"key":"SMITH"},{"data":"Seek","floor":49.0,"key":"SMITH"},{"data":"Coolheaded","floor":53,"key":"SMITH"}],"neow_cost":"TEN_PERCENT_HP_LOSS","seed_source_timestamp":5272614067966,"circlet_count":0,"master_deck":["AscendersBane","Strike_B+1","Strike_B+1","Defend_B+1","Defend_B+1","Defend_B+1","Defend_B+1","Zap","Dualcast","Leap","Sweeping Beam+1","Cold Snap","Rebound+1","White Noise","Go for the Eyes+1","Doom and Gloom","Coolheaded+1","Coolheaded+1","Seek+1","Self Repair","Defragment+1","Redo+1","Steam+1","Compile Driver","White Noise","Hologram","BootSequence+1","Echo Form","Glacier+1","Undo","Seek+1","Echo Form"],"special_seed":0,"relics":["Cracked Core","Incense Burner","Shuriken","Smiling Mask","Strawberry","Vajra","Ectoplasm","Symbiotic Virus","Omamori","Whetstone","Letter Opener","Red Mask","Tiny Chest","Inserter","Gambling Chip","Pocketwatch","Bag of Marbles","Pear"],"potions_floor_usage":[56,56],"damage_taken":[{"damage":7.0,"enemies":"Jaw Worm","floor":1.0,"turns":5.0},{"damage":1.0,"enemies":"Small Slimes","floor":2.0,"turns":4.0},{"damage":0.0,"enemies":"Cultist","floor":4.0,"turns":4.0},{"damage":14.0,"enemies":"Lots of Slimes","floor":5.0,"turns":8.0},{"damage":5.0,"enemies":"Lagavulin","floor":6.0,"turns":7.0},{"damage":22.0,"enemies":"Gremlin Nob","floor":8.0,"turns":4.0},{"damage":0.0,"enemies":"2 Fungi Beasts","floor":12.0,"turns":3.0},{"damage":2.0,"enemies":"3 Louse","floor":13.0,"turns":2.0},{"damage":11.0,"enemies":"Lagavulin","floor":14.0,"turns":6.0},{"damage":11.0,"enemies":"Hexaghost","floor":16.0,"turns":9.0},{"damage":6.0,"enemies":"3 Byrds","floor":18.0,"turns":5.0},{"damage":7.0,"enemies":"Shell Parasite","floor":20.0,"turns":6.0},{"damage":0.0,"enemies":"Chosen and Byrds","floor":21.0,"turns":6.0},{"damage":7.0,"enemies":"Snake Plant","floor":23.0,"turns":5.0},{"damage":8.0,"enemies":"Gremlin Leader","floor":24.0,"turns":6.0},{"damage":18.0,"enemies":"Slavers","floor":27.0,"turns":6.0},{"damage":14.0,"enemies":"Masked Bandits","floor":29.0,"turns":6.0},{"damage":7.0,"enemies":"Gremlin Leader","floor":31.0,"turns":6.0},{"damage":1.0,"enemies":"Automaton","floor":33.0,"turns":11.0},{"damage":18.0,"enemies":"3 Darklings","floor":35.0,"turns":4.0},{"damage":4.0,"enemies":"Orb Walker","floor":36.0,"turns":4.0},{"damage":13.0,"enemies":"Jaw Worm Horde","floor":39.0,"turns":6.0},{"damage":11.0,"enemies":"Reptomancer","floor":40.0,"turns":12.0},{"damage":5.0,"enemies":"Maw","floor":41.0,"turns":8.0},{"damage":2.0,"enemies":"Mind Bloom Boss Battle","floor":47.0,"turns":8.0},{"damage":0.0,"enemies":"Giant Head","floor":48.0,"turns":10.0},{"damage":17.0,"enemies":"Time Eater","floor":50.0,"turns":18.0},{"damage":0.0,"enemies":"Donu and Deca","floor":51.0,"turns":11.0},{"damage":16,"enemies":"Shield and Spear","floor":55,"turns":12},{"damage":79,"enemies":"The Heart","floor":56,"turns":6}],"seed_played":"-3358801130173936840","potions_obtained":[{"floor":1.0,"key":"FocusPotion"},{"floor":6.0,"key":"AttackPotion"},{"floor":12.0,"key":"Ancient Potion"},{"floor":13.0,"key":"AttackPotion"},{"floor":14.0,"key":"Strength Potion"},{"floor":20.0,"key":"SkillPotion"},{"floor":21.0,"key":"Block Potion"},{"floor":31.0,"key":"Block Potion"},{"floor":36.0,"key":"PowerPotion"},{"floor":47.0,"key":"Swift Potion"},{"floor":48.0,"key":"PowerPotion"}],"is_trial":false,"path_per_floor":["M","M","?","M","M","E","R","E","T","R","?","M","M","E","R","B",null,"M","$","M","M","?","M","E","R","T","E","?","?","R","E","R","B",null,"M","M","$","?","M","E","M","R","T","?","R","?","?","E","R","B","B",null,"R","$","E","B"],"character_chosen":"DEFECT","items_purchased":["Symbiotic Virus"],"campfire_rested":2,"item_purchase_floors":[19],"current_hp_per_floor":[57,56,56,56,42,37,37,15,22,43,43,43,41,30,30,19,58,52,52,52,59,59,59,58,58,58,47,47,47,68,68,68,71,71,60,70,70,70,64,67,71,71,71,71,71,71,71,71,71,68,71,71,71,71,79,0],"gold":23,"neow_bonus":"ONE_RARE_RELIC","is_prod":false,"is_daily":false,"chose_seed":false,"campfire_upgraded":7,"win_rate":0,"timestamp":1559756263,"path_taken":["M","M","?","M","M","E","R","E","T","R","?","M","?","E","R","BOSS","M","$","?","M","?","M","E","R","T","E","?","?","R","E","R","BOSS","M","M","$","?","?","E","M","R","T","?","R","?","?","E","R","BOSS","BOSS","R","$","E","BOSS"],"build_version":"2019-01-23","purchased_purges":0,"victory":false,"max_hp_per_floor":[64,64,64,64,64,64,64,64,71,71,71,71,71,71,71,71,71,71,71,71,71,71,71,71,71,71,71,71,71,71,71,71,71,71,71,71,71,71,71,71,71,71,71,71,71,71,71,71,71,71,71,71,71,71,81,81],"card_choices":[{"not_picked":["Skim","Rebound"],"picked":"Leap","floor":1.0},{"not_picked":["Leap","Streamline"],"picked":"Sweeping Beam","floor":2.0},{"not_picked":["Consume","Stack"],"picked":"Cold Snap","floor":4.0},{"not_picked":["Beam Cell","Leap"],"picked":"Rebound","floor":5.0},{"not_picked":["Melter","Redo"],"picked":"White Noise","floor":6.0},{"not_picked":["Sunder","Leap"],"picked":"Go for the Eyes","floor":8.0},{"not_picked":["Streamline","Go for the Eyes"],"picked":"Doom and Gloom","floor":12.0},{"not_picked":["Cold Snap","Tempest"],"picked":"Coolheaded","floor":13.0},{"not_picked":["Lockon","Rainbow"],"picked":"Coolheaded","floor":14.0},{"not_picked":["Multi-Cast","Rainbow"],"picked":"Seek","floor":16.0},{"not_picked":["Steam","Beam Cell"],"picked":"Self Repair","floor":18.0},{"not_picked":["Recycle","Go for the Eyes"],"picked":"Defragment","floor":20.0},{"not_picked":["Go for the Eyes","Compile Driver"],"picked":"Redo+1","floor":21.0},{"not_picked":["Buffer","Turbo"],"picked":"Steam+1","floor":23.0},{"not_picked":["Go for the Eyes","Beam Cell"],"picked":"Compile Driver","floor":24.0},{"not_picked":["Stack+1","Lockon"],"picked":"White Noise","floor":27.0},{"not_picked":["Compile Driver","Rip and Tear"],"picked":"Hologram","floor":29.0},{"not_picked":["Self Repair","Redo"],"picked":"BootSequence+1","floor":31.0},{"not_picked":["Seek","Machine Learning"],"picked":"Echo Form","floor":33.0},{"not_picked":["Streamline+1","Gash","Sweeping Beam"],"picked":"SKIP","floor":35.0},{"not_picked":["Defragment+1","Sweeping Beam+1"],"picked":"Glacier+1","floor":36.0},{"not_picked":["Sunder","Go for the Eyes","Steam"],"picked":"SKIP","floor":39.0},{"not_picked":["Streamline","Beam Cell","Blizzard"],"picked":"SKIP","floor":40.0},{"not_picked":["FTL+1","Chill"],"picked":"Undo","floor":41.0},{"not_picked":["Reprogram","Gash+1"],"picked":"Seek","floor":48.0},{"not_picked":["FTL","Lockon"],"picked":"Echo Form","floor":55}],"player_experience":1284884,"relics_obtained":[{"floor":6.0,"key":"Shuriken"},{"floor":8.0,"key":"Smiling Mask"},{"floor":9.0,"key":"Strawberry"},{"floor":14.0,"key":"Vajra"},{"floor":24.0,"key":"Omamori"},{"floor":26.0,"key":"Whetstone"},{"floor":27.0,"key":"Letter Opener"},{"floor":29.0,"key":"Red Mask"},{"floor":31.0,"key":"Tiny Chest"},{"floor":40.0,"key":"Gambling Chip"},{"floor":47.0,"key":"Pocketwatch"},{"floor":48.0,"key":"Bag of Marbles"},{"floor":55,"key":"Pear"}],"event_choices":[{"cards_removed":["Strike_B"],"damage_healed":0.0,"max_hp_gain":0.0,"max_hp_loss":0.0,"gold_gain":0.0,"event_name":"The Cleric","player_choice":"Card Removal","floor":3.0,"gold_loss":75.0,"damage_taken":0.0},{"cards_removed":["Strike_B"],"damage_healed":0.0,"max_hp_gain":0.0,"max_hp_loss":0.0,"gold_gain":0.0,"event_name":"Bonfire Elementals","player_choice":"Offered Basic","floor":11.0,"gold_loss":0.0,"damage_taken":0.0},{"damage_healed":0.0,"max_hp_gain":0.0,"max_hp_loss":0.0,"gold_gain":50.0,"event_name":"Nest","player_choice":"Stole From Cult","floor":22.0,"gold_loss":0.0,"damage_taken":0.0},{"damage_healed":0.0,"max_hp_gain":0.0,"max_hp_loss":0.0,"gold_gain":0.0,"event_name":"Back to Basics","player_choice":"Simplicity","floor":28.0,"gold_loss":0.0,"damage_taken":0.0,"cards_upgraded":["Strike_B","Defend_B","Defend_B","Defend_B","Defend_B"]},{"damage_healed":0.0,"max_hp_gain":0.0,"max_hp_loss":0.0,"gold_gain":0.0,"event_name":"Masked Bandits","player_choice":"Fought Bandits","floor":29.0,"gold_loss":0.0,"damage_taken":0.0},{"damage_healed":0.0,"max_hp_gain":0.0,"max_hp_loss":0.0,"gold_gain":0.0,"event_name":"FaceTrader","player_choice":"Leave","floor":38.0,"gold_loss":0.0,"damage_taken":0.0},{"damage_healed":0.0,"max_hp_gain":0.0,"max_hp_loss":0.0,"gold_gain":222.0,"event_name":"Tomb of Lord Red Mask","player_choice":"Wore Mask","floor":44.0,"gold_loss":0.0,"damage_taken":0.0},{"damage_healed":0.0,"max_hp_gain":0.0,"max_hp_loss":0.0,"gold_gain":0.0,"event_name":"Mysterious Sphere","player_choice":"Ignored","floor":46.0,"gold_loss":0.0,"damage_taken":0.0},{"damage_healed":0.0,"max_hp_gain":0.0,"max_hp_loss":0.0,"gold_gain":0.0,"event_name":"MindBloom","player_choice":"Fight","floor":47.0,"gold_loss":0.0,"damage_taken":0.0}],"is_beta":false,"boss_relics":[{"not_picked":["Pandora\u0027s Box","Nuclear Battery"],"picked":"Ectoplasm"},{"not_picked":["Busted Crown","Orrery"],"picked":"Inserter"}],"items_purged_floors":[],"is_endless":false,"potions_floor_spawned":[1,6,12,13,14,20,21,31,36,41,47,48],"killed_by":"The Heart","ascension_level":20}