{"gold_per_floor":[360,372,372,372,389,415,30,30],"floor_reached":8,"playtime":300,"items_purged":[],"score":112,"play_id":"d9c2e67c-3f47-4924-bfa9-3b0e71842a61","local_time":"20181223203130","is_ascension_mode":true,"campfire_choices":[],"neow_cost":"CURSE","seed_source_timestamp":29975622585129,"circlet_count":0,"master_deck":["AscendersBane","Strike_B+1","Strike_B","Strike_B","Strike_B","Defend_B","Defend_B","Defend_B+1","Defend_B","Zap","Dualcast","Auto Shields","Defragment","Go for the Eyes","Gash"],"relics":["Cracked Core","Shuriken","Oddly Smooth Stone","Regal Pillow"],"potions_floor_usage":[6,8],"damage_taken":[{"damage":0,"enemies":"Small Slimes","floor":1,"turns":2},{"damage":0,"enemies":"2 Louse","floor":2,"turns":3},{"damage":1,"enemies":"Cultist","floor":5,"turns":4},{"damage":25,"enemies":"Lagavulin","floor":6,"turns":5},{"damage":27,"enemies":"Gremlin Nob","floor":8,"turns":3}],"seed_played":"-1845477558474491225","potions_obtained":[{"floor":2,"key":"PowerPotion"},{"floor":5,"key":"LiquidBronze"}],"is_trial":false,"path_per_floor":["M","M","?","?","M","E","$","E"],"character_chosen":"DEFECT","items_purchased":["Oddly Smooth Stone","Regal Pillow","PowerPotion"],"campfire_rested":0,"item_purchase_floors":[7,7,7],"current_hp_per_floor":[64,64,43,36,35,10,10,0],"gold":30,"neow_bonus":"TWO_FIFTY_GOLD","is_prod":false,"is_daily":false,"chose_seed":false,"campfire_upgraded":0,"win_rate":0,"timestamp":1545593490,"path_taken":["M","M","?","?","M","E","$","E"],"build_version":"2018-12-20","purchased_purges":0,"victory":false,"max_hp_per_floor":[71,71,71,71,71,71,71,71],"card_choices":[{"not_picked":["Skim","Redo"],"picked":"Auto Shields","floor":1},{"not_picked":["Undo","Capacitor"],"picked":"Defragment","floor":2},{"not_picked":["Melter","Coolheaded"],"picked":"Go for the Eyes","floor":5},{"not_picked":["Beam Cell","Amplify"],"picked":"Gash","floor":6}],"player_experience":696472,"relics_obtained":[{"floor":6,"key":"Shuriken"}],"event_choices":[{"damage_healed":0,"gold_gain":0,"player_choice":"Entered Light","damage_taken":21,"max_hp_gain":0,"max_hp_loss":0,"event_name":"Shining Light","floor":3,"gold_loss":0,"cards_upgraded":["Defend_B","Strike_B"]},{"cards_removed":["Clumsy"],"damage_healed":0,"gold_gain":0,"player_choice":"Card Removal","damage_taken":7,"max_hp_gain":0,"max_hp_loss":0,"event_name":"Golden Wing","floor":4,"gold_loss":0}],"is_beta":false,"boss_relics":[],"items_purged_floors":[],"is_endless":false,"potions_floor_spawned":[2,5],"killed_by":"Gremlin Nob","ascension_level":20}