{"gold_per_floor":[118,118,138,138,153,166,166,200,282,292,61,61,78,96,96,172,172,172,172,11,11,11,11,11,11,11,11,11,11],"floor_reached":29,"playtime":1438,"items_purged":["Strike_B"],"score":494,"play_id":"145a3251-0581-4145-859a-82e1f6d38e60","local_time":"20190202190546","is_ascension_mode":true,"campfire_choices":[{"floor":7,"key":"REST"},{"data":"Defragment","floor":12,"key":"SMITH"},{"data":"Defragment","floor":15,"key":"SMITH"},{"data":"Defragment","floor":23,"key":"SMITH"},{"floor":25,"key":"REST"}],"neow_cost":"NONE","seed_source_timestamp":23870837981706,"circlet_count":0,"master_deck":["AscendersBane","Strike_B+1","Strike_B","Strike_B","Defend_B","Defend_B","Defend_B","Defend_B","Zap+1","Dualcast","Gash+1","Defragment+1","Glacier","Sweeping Beam","Gash","Defragment+1","Hologram","Ball Lightning","Seek","Coolheaded","Defragment+1","Core Surge","Undo"],"relics":["Cracked Core","FaceOfCleric","Unceasing Top","Tiny Chest","Ectoplasm","Happy Flower","Frozen Egg 2"],"potions_floor_usage":[16,18,24,29],"damage_taken":[{"damage":1,"enemies":"2 Louse","floor":1,"turns":2},{"damage":4,"enemies":"Jaw Worm","floor":3,"turns":3},{"damage":1,"enemies":"Cultist","floor":5,"turns":3},{"damage":15,"enemies":"Lots of Slimes","floor":6,"turns":6},{"damage":11,"enemies":"Lagavulin","floor":8,"turns":9},{"damage":4,"enemies":"3 Louse","floor":10,"turns":4},{"damage":8,"enemies":"Blue Slaver","floor":13,"turns":2},{"damage":3,"enemies":"2 Fungi Beasts","floor":14,"turns":4},{"damage":15,"enemies":"Hexaghost","floor":16,"turns":9},{"damage":15,"enemies":"3 Byrds","floor":18,"turns":3},{"damage":5,"enemies":"Chosen","floor":19,"turns":5},{"damage":2,"enemies":"Centurion and Healer","floor":22,"turns":9},{"damage":4,"enemies":"Book of Stabbing","floor":24,"turns":5},{"damage":12,"enemies":"Chosen and Byrds","floor":27,"turns":6},{"damage":63,"enemies":"Slavers","floor":29,"turns":3}],"seed_played":"2087681830557187099","potions_obtained":[{"floor":8,"key":"LiquidBronze"},{"floor":10,"key":"Explosive Potion"},{"floor":22,"key":"Strength Potion"},{"floor":27,"key":"LiquidBronze"}],"is_trial":false,"path_per_floor":["M","?","M","?","M","M","R","E","T","M","$","R","M","M","R","B",null,"M","M","$","?","M","R","E","R","T","M","?","E"],"character_chosen":"DEFECT","items_purchased":["Defragment","Tiny Chest","Defragment"],"campfire_rested":2,"item_purchase_floors":[11,11,20],"current_hp_per_floor":[63,42,38,38,38,24,45,35,35,32,32,32,25,23,23,9,61,47,43,43,43,42,42,39,63,63,52,52,0],"gold":11,"neow_bonus":"UPGRADE_CARD","is_prod":false,"is_daily":false,"chose_seed":false,"campfire_upgraded":3,"win_rate":0,"timestamp":1549130746,"path_taken":["M","?","M","?","M","M","R","E","T","M","$","R","M","?","R","BOSS","M","M","?","?","M","R","E","R","T","M","?","E"],"build_version":"2019-01-23","purchased_purges":1,"victory":false,"max_hp_per_floor":[71,71,71,71,72,73,73,74,74,75,75,75,76,77,77,78,78,79,80,80,80,81,81,82,82,82,83,83,83],"card_choices":[{"not_picked":["Barrage","Undo"],"picked":"Gash","floor":1},{"not_picked":["Beam Cell","Hologram"],"picked":"Defragment","floor":3},{"not_picked":["Chaos","Static Discharge"],"picked":"Glacier","floor":5},{"not_picked":["Go for the Eyes","Compile Driver"],"picked":"Sweeping Beam","floor":6},{"not_picked":["Chaos","Thunder Strike"],"picked":"Gash","floor":8},{"not_picked":["Aggregate","Heatsinks","Auto Shields"],"picked":"SKIP","floor":10},{"not_picked":["Aggregate","Heatsinks","Auto Shields"],"picked":"SKIP","floor":10},{"not_picked":["Conserve Battery","Sweeping Beam"],"picked":"Hologram","floor":13},{"not_picked":["Heatsinks","Beam Cell"],"picked":"Ball Lightning","floor":14},{"not_picked":["Meteor Strike","Reboot"],"picked":"Seek","floor":16},{"not_picked":["Doom and Gloom","Go for the Eyes"],"picked":"Coolheaded","floor":18},{"not_picked":["Streamline","Redo","Ball Lightning"],"picked":"SKIP","floor":19},{"not_picked":["Beam Cell","Gash","Steam"],"picked":"SKIP","floor":22},{"not_picked":["Steam","Sunder"],"picked":"Core Surge","floor":24},{"not_picked":["Barrage","Hologram"],"picked":"Undo","floor":27}],"player_experience":833919,"relics_obtained":[{"floor":8,"key":"Unceasing Top"},{"floor":24,"key":"Happy Flower"},{"floor":26,"key":"Frozen Egg 2"}],"event_choices":[{"damage_healed":0,"gold_gain":0,"player_choice":"Entered Light","damage_taken":21,"max_hp_gain":0,"max_hp_loss":0,"event_name":"Shining Light","floor":2,"gold_loss":0,"cards_upgraded":["Strike_B","Gash"]},{"damage_healed":0,"gold_gain":0,"player_choice":"Trade","damage_taken":0,"relics_obtained":["FaceOfCleric"],"max_hp_gain":0,"max_hp_loss":0,"event_name":"FaceTrader","floor":4,"gold_loss":0},{"damage_healed":0,"gold_gain":0,"player_choice":"Ignored","damage_taken":0,"max_hp_gain":0,"max_hp_loss":0,"event_name":"Beggar","floor":21,"gold_loss":0},{"damage_healed":0,"gold_gain":0,"player_choice":"Ignored","damage_taken":0,"max_hp_gain":0,"max_hp_loss":0,"event_name":"Cursed Tome","floor":28,"gold_loss":0}],"is_beta":false,"boss_relics":[{"not_picked":["Empty Cage","Black Star"],"picked":"Ectoplasm"}],"items_purged_floors":[20],"is_endless":false,"potions_floor_spawned":[8,10,13,22,27],"killed_by":"Slavers","ascension_level":20}