{"gold_per_floor":[112,125,125,125,125,160,160,172,202,29,63,63,63,98,98,174,174,193,208,243,22,22,55,55,88,114,114,114,132,132,157,157,228,228,241,221,240,255,98,131,131,144,144,169,189,220,4,32,32,32,32,32,32,32,67,67],"floor_reached":57,"playtime":4457,"items_purged":["Strike_R","Clumsy"],"score":3134,"play_id":"469e6759-8103-4ec0-bcff-fa5ed512e645","local_time":"20190126192723","is_ascension_mode":true,"campfire_choices":[{"floor":7,"key":"REST"},{"floor":13,"key":"REST"},{"data":"Disarm","floor":15,"key":"SMITH"},{"data":"Brutality","floor":24,"key":"SMITH"},{"data":"Body Slam","floor":27,"key":"SMITH"},{"data":"Battle Trance","floor":30,"key":"SMITH"},{"floor":32,"key":"REST"},{"data":"Barricade","floor":41,"key":"SMITH"},{"floor":49,"key":"RECALL"},{"data":"Evolve","floor":53,"key":"SMITH"}],"neow_cost":"NONE","seed_source_timestamp":19818727144283,"circlet_count":0,"master_deck":["AscendersBane","Defend_R","Defend_R","Defend_R","Defend_R","Bash+1","Pommel Strike","Battle Trance+1","Disarm+1","Pain","Impervious","Brutality+1","Body Slam+1","Sword Boomerang+1","Rupture","Shrug It Off","Shrug It Off+1","Bite","Bite","Bite","Bite","Bite","Sword Boomerang+1","Barricade+1","Body Slam+1","Shrug It Off","Armaments+1","Evolve+1","Shrug It Off","Shrug It Off+1","Impervious"],"relics":["Burning Blood","Thread and Needle","Self Forming Clay","Tiny Chest","Bag of Preparation","Dodecahedron","WarpedTongs","Boot","Cursed Key","Red Mask","Oddly Smooth Stone","Regal Pillow","Mummified Hand","Empty Cage","Dream Catcher","Centennial Puzzle","Anchor","ClockworkSouvenir","Smiling Mask","Red Skull"],"potions_floor_usage":[14,20,25,56,56],"damage_taken":[{"damage":7,"enemies":"Small Slimes","floor":1,"turns":4},{"damage":11,"enemies":"Jaw Worm","floor":2,"turns":6},{"damage":48,"enemies":"Lagavulin","floor":6,"turns":8},{"damage":0,"enemies":"2 Louse","floor":8,"turns":3},{"damage":22,"enemies":"Gremlin Nob","floor":11,"turns":4},{"damage":10,"enemies":"Lagavulin","floor":14,"turns":6},{"damage":45,"enemies":"The Guardian","floor":16,"turns":14},{"damage":20,"enemies":"3 Byrds","floor":18,"turns":6},{"damage":18,"enemies":"Spheric Guardian","floor":19,"turns":4},{"damage":13,"enemies":"Masked Bandits","floor":20,"turns":3},{"damage":17,"enemies":"Slavers","floor":23,"turns":5},{"damage":18,"enemies":"Gremlin Leader","floor":25,"turns":5},{"damage":11,"enemies":"Snake Plant","floor":29,"turns":5},{"damage":28,"enemies":"Slavers","floor":31,"turns":4},{"damage":21,"enemies":"Collector","floor":33,"turns":7},{"damage":9,"enemies":"Orb Walker","floor":35,"turns":3},{"damage":8,"enemies":"3 Darklings","floor":37,"turns":4},{"damage":10,"enemies":"Sphere and 2 Shapes","floor":38,"turns":8},{"damage":12,"enemies":"Nemesis","floor":40,"turns":5},{"damage":8,"enemies":"Maw","floor":42,"turns":5},{"damage":13,"enemies":"Giant Head","floor":44,"turns":5},{"damage":18,"enemies":"Transient","floor":45,"turns":6},{"damage":62,"enemies":"Reptomancer","floor":46,"turns":25},{"damage":17,"enemies":"Giant Head","floor":48,"turns":6},{"damage":15,"enemies":"Time Eater","floor":50,"turns":7},{"damage":29,"enemies":"Donu and Deca","floor":51,"turns":9},{"damage":40,"enemies":"Shield and Spear","floor":55,"turns":10},{"damage":78,"enemies":"The Heart","floor":56,"turns":12}],"seed_played":"-2886748791830964803","potions_obtained":[{"floor":6,"key":"Regen Potion"},{"floor":14,"key":"PowerPotion"},{"floor":16,"key":"Fire Potion"},{"floor":19,"key":"LiquidBronze"},{"floor":33,"key":"FearPotion"},{"floor":36,"key":"Block Potion"},{"floor":37,"key":"Weak Potion"},{"floor":55,"key":"Energy Potion"}],"is_trial":false,"path_per_floor":["M","M","?","?","T","E","R","M","T","$","E","?","R","E","R","B",null,"M","M","?","$","?","E","R","E","T","R","?","M","R","E","R","B",null,"M","?","M","M","$","E","R","M","T","E","M","E","$","E","R","B","B",null,"R","$","E","B",null],"character_chosen":"IRONCLAD","items_purchased":["Bag of Preparation","Rupture","Shrug It Off","Strength Potion","Shrug It Off","ClockworkSouvenir"],"campfire_rested":3,"item_purchase_floors":[10,21,21,21,39,47],"current_hp_per_floor":[74,69,69,58,58,16,40,48,48,48,34,34,58,71,71,34,70,58,48,43,43,59,50,50,40,40,40,40,46,46,37,76,81,82,82,82,82,82,82,82,82,82,82,82,82,82,82,82,82,82,82,82,82,82,82,27],"gold":67,"neow_bonus":"TEN_PERCENT_HP_BONUS","is_prod":false,"is_daily":false,"chose_seed":false,"campfire_upgraded":6,"win_rate":0,"timestamp":1548527243,"path_taken":["M","M","?","?","?","E","R","M","T","$","E","?","R","E","R","BOSS","M","?","?","$","?","E","R","E","T","R","?","?","R","E","R","BOSS","M","?","?","?","$","E","R","M","T","E","M","E","?","E","R","BOSS","BOSS","R","$","E","BOSS"],"build_version":"2019-01-23","purchased_purges":2,"victory":true,"max_hp_per_floor":[82,82,82,82,82,82,82,82,82,82,82,82,82,82,82,82,82,82,82,82,82,82,82,82,82,82,82,82,82,82,82,82,82,82,82,82,82,82,82,82,82,82,82,82,82,82,82,82,82,82,82,82,82,82,82,82],"card_choices":[{"not_picked":["Body Slam","Seeing Red"],"picked":"Pommel Strike","floor":1},{"not_picked":["Corruption","Anger"],"picked":"Battle Trance","floor":2},{"not_picked":["Entrench","Flex"],"picked":"Anger","floor":6},{"not_picked":["Corruption","Berserk"],"picked":"Disarm","floor":8},{"not_picked":["Body Slam","Thunderclap","Pommel Strike"],"picked":"SKIP","floor":11},{"not_picked":["Clash","Headbutt"],"picked":"Impervious","floor":14},{"not_picked":["Dark Embrace","Berserk"],"picked":"Brutality","floor":16},{"not_picked":["Havoc","Sentinel"],"picked":"Body Slam","floor":18},{"not_picked":["Perfected Strike","Fire Breathing"],"picked":"Wild Strike+1","floor":19},{"not_picked":["Pommel Strike","Clash"],"picked":"Sword Boomerang+1","floor":20},{"not_picked":["Sever Soul","Warcry"],"picked":"Shrug It Off+1","floor":23},{"not_picked":["Thunderclap","Cleave","Evolve"],"picked":"SKIP","floor":25},{"not_picked":["Bludgeon","Twin Strike","Heavy Blade"],"picked":"SKIP","floor":29},{"not_picked":["Body Slam","Bludgeon"],"picked":"Sword Boomerang+1","floor":31},{"not_picked":["Dark Embrace","Berserk"],"picked":"Barricade","floor":33},{"not_picked":["Warcry","Flex","Iron Wave"],"picked":"SKIP","floor":35},{"not_picked":["Warcry","Iron Wave"],"picked":"Body Slam+1","floor":37},{"not_picked":["Power Through","Twin Strike","Berserk"],"picked":"SKIP","floor":38},{"not_picked":["Heavy Blade","Perfected Strike","Dual Wield"],"picked":"SKIP","floor":40},{"not_picked":["Clothesline","Dropkick"],"picked":"Armaments+1","floor":42},{"not_picked":["Perfected Strike+1","Havoc+1"],"picked":"Evolve","floor":44},{"not_picked":["Twin Strike","Clothesline"],"picked":"Shrug It Off","floor":45},{"not_picked":["Sword Boomerang+1","Carnage"],"picked":"Shrug It Off+1","floor":46},{"not_picked":["Anger","Iron Wave","Thunderclap"],"picked":"SKIP","floor":48},{"not_picked":["True Grit+1","Havoc"],"picked":"Impervious","floor":55}],"player_experience":783214,"relics_obtained":[{"floor":5,"key":"Self Forming Clay"},{"floor":6,"key":"Blood Vial"},{"floor":9,"key":"Tiny Chest"},{"floor":11,"key":"Dodecahedron"},{"floor":14,"key":"Boot"},{"floor":20,"key":"Red Mask"},{"floor":23,"key":"Oddly Smooth Stone"},{"floor":25,"key":"Regal Pillow"},{"floor":31,"key":"Mummified Hand"},{"floor":40,"key":"Dream Catcher"},{"floor":44,"key":"Centennial Puzzle"},{"floor":46,"key":"Anchor"},{"floor":48,"key":"Smiling Mask"},{"floor":55,"key":"Red Skull"}],"event_choices":[{"damage_healed":0,"gold_gain":0,"player_choice":"Grow","damage_taken":0,"max_hp_gain":0,"max_hp_loss":0,"event_name":"Living Wall","floor":3,"gold_loss":0,"cards_upgraded":["Bash"]},{"damage_healed":0,"gold_gain":0,"player_choice":"Success","damage_taken":11,"relics_obtained":["Thread and Needle"],"max_hp_gain":0,"max_hp_loss":0,"event_name":"Scrap Ooze","floor":4,"gold_loss":0},{"damage_healed":0,"gold_gain":0,"player_choice":"Rummage","damage_taken":0,"relics_obtained":["WarpedTongs"],"max_hp_gain":0,"max_hp_loss":0,"event_name":"Accursed Blacksmith","floor":12,"gold_loss":0,"cards_obtained":["Pain"]},{"damage_healed":0,"gold_gain":0,"player_choice":"Fought Bandits","damage_taken":0,"max_hp_gain":0,"max_hp_loss":0,"event_name":"Masked Bandits","floor":20,"gold_loss":0},{"damage_healed":16,"gold_gain":0,"player_choice":"Heal","damage_taken":0,"max_hp_gain":0,"max_hp_loss":0,"event_name":"The Library","floor":22,"gold_loss":0},{"damage_healed":0,"gold_gain":0,"player_choice":"Became a vampire (Vial)","damage_taken":0,"max_hp_gain":0,"max_hp_loss":0,"event_name":"Vampires","floor":28,"relics_lost":["Blood Vial"],"gold_loss":0,"cards_obtained":["Bite","Bite","Bite","Bite","Bite"]},{"damage_healed":0,"gold_gain":0,"player_choice":"Bought 1 Potion","damage_taken":0,"max_hp_gain":0,"max_hp_loss":0,"event_name":"The Woman in Blue","floor":36,"gold_loss":0}],"is_beta":false,"boss_relics":[{"not_picked":["Astrolabe","Eternal Feather"],"picked":"Cursed Key"},{"not_picked":["Coffee Dripper","Orrery"],"picked":"Empty Cage"}],"items_purged_floors":[21,39],"is_endless":false,"potions_floor_spawned":[6,14,16,18,19,33,37,38,42,55],"ascension_level":20}