{"gold_per_floor":[111,261,261,29,29,29,59,71,83,113,125,137,162,192,204,216],"floor_reached":16,"playtime":506,"items_purged":[],"score":186,"play_id":"59965e2e-1245-4a59-a5cf-028ec79b7fa1","local_time":"20190615085054","is_ascension_mode":true,"campfire_choices":[{"data":"Rupture","floor":6,"key":"SMITH"},{"floor":8,"key":"REST"},{"data":"Cleave","floor":11,"key":"SMITH"},{"data":"Inflame","floor":15,"key":"SMITH"}],"neow_cost":"CURSE","seed_source_timestamp":2423515994069032,"circlet_count":0,"master_deck":["AscendersBane","Strike_R","Strike_R","Strike_R","Strike_R","Strike_R","Defend_R","Defend_R","Defend_R","Defend_R","Bash","Decay","Cleave+1","Doubt","Rupture+1","Pummel","Inflame+1"],"relics":["Burning Blood","Gambling Chip","Ornamental Fan","Strawberry","MawBank","Calipers"],"potions_floor_usage":[7,10,14,16],"damage_taken":[{"damage":9,"enemies":"2 Louse","floor":1,"turns":4},{"damage":34,"enemies":"Gremlin Nob","floor":7,"turns":4},{"damage":10,"enemies":"Jaw Worm","floor":10,"turns":4},{"damage":12,"enemies":"Small Slimes","floor":13,"turns":3},{"damage":0,"enemies":"Gremlin Gang","floor":14,"turns":1},{"damage":56,"enemies":"The Guardian","floor":16,"turns":9}],"seed_played":"5307558367243105758","potions_obtained":[{"floor":5,"key":"GamblersBrew"},{"floor":5,"key":"FearPotion"},{"floor":10,"key":"Swift Potion"},{"floor":13,"key":"AttackPotion"}],"is_trial":false,"path_per_floor":["M","?","?","$","?","R","E","R","T","M","R","$","M","M","R","B"],"character_chosen":"IRONCLAD","items_purchased":["Rupture","Strawberry"],"campfire_rested":1,"item_purchase_floors":[4,4],"current_hp_per_floor":[65,65,54,61,61,61,33,57,57,53,53,53,47,53,53,0],"gold":216,"neow_bonus":"ONE_RARE_RELIC","is_prod":false,"is_daily":false,"chose_seed":false,"campfire_upgraded":3,"win_rate":0,"timestamp":1560599454,"path_taken":["M","?","?","?","?","R","E","R","T","M","R","$","M","M","R","BOSS"],"build_version":"2019-01-23","purchased_purges":0,"victory":false,"max_hp_per_floor":[75,75,75,82,82,82,82,82,82,82,82,82,82,82,82,82],"card_choices":[{"not_picked":["Warcry","Pommel Strike"],"picked":"Cleave","floor":1},{"not_picked":["Thunderclap","Shrug It Off"],"picked":"Pummel","floor":7},{"not_picked":["Infernal Blade","Sentinel","Shrug It Off"],"picked":"SKIP","floor":10},{"not_picked":["Infernal Blade","Sentinel","Shrug It Off"],"picked":"SKIP","floor":10},{"not_picked":["Body Slam","Feel No Pain","Sever Soul"],"picked":"SKIP","floor":13},{"not_picked":["Thunderclap","Heavy Blade"],"picked":"Inflame","floor":14}],"player_experience":1047891,"relics_obtained":[{"floor":7,"key":"MawBank"},{"floor":9,"key":"Calipers"}],"event_choices":[{"damage_healed":0,"gold_gain":150,"player_choice":"AGREE","damage_taken":0,"max_hp_gain":0,"max_hp_loss":0,"event_name":"Liars Game","floor":2,"gold_loss":0,"cards_obtained":["Doubt"]},{"damage_healed":0,"gold_gain":0,"player_choice":"Success","damage_taken":11,"relics_obtained":["Ornamental Fan"],"max_hp_gain":0,"max_hp_loss":0,"event_name":"Scrap Ooze","floor":3,"gold_loss":0},{"damage_healed":0,"gold_gain":0,"player_choice":"Got Potions","damage_taken":0,"max_hp_gain":0,"max_hp_loss":0,"event_name":"Lab","floor":5,"gold_loss":0}],"is_beta":false,"boss_relics":[],"items_purged_floors":[],"is_endless":false,"potions_floor_spawned":[10,13],"killed_by":"The Guardian","ascension_level":18}