{"gold_per_floor":[19,19,19,33,45,45,45,74,97,113,113,130,130,130,130,233,233,251,264,179,201,213,225,265,277,316,362,374,398,424,467,479,491],"floor_reached":33,"playtime":1487,"items_purged":[],"score":475,"play_id":"99937d84-d4a7-40f6-83a2-03ea7764e486","local_time":"20181123212243","is_ascension_mode":true,"campfire_choices":[{"data":"Bash","floor":6,"key":"SMITH"},{"data":"1","floor":11,"key":"LIFT"},{"data":"2","floor":13,"key":"LIFT"},{"data":"3","floor":15,"key":"LIFT"},{"data":"Double Tap","floor":23,"key":"SMITH"},{"floor":25,"key":"REST"},{"data":"Sword Boomerang","floor":28,"key":"SMITH"},{"data":"Strike_R","floor":32,"key":"PURGE"}],"neow_cost":"NO_GOLD","seed_source_timestamp":450779049935444,"circlet_count":0,"master_deck":["Strike_R","Strike_R","Strike_R","Strike_R","Defend_R","Defend_R","Defend_R+1","Defend_R","Bash+1","Pummel","True Grit+1","Sword Boomerang+1","Double Tap+1","Clash","Twin Strike+1","Shrug It Off"],"relics":["Burning Blood","Peace Pipe","Girya","Orichalcum","Boot","Dream Catcher","Busted Crown","MawBank","PreservedInsect","Happy Flower","Bag of Preparation","War Paint"],"potions_floor_usage":[4,5,8,16,24,24,31,33],"damage_taken":[{"damage":6,"enemies":"Cultist","floor":1,"turns":3},{"damage":6,"enemies":"2 Louse","floor":4,"turns":2},{"damage":1,"enemies":"Small Slimes","floor":5,"turns":4},{"damage":16,"enemies":"Gremlin Nob","floor":8,"turns":3},{"damage":5,"enemies":"Looter","floor":10,"turns":2},{"damage":12,"enemies":"Gremlin Gang","floor":12,"turns":3},{"damage":0,"enemies":"Slime Boss","floor":16,"turns":7},{"damage":21,"enemies":"2 Thieves","floor":18,"turns":3},{"damage":0,"enemies":"Chosen","floor":19,"turns":3},{"damage":12,"enemies":"Snecko","floor":21,"turns":3},{"damage":34,"enemies":"Slavers","floor":24,"turns":4},{"damage":2,"enemies":"Book of Stabbing","floor":27,"turns":2},{"damage":0,"enemies":"Centurion and Healer","floor":29,"turns":3},{"damage":19,"enemies":"Snake Plant","floor":30,"turns":2},{"damage":0,"enemies":"Slavers","floor":31,"turns":2},{"damage":96,"enemies":"Automaton","floor":33,"turns":8}],"seed_played":"-4826750933527258545","potions_obtained":[{"floor":3,"key":"Dexterity Potion"},{"floor":3,"key":"FairyPotion"},{"floor":3,"key":"AttackPotion"},{"floor":4,"key":"EssenceOfSteel"},{"floor":5,"key":"Strength Potion"},{"floor":12,"key":"Energy Potion"},{"floor":16,"key":"Regen Potion"},{"floor":21,"key":"Ancient Potion"},{"floor":30,"key":"Strength Potion"},{"floor":31,"key":"EssenceOfSteel"}],"is_trial":false,"path_per_floor":["M","$","?","M","M","R","T","E","T","M","R","M","R","?","R","B",null,"M","M","?","M","$","R","E","R","T","E","R","M","M","E","R","B"],"character_chosen":"IRONCLAD","items_purchased":[],"campfire_rested":1,"item_purchase_floors":[],"current_hp_per_floor":[80,80,80,80,80,80,80,70,70,71,71,65,65,65,65,71,78,63,69,69,63,63,63,47,71,71,75,75,80,67,73,73,0],"gold":491,"neow_bonus":"ONE_RARE_RELIC","is_prod":false,"is_daily":false,"chose_seed":false,"campfire_upgraded":3,"win_rate":0,"timestamp":1543022563,"path_taken":["M","?","?","?","M","R","?","E","T","M","R","M","R","?","R","BOSS","M","M","?","M","$","R","E","R","T","E","R","M","M","E","R","BOSS"],"build_version":"2018-11-15","purchased_purges":0,"victory":false,"max_hp_per_floor":[80,80,80,80,80,80,80,80,80,80,80,80,80,80,80,80,80,80,80,80,80,80,80,80,80,80,80,80,80,80,80,80,80],"card_choices":[{"not_picked":["Sword Boomerang","Heavy Blade"],"picked":"Pummel","floor":1},{"not_picked":["Body Slam","Heavy Blade"],"picked":"True Grit","floor":4},{"not_picked":["Rampage","Clothesline","Havoc"],"picked":"SKIP","floor":5},{"not_picked":["Battle Trance","Reaper"],"picked":"Sword Boomerang","floor":8},{"not_picked":["Sentinel","Headbutt","Sever Soul"],"picked":"SKIP","floor":10},{"not_picked":["Pommel Strike","Combust","Corruption"],"picked":"SKIP","floor":12},{"not_picked":["Bludgeon","Offering"],"picked":"Double Tap","floor":16},{"not_picked":["Metallicize"],"picked":"SKIP","floor":18},{"not_picked":[],"picked":"Clash","floor":19},{"not_picked":["Sever Soul+1"],"picked":"SKIP","floor":21},{"not_picked":["Shockwave"],"picked":"SKIP","floor":24},{"not_picked":[],"picked":"Twin Strike+1","floor":25},{"not_picked":["Wild Strike"],"picked":"SKIP","floor":27},{"not_picked":[],"picked":"Shrug It Off","floor":29},{"not_picked":["Body Slam"],"picked":"SKIP","floor":30},{"not_picked":["Flex"],"picked":"SKIP","floor":31}],"player_experience":365679,"relics_obtained":[{"floor":7,"key":"Girya"},{"floor":8,"key":"Orichalcum"},{"floor":9,"key":"Boot"},{"floor":24,"key":"PreservedInsect"},{"floor":26,"key":"Happy Flower"},{"floor":27,"key":"Bag of Preparation"},{"floor":31,"key":"War Paint"}],"event_choices":[{"damage_healed":0,"gold_gain":0,"player_choice":"Got Potions","damage_taken":0,"max_hp_gain":0,"max_hp_loss":0,"event_name":"Lab","floor":3,"gold_loss":0},{"damage_healed":0,"gold_gain":0,"player_choice":"Gave Potion","damage_taken":0,"relics_obtained":["Dream Catcher"],"max_hp_gain":0,"max_hp_loss":0,"event_name":"WeMeetAgain","floor":14,"gold_loss":0},{"damage_healed":0,"gold_gain":0,"player_choice":"Obtained Relic","damage_taken":0,"relics_obtained":["MawBank"],"max_hp_gain":0,"max_hp_loss":0,"event_name":"Addict","floor":20,"gold_loss":85}],"is_beta":false,"boss_relics":[{"not_picked":["Fusion Hammer","Runic Cube"],"picked":"Busted Crown"}],"items_purged_floors":[],"is_endless":false,"potions_floor_spawned":[4,5,12,16,21,30,31],"killed_by":"Automaton","ascension_level":5}