{"gold_per_floor":[118,118,141,141,159,159,185,195,276,276,291,326,61,61,61,157,157,176,186,196,207,227,253,253,273,273,273,28,56,76,93,93,93],"floor_reached":33,"playtime":1358,"items_purged":[],"score":348,"play_id":"dceee31b-cdf1-4b5e-b70d-dd3dabe117f8","local_time":"20190331114037","is_ascension_mode":false,"campfire_choices":[{"data":"Bludgeon","floor":6,"key":"SMITH"},{"data":"Whirlwind","floor":10,"key":"SMITH"},{"data":"Intimidate","floor":15,"key":"SMITH"},{"floor":24,"key":"REST"},{"floor":27,"key":"RECALL"},{"data":"Barricade","floor":32,"key":"SMITH"}],"neow_cost":"PERCENT_DAMAGE","seed_source_timestamp":609761412200792,"circlet_count":0,"master_deck":["Strike_R+1","Strike_R","Strike_R+1","Strike_R","Strike_R","Defend_R","Defend_R","Defend_R","Defend_R","Bash+1","Bludgeon+1","Whirlwind+1","Intimidate+1","Barricade+1","Clothesline+1","Shrug It Off","Shockwave","Dropkick","Inflame","Shrug It Off+1"],"relics":["Burning Blood","Pen Nib","Oddly Smooth Stone","Spirit Poop","Paper Frog","Mercury Hourglass","StoneCalendar","Tiny Chest","PreservedInsect","Black Star","Regal Pillow","Whetstone","Kunai","Ancient Tea Set","Shuriken"],"potions_floor_usage":[7,12,12,16,29],"damage_taken":[{"damage":0,"enemies":"Small Slimes","floor":1,"turns":2},{"damage":5,"enemies":"Jaw Worm","floor":5,"turns":4},{"damage":14,"enemies":"Gremlin Nob","floor":7,"turns":3},{"damage":1,"enemies":"2 Louse","floor":8,"turns":2},{"damage":0,"enemies":"Gremlin Gang","floor":11,"turns":1},{"damage":0,"enemies":"Lagavulin","floor":12,"turns":2},{"damage":21,"enemies":"The Guardian","floor":16,"turns":7},{"damage":17,"enemies":"Shell Parasite","floor":18,"turns":3},{"damage":4,"enemies":"Spheric Guardian","floor":19,"turns":3},{"damage":7,"enemies":"Snake Plant","floor":20,"turns":4},{"damage":8,"enemies":"3 Cultists","floor":21,"turns":3},{"damage":16,"enemies":"Snecko","floor":22,"turns":4},{"damage":28,"enemies":"Slavers","floor":23,"turns":3},{"damage":0,"enemies":"Snake Plant","floor":25,"turns":2},{"damage":0,"enemies":"Gremlin Leader","floor":29,"turns":3},{"damage":15,"enemies":"3 Cultists","floor":30,"turns":5},{"damage":20,"enemies":"Shelled Parasite and Fungi","floor":31,"turns":7},{"damage":79,"enemies":"Champ","floor":33,"turns":12}],"seed_played":"-3865034972677297197","potions_obtained":[{"floor":5,"key":"PowerPotion"},{"floor":7,"key":"Explosive Potion"},{"floor":8,"key":"Poison Potion"},{"floor":12,"key":"Dexterity Potion"},{"floor":22,"key":"FairyPotion"},{"floor":23,"key":"PowerPotion"}],"is_trial":false,"path_per_floor":["M","?","T","?","M","R","E","M","T","R","M","E","$","?","R","B",null,"M","M","M","M","M","E","R","M","T","R","$","E","M","M","R","B"],"character_chosen":"IRONCLAD","items_purchased":["Tiny Chest","PreservedInsect","Kunai"],"campfire_rested":1,"item_purchase_floors":[13,13,28],"current_hp_per_floor":[62,62,62,62,63,63,55,60,60,60,66,72,72,72,72,57,80,69,71,70,68,58,36,75,80,80,80,80,80,71,57,57,0],"gold":93,"neow_bonus":"THREE_RARE_CARDS","is_prod":false,"is_daily":false,"chose_seed":false,"campfire_upgraded":4,"win_rate":0,"timestamp":1554043237,"path_taken":["M","?","?","?","M","R","E","M","T","R","?","E","?","?","R","BOSS","M","M","M","?","M","E","R","M","T","R","$","E","M","M","R","BOSS"],"build_version":"2019-01-23","purchased_purges":0,"victory":false,"max_hp_per_floor":[80,80,80,80,80,80,80,80,80,80,80,80,80,80,80,80,80,80,80,80,80,80,80,80,80,80,80,80,80,80,80,80,80],"card_choices":[{"not_picked":["Impervious","Dark Embrace"],"picked":"Bludgeon","floor":0},{"not_picked":["Havoc","True Grit"],"picked":"Whirlwind","floor":1},{"not_picked":["Searing Blow","Clash","Perfected Strike"],"picked":"SKIP","floor":5},{"not_picked":["Spot Weakness","Bludgeon","Immolate"],"picked":"SKIP","floor":7},{"not_picked":["Pommel Strike","Sword Boomerang","Wild Strike"],"picked":"SKIP","floor":8},{"not_picked":["Entrench","True Grit","Searing Blow"],"picked":"SKIP","floor":11},{"not_picked":["Perfected Strike","Bloodletting"],"picked":"Intimidate","floor":12},{"not_picked":["Offering","Double Tap"],"picked":"Barricade","floor":16},{"not_picked":["Ghostly Armor","Pommel Strike"],"picked":"Clothesline+1","floor":18},{"not_picked":["Wild Strike","Pummel+1","Twin Strike+1"],"picked":"SKIP","floor":19},{"not_picked":["Warcry","Heavy Blade"],"picked":"Shrug It Off","floor":20},{"not_picked":["Combust","Dual Wield"],"picked":"Shockwave","floor":21},{"not_picked":["Spot Weakness+1","Armaments"],"picked":"Dropkick","floor":22},{"not_picked":["Perfected Strike+1","Fiend Fire"],"picked":"Inflame","floor":23},{"not_picked":["Reckless Charge","Burning Pact+1","Hemokinesis"],"picked":"SKIP","floor":25},{"not_picked":["Sword Boomerang","Infernal Blade"],"picked":"Shrug It Off+1","floor":29},{"not_picked":["Thunderclap+1","Clash","Heavy Blade"],"picked":"SKIP","floor":30},{"not_picked":["Whirlwind+1","Dropkick","Feel No Pain"],"picked":"SKIP","floor":31}],"player_experience":560078,"relics_obtained":[{"floor":3,"key":"Oddly Smooth Stone"},{"floor":7,"key":"Paper Frog"},{"floor":9,"key":"Mercury Hourglass"},{"floor":12,"key":"StoneCalendar"},{"floor":23,"key":"Regal Pillow"},{"floor":23,"key":"Whetstone"},{"floor":29,"key":"Ancient Tea Set"},{"floor":29,"key":"Shuriken"}],"event_choices":[{"damage_healed":0,"gold_gain":0,"player_choice":"Box","damage_taken":0,"relics_obtained":["Pen Nib"],"max_hp_gain":0,"max_hp_loss":0,"event_name":"Big Fish","floor":2,"gold_loss":0,"cards_obtained":["Regret"]},{"cards_removed":["Regret"],"damage_healed":0,"gold_gain":0,"player_choice":"Offered Curse","damage_taken":0,"relics_obtained":["Spirit Poop"],"max_hp_gain":0,"max_hp_loss":0,"event_name":"Bonfire Elementals","floor":4,"gold_loss":0},{"damage_healed":0,"gold_gain":0,"player_choice":"Forge","damage_taken":0,"max_hp_gain":0,"max_hp_loss":0,"event_name":"Accursed Blacksmith","floor":14,"gold_loss":0,"cards_upgraded":["Bash"]}],"is_beta":false,"boss_relics":[{"not_picked":["Snecko Eye","Fusion Hammer"],"picked":"Black Star"}],"items_purged_floors":[],"is_endless":false,"potions_floor_spawned":[5,7,8,12,22,23],"killed_by":"Champ","ascension_level":0}