{"gold_per_floor":[113,78,98,114,129,160,160,177,177,194,223,240,265,265,265,365,365,379,289,304,316,316,343,343,359,413,413,425,453,453,487,487,592,592,606,619,539,639,658,686,686,713,725,768,296,308,308,323,323,323,323,323,5,36,36],"floor_reached":55,"playtime":4555,"items_purged":["Strike_R","Defend_R","Bite"],"score":943,"play_id":"5a6541a3-ed5d-4740-8c7d-0aef2f8ba6ea","local_time":"20190615121326","is_ascension_mode":true,"campfire_choices":[{"data":"Bash","floor":7,"key":"SMITH"},{"data":"Armaments","floor":15,"key":"SMITH"},{"data":"Corruption","floor":24,"key":"SMITH"},{"data":"Whirlwind","floor":27,"key":"SMITH"},{"data":"Spot Weakness","floor":32,"key":"SMITH"},{"floor":47,"key":"REST"},{"floor":49,"key":"RECALL"},{"data":"Demon Form","floor":52,"key":"SMITH"}],"neow_cost":"NONE","seed_source_timestamp":1805714413616036,"circlet_count":0,"master_deck":["Defend_R","Defend_R","Defend_R","Bash+1","Battle Trance","Whirlwind+1","Shrug It Off","Pommel Strike","Battle Trance","Impervious","Armaments+1","Clothesline","Spot Weakness+1","Feed+1","Seeing Red","Corruption+1","Iron Wave+1","Seeing Red","Limit Break","Headbutt","Seeing Red","Bite+1","Bite","Bite","Bite","Impervious","Shrug It Off+1","Shrug It Off","Shrug It Off+1","Demon Form+1","Clothesline+1","Shrug It Off","Shrug It Off","Sword Boomerang+1","Impervious"],"relics":["Burning Blood","Ancient Tea Set","Pantograph","Charon\u0027s Ashes","The Courier","Sozu","Ginger","Happy Flower","Self Forming Clay","Bronze Scales","Black Star","Pocketwatch","Bag of Marbles","Mummified Hand","MawBank","Bag of Preparation","Orichalcum","Paper Frog","Strawberry","Letter Opener","Lantern","Mercury Hourglass","Pear","Whetstone"],"potions_floor_usage":[6,6,16,40],"damage_taken":[{"damage":1,"enemies":"Cultist","floor":1,"turns":4},{"damage":8,"enemies":"Jaw Worm","floor":3,"turns":5},{"damage":0,"enemies":"2 Louse","floor":4,"turns":1},{"damage":0,"enemies":"Exordium Wildlife","floor":5,"turns":3},{"damage":11,"enemies":"Gremlin Nob","floor":6,"turns":3},{"damage":0,"enemies":"Blue Slaver","floor":8,"turns":2},{"damage":10,"enemies":"2 Fungi Beasts","floor":10,"turns":3},{"damage":19,"enemies":"3 Sentries","floor":11,"turns":8},{"damage":16,"enemies":"Gremlin Gang","floor":12,"turns":2},{"damage":18,"enemies":"Gremlin Nob","floor":13,"turns":4},{"damage":18,"enemies":"Slime Boss","floor":16,"turns":9},{"damage":4,"enemies":"Chosen","floor":18,"turns":4},{"damage":1,"enemies":"3 Byrds","floor":20,"turns":4},{"damage":7,"enemies":"3 Cultists","floor":21,"turns":5},{"damage":10,"enemies":"Book of Stabbing","floor":23,"turns":5},{"damage":11,"enemies":"Shelled Parasite and Fungi","floor":25,"turns":4},{"damage":0,"enemies":"Centurion and Healer","floor":28,"turns":3},{"damage":10,"enemies":"Gremlin Leader","floor":29,"turns":5},{"damage":10,"enemies":"Slavers","floor":31,"turns":2},{"damage":42,"enemies":"Champ","floor":33,"turns":9},{"damage":25,"enemies":"3 Darklings","floor":35,"turns":5},{"damage":13,"enemies":"3 Shapes","floor":36,"turns":5},{"damage":0,"enemies":"Mind Bloom Boss Battle","floor":38,"turns":6},{"damage":0,"enemies":"Transient","floor":39,"turns":5},{"damage":51,"enemies":"Nemesis","floor":40,"turns":7},{"damage":37,"enemies":"Giant Head","floor":42,"turns":8},{"damage":43,"enemies":"Nemesis","floor":44,"turns":5},{"damage":8,"enemies":"Spire Growth","floor":46,"turns":4},{"damage":0,"enemies":"3 Darklings","floor":48,"turns":2},{"damage":19,"enemies":"Donu and Deca","floor":50,"turns":6},{"damage":10,"enemies":"Shield and Spear","floor":54,"turns":4},{"damage":100,"enemies":"The Heart","floor":55,"turns":9}],"seed_played":"2152773599240185082","potions_obtained":[{"floor":0,"key":"SneckoOil"},{"floor":0,"key":"Fire Potion"},{"floor":0,"key":"Swift Potion"},{"floor":1,"key":"Energy Potion"},{"floor":5,"key":"SteroidPotion"},{"floor":8,"key":"Block Potion"}],"is_trial":false,"path_per_floor":["M","$","M","M","M","E","R","M","T","M","E","M","E","?","R","B",null,"M","$","M","M","?","E","R","M","T","R","M","E","?","E","R","B",null,"M","M","$","?","M","E","?","E","T","E","$","M","R","M","R","B",null,"R","$","E","B"],"character_chosen":"IRONCLAD","items_purchased":["Whirlwind","Corruption","Strawberry","Letter Opener","Shrug It Off","Shrug It Off","Lantern","Mercury Hourglass"],"campfire_rested":1,"item_purchase_floors":[2,19,45,45,45,45,53,53],"current_hp_per_floor":[80,80,78,80,80,75,75,80,80,76,63,53,41,41,41,54,80,80,80,83,85,85,81,81,79,79,79,85,84,64,62,62,44,67,50,54,54,70,70,39,39,40,40,14,21,28,52,58,58,73,80,80,80,89,0],"gold":36,"neow_bonus":"THREE_SMALL_POTIONS","is_prod":false,"is_daily":false,"chose_seed":false,"campfire_upgraded":6,"win_rate":0,"timestamp":1560615206,"path_taken":["M","$","M","M","M","E","R","M","T","M","E","M","E","?","R","BOSS","M","$","M","M","?","E","R","M","T","R","M","E","?","E","R","BOSS","M","M","$","?","M","E","?","E","T","E","$","M","R","M","R","BOSS","R","$","E","BOSS"],"build_version":"2019-01-23","purchased_purges":3,"victory":false,"max_hp_per_floor":[80,80,80,80,80,80,80,80,80,80,80,80,80,80,80,80,80,80,80,83,86,86,86,86,89,89,89,89,92,64,64,64,67,67,67,67,67,70,70,70,70,70,70,70,77,80,80,80,80,80,80,80,80,90,90],"card_choices":[{"not_picked":["Sword Boomerang","Rupture"],"picked":"Battle Trance","floor":1},{"not_picked":["Perfected Strike","True Grit"],"picked":"Shrug It Off","floor":3},{"not_picked":["Sword Boomerang","Pummel"],"picked":"Pommel Strike","floor":4},{"not_picked":["Burning Pact","Shockwave"],"picked":"Battle Trance","floor":5},{"not_picked":["Blood for Blood","Heavy Blade","Rage"],"picked":"SKIP","floor":6},{"not_picked":["Perfected Strike","Thunderclap"],"picked":"Impervious","floor":8},{"not_picked":["True Grit","Heavy Blade","Flex"],"picked":"SKIP","floor":10},{"not_picked":["Pommel Strike","True Grit"],"picked":"Armaments","floor":11},{"not_picked":["Clash","True Grit"],"picked":"Clothesline","floor":12},{"not_picked":["Pommel Strike","Wild Strike"],"picked":"Spot Weakness","floor":13},{"not_picked":["Double Tap","Demon Form"],"picked":"Feed","floor":16},{"not_picked":["Headbutt+1","Searing Blow"],"picked":"Seeing Red","floor":18},{"not_picked":["Dual Wield","Whirlwind","Clash"],"picked":"SKIP","floor":20},{"not_picked":["Disarm","Thunderclap"],"picked":"Iron Wave+1","floor":21},{"not_picked":["Pommel Strike","Cleave+1","Perfected Strike+1"],"picked":"SKIP","floor":23},{"not_picked":["Shrug It Off","Whirlwind"],"picked":"Limit Break","floor":25},{"not_picked":["Clothesline","Twin Strike"],"picked":"Headbutt","floor":28},{"not_picked":["Clothesline","Uppercut+1"],"picked":"Seeing Red","floor":29},{"not_picked":["Twin Strike","Sever Soul+1","Double Tap"],"picked":"SKIP","floor":31},{"not_picked":["Bludgeon","Barricade"],"picked":"Impervious","floor":33},{"not_picked":["Armaments+1","Thunderclap","Heavy Blade"],"picked":"SKIP","floor":35},{"not_picked":["Disarm","Inflame+1"],"picked":"Shrug It Off+1","floor":36},{"not_picked":["Headbutt+1","True Grit"],"picked":"Shrug It Off","floor":38},{"not_picked":["Body Slam+1","Shockwave+1","Armaments"],"picked":"SKIP","floor":39},{"not_picked":["Sword Boomerang","Infernal Blade"],"picked":"Shrug It Off+1","floor":40},{"not_picked":["Barricade","Flex+1"],"picked":"Demon Form","floor":42},{"not_picked":["Heavy Blade","Corruption"],"picked":"Clothesline+1","floor":44},{"not_picked":["Armaments+1","Iron Wave","Headbutt+1"],"picked":"SKIP","floor":46},{"not_picked":["Reckless Charge+1","Pommel Strike"],"picked":"Sword Boomerang+1","floor":48},{"not_picked":["Shockwave+1","Infernal Blade+1"],"picked":"Impervious","floor":54}],"player_experience":48633,"relics_obtained":[{"floor":6,"key":"Ancient Tea Set"},{"floor":9,"key":"Pantograph"},{"floor":11,"key":"Charon\u0027s Ashes"},{"floor":13,"key":"The Courier"},{"floor":23,"key":"Ginger"},{"floor":26,"key":"Happy Flower"},{"floor":29,"key":"Self Forming Clay"},{"floor":31,"key":"Bronze Scales"},{"floor":38,"key":"Pocketwatch"},{"floor":40,"key":"Bag of Marbles"},{"floor":40,"key":"Mummified Hand"},{"floor":42,"key":"MawBank"},{"floor":42,"key":"Bag of Preparation"},{"floor":44,"key":"Orichalcum"},{"floor":44,"key":"Paper Frog"},{"floor":54,"key":"Pear"},{"floor":54,"key":"Whetstone"}],"event_choices":[{"damage_healed":0,"gold_gain":0,"player_choice":"Ignored","damage_taken":0,"max_hp_gain":0,"max_hp_loss":0,"event_name":"Liars Game","floor":14,"gold_loss":0},{"damage_healed":0,"gold_gain":0,"player_choice":"Read","damage_taken":0,"max_hp_gain":0,"max_hp_loss":0,"event_name":"The Library","floor":22,"gold_loss":0,"cards_obtained":["Seeing Red"]},{"damage_healed":0,"gold_gain":0,"player_choice":"Became a vampire","damage_taken":0,"max_hp_gain":0,"max_hp_loss":28,"event_name":"Vampires","floor":30,"gold_loss":0,"cards_obtained":["Bite","Bite","Bite","Bite","Bite"]},{"damage_healed":0,"gold_gain":0,"player_choice":"Fight","damage_taken":0,"max_hp_gain":0,"max_hp_loss":0,"event_name":"MindBloom","floor":38,"gold_loss":0},{"damage_healed":0,"gold_gain":0,"player_choice":"Ignored","damage_taken":0,"max_hp_gain":0,"max_hp_loss":0,"event_name":"Tomb of Lord Red Mask","floor":41,"gold_loss":0}],"is_beta":false,"boss_relics":[{"not_picked":["Fusion Hammer","Snecko Eye"],"picked":"Sozu"},{"not_picked":["Tiny House","Cursed Key"],"picked":"Black Star"}],"items_purged_floors":[19,37,45],"is_endless":false,"potions_floor_spawned":[1,3,5,8,23,25,28,29,35,38,46,48],"killed_by":"The Heart","ascension_level":2}