{"gold_per_floor":[116,116,132,51,71,71,104,104,104,119,144,144,171,191,191,191],"floor_reached":16,"playtime":670,"items_purged":[],"score":240,"play_id":"cec0801e-5632-4a77-a8e0-6be428fbe2d5","local_time":"20190208154023","is_ascension_mode":true,"campfire_choices":[{"data":"Zap","floor":6,"key":"SMITH"},{"floor":12,"key":"REST"},{"data":"Sweeping Beam","floor":15,"key":"SMITH"}],"neow_cost":"NONE","seed_source_timestamp":11329575594327,"circlet_count":0,"master_deck":["AscendersBane","Strike_B","Strike_B","Strike_B","Defend_B","Defend_B","Defend_B","Defend_B","Zap+1","Dualcast","Gash","Sweeping Beam+1","FTL","Coolheaded","Core Surge","Cold Snap"],"relics":["Cracked Core","Ancient Tea Set","Shuriken","Singing Bowl","Omamori","Sundial"],"potions_floor_usage":[10,11,14,16],"damage_taken":[{"damage":4,"enemies":"Jaw Worm","floor":1,"turns":4},{"damage":3,"enemies":"2 Louse","floor":3,"turns":2},{"damage":2,"enemies":"Small Slimes","floor":5,"turns":3},{"damage":34,"enemies":"Lagavulin","floor":7,"turns":7},{"damage":2,"enemies":"Exordium Wildlife","floor":10,"turns":5},{"damage":8,"enemies":"3 Sentries","floor":11,"turns":4},{"damage":30,"enemies":"Gremlin Nob","floor":13,"turns":4},{"damage":0,"enemies":"Gremlin Gang","floor":14,"turns":2},{"damage":19,"enemies":"Hexaghost","floor":16,"turns":9}],"seed_played":"-8715896627026368583","potions_obtained":[{"floor":7,"key":"Regen Potion"},{"floor":10,"key":"SkillPotion"},{"floor":13,"key":"AttackPotion"},{"floor":14,"key":"Block Potion"}],"is_trial":false,"path_per_floor":["M","?","M","$","M","R","E","?","T","M","E","R","E","M","R","B"],"character_chosen":"DEFECT","items_purchased":["FTL"],"campfire_rested":1,"item_purchase_floors":[4],"current_hp_per_floor":[60,60,57,57,55,55,21,21,21,33,25,46,18,18,18,0],"gold":191,"neow_bonus":"RANDOM_COMMON_RELIC","is_prod":false,"is_daily":false,"chose_seed":false,"campfire_upgraded":2,"win_rate":0,"timestamp":1549636823,"path_taken":["M","?","M","$","M","R","E","?","T","M","E","R","E","M","R","BOSS"],"build_version":"2019-01-23","purchased_purges":0,"victory":false,"max_hp_per_floor":[71,71,71,71,71,71,71,71,71,71,71,71,73,73,73,73],"card_choices":[{"not_picked":["Hologram","Steam"],"picked":"Gash","floor":1},{"not_picked":["Barrage","Leap"],"picked":"Sweeping Beam","floor":3},{"not_picked":["Reprogram","Double Energy","Barrage"],"picked":"SKIP","floor":5},{"not_picked":["Tempest","Stack","Streamline"],"picked":"SKIP","floor":7},{"not_picked":["Redo","Turbo"],"picked":"Coolheaded","floor":10},{"not_picked":["Cold Snap","Leap"],"picked":"Core Surge","floor":11},{"not_picked":["Chaos","Conserve Battery","Self Repair"],"picked":"Singing Bowl","floor":13},{"not_picked":["BootSequence","Sweeping Beam"],"picked":"Cold Snap","floor":14}],"player_experience":939398,"relics_obtained":[{"floor":7,"key":"Shuriken"},{"floor":9,"key":"Singing Bowl"},{"floor":11,"key":"Omamori"},{"floor":13,"key":"Sundial"}],"event_choices":[{"cards_removed":["Strike_B"],"damage_healed":0,"gold_gain":0,"player_choice":"Forget","damage_taken":0,"max_hp_gain":0,"max_hp_loss":0,"event_name":"Living Wall","floor":2,"gold_loss":0},{"damage_healed":0,"gold_gain":0,"player_choice":"Ignored","damage_taken":0,"max_hp_gain":0,"max_hp_loss":0,"event_name":"Shining Light","floor":8,"gold_loss":0}],"is_beta":false,"boss_relics":[],"items_purged_floors":[],"is_endless":false,"potions_floor_spawned":[7,10,13,14],"killed_by":"Hexaghost","ascension_level":20}