{"gold_per_floor":[117,134,59,71,71,71,105,105,158,158,187,202,202],"floor_reached":13,"playtime":497,"items_purged":[],"score":186,"play_id":"e79e5405-e2c4-4e0f-97cf-8e9575b29256","local_time":"20181215234555","is_ascension_mode":true,"campfire_choices":[{"data":"Beam Cell","floor":6,"key":"SMITH"},{"data":"Sweeping Beam","floor":8,"key":"SMITH"},{"floor":10,"key":"REST"}],"neow_cost":"NONE","seed_source_timestamp":45656825392175,"circlet_count":0,"master_deck":["AscendersBane","Strike_B","Strike_B","Strike_B","Defend_B","Defend_B","Defend_B","Defend_B","Zap+1","Dualcast","Sweeping Beam+1","Genetic Algorithm","Beam Cell+1","Ball Lightning","Glacier","Sweeping Beam"],"relics":["Cracked Core","Anchor","Centennial Puzzle","Blood Vial"],"potions_floor_usage":[7,11],"damage_taken":[{"damage":0,"enemies":"Cultist","floor":1,"turns":3},{"damage":7,"enemies":"Jaw Worm","floor":2,"turns":2},{"damage":0,"enemies":"2 Louse","floor":4,"turns":1},{"damage":34,"enemies":"3 Sentries","floor":7,"turns":6},{"damage":22,"enemies":"Lagavulin","floor":11,"turns":3},{"damage":0,"enemies":"2 Fungi Beasts","floor":12,"turns":2},{"damage":41,"enemies":"Gremlin Nob","floor":13,"turns":3}],"seed_played":"-2919696886580084134","potions_obtained":[{"floor":2,"key":"Explosive Potion"},{"floor":7,"key":"PowerPotion"}],"is_trial":false,"path_per_floor":["M","M","?","M","?","R","E","R","T","R","E","M","E"],"character_chosen":"DEFECT","items_purchased":[],"campfire_rested":1,"item_purchase_floors":[],"current_hp_per_floor":[64,57,57,57,57,57,23,23,23,44,22,24,0],"gold":202,"neow_bonus":"UPGRADE_CARD","is_prod":false,"is_daily":false,"chose_seed":false,"campfire_upgraded":2,"win_rate":0,"timestamp":1544913955,"path_taken":["M","M","?","M","?","R","E","R","T","R","E","M","E"],"build_version":"2018-12-13","purchased_purges":0,"victory":false,"max_hp_per_floor":[71,71,71,71,71,71,71,71,71,71,71,71,71],"card_choices":[{"not_picked":["Hologram","Aggregate"],"picked":"Sweeping Beam","floor":1},{"not_picked":["Sweeping Beam","Lockon"],"picked":"Genetic Algorithm","floor":2},{"not_picked":["Hologram","Barrage"],"picked":"Beam Cell","floor":4},{"not_picked":["Chaos","Redo"],"picked":"Ball Lightning","floor":7},{"not_picked":["Machine Learning","Leap"],"picked":"Glacier","floor":11},{"not_picked":["Redo","Undo"],"picked":"Sweeping Beam","floor":12}],"player_experience":647839,"relics_obtained":[{"floor":7,"key":"Anchor"},{"floor":9,"key":"Centennial Puzzle"},{"floor":11,"key":"Blood Vial"}],"event_choices":[{"cards_removed":["Strike_B"],"damage_healed":0,"gold_gain":0,"player_choice":"Card Removal","damage_taken":0,"max_hp_gain":0,"max_hp_loss":0,"event_name":"The Cleric","floor":3,"gold_loss":75},{"damage_healed":0,"gold_gain":0,"player_choice":"Ignored","damage_taken":0,"max_hp_gain":0,"max_hp_loss":0,"event_name":"Liars Game","floor":5,"gold_loss":0}],"is_beta":false,"boss_relics":[],"items_purged_floors":[],"is_endless":false,"potions_floor_spawned":[2,7],"killed_by":"Gremlin Nob","ascension_level":20}