{"gold_per_floor":[113,113,113,14,27,27,70,70,95,126,138,163,175,218,230,370,382,415,442,454,466,282,282,301,301,301,332,352,267,292,305,305,305],"floor_reached":33,"playtime":1495,"items_purged":["Injury","Writhe"],"score":354,"play_id":"6c80aa84-bbe3-4088-89e9-ff5ccc6814cd","local_time":"20190220140509","is_ascension_mode":true,"campfire_choices":[{"data":"Flame Barrier","floor":6,"key":"SMITH"},{"floor":8,"key":"REST"},{"data":"Shockwave","floor":13,"key":"SMITH"},{"floor":15,"key":"REST"},{"floor":23,"key":"REST"},{"floor":25,"key":"REST"},{"floor":32,"key":"REST"}],"neow_cost":"NONE","seed_source_timestamp":347201420252469,"circlet_count":0,"master_deck":["Strike_R","Strike_R","Strike_R","Strike_R+1","Strike_R+1","Defend_R","Defend_R","Defend_R","Defend_R","Bash","Flex","Clash","Flame Barrier+1","Body Slam+1","Shockwave+1","Dual Wield","Demon Form","Body Slam+1","Clash","Rampage+1"],"relics":["Burning Blood","Art of War","Golden Idol","Unceasing Top","Smiling Mask","MawBank","Vajra","Runic Cube","Torii","MutagenicStrength","Anchor","Happy Flower","Ice Cream","Blood Vial"],"potions_floor_usage":[7,14,14,16,27,28],"damage_taken":[{"damage":7,"enemies":"Jaw Worm","floor":1,"turns":4},{"damage":0,"enemies":"2 Louse","floor":5,"turns":2},{"damage":40,"enemies":"3 Sentries","floor":7,"turns":14},{"damage":28,"enemies":"Gremlin Nob","floor":10,"turns":4},{"damage":0,"enemies":"Small Slimes","floor":12,"turns":2},{"damage":16,"enemies":"3 Sentries","floor":14,"turns":8},{"damage":33,"enemies":"The Guardian","floor":16,"turns":14},{"damage":32,"enemies":"Spheric Guardian","floor":18,"turns":5},{"damage":12,"enemies":"Chosen","floor":19,"turns":3},{"damage":34,"enemies":"Snake Plant","floor":24,"turns":4},{"damage":13,"enemies":"Book of Stabbing","floor":27,"turns":6},{"damage":8,"enemies":"Chosen and Byrds","floor":28,"turns":5},{"damage":9,"enemies":"Shelled Parasite and Fungi","floor":30,"turns":4},{"damage":1,"enemies":"Snake Plant","floor":31,"turns":3},{"damage":96,"enemies":"Automaton","floor":33,"turns":10}],"seed_played":"5843769117659962194","potions_obtained":[{"floor":1,"key":"BloodPotion"},{"floor":10,"key":"EssenceOfSteel"},{"floor":12,"key":"Weak Potion"},{"floor":14,"key":"PowerPotion"},{"floor":19,"key":"Explosive Potion"},{"floor":24,"key":"SkillPotion"},{"floor":31,"key":"Ancient Potion"}],"is_trial":false,"path_per_floor":["M","?","?","$","M","R","E","R","T","E","?","M","R","E","R","B",null,"M","M","?","?","$","R","M","R","T","E","M","?","M","M","R","B"],"character_chosen":"IRONCLAD","items_purchased":["Clash","Anchor"],"campfire_rested":5,"item_purchase_floors":[4,22],"current_hp_per_floor":[79,79,63,63,69,69,43,67,67,45,45,51,51,41,65,38,70,44,38,38,38,38,62,34,58,58,51,49,49,48,55,79,0],"gold":305,"neow_bonus":"RANDOM_COMMON_RELIC","is_prod":false,"is_daily":false,"chose_seed":false,"campfire_upgraded":2,"win_rate":0,"timestamp":1550685909,"path_taken":["M","?","?","$","M","R","E","R","T","E","?","?","R","E","R","BOSS","M","M","?","?","$","R","M","R","T","E","M","?","M","M","R","BOSS"],"build_version":"2019-01-23","purchased_purges":2,"victory":false,"max_hp_per_floor":[80,80,80,80,80,80,80,80,80,80,80,80,80,80,80,80,80,80,80,80,80,80,80,80,80,80,80,80,80,80,80,80,80],"card_choices":[{"not_picked":["Bloodletting","Flex","Reckless Charge"],"picked":"SKIP","floor":1},{"not_picked":["Bloodletting","Reckless Charge"],"picked":"Flex","floor":1},{"not_picked":["Hemokinesis","Battle Trance"],"picked":"Flame Barrier","floor":5},{"not_picked":["Pummel","Fire Breathing","Shrug It Off"],"picked":"SKIP","floor":7},{"not_picked":["Feel No Pain","Evolve"],"picked":"Body Slam","floor":10},{"not_picked":["Shrug It Off","Warcry"],"picked":"Shockwave","floor":12},{"not_picked":["Pummel","Flex"],"picked":"Dual Wield","floor":14},{"not_picked":["Feed","Brutality"],"picked":"Demon Form","floor":16},{"not_picked":["Metallicize+1","Sword Boomerang"],"picked":"Body Slam+1","floor":18},{"not_picked":["Warcry","Fire Breathing","Sever Soul"],"picked":"SKIP","floor":19},{"not_picked":["Pommel Strike","Entrench"],"picked":"Clash","floor":24},{"not_picked":["Headbutt","Fiend Fire","Pommel Strike"],"picked":"SKIP","floor":27},{"not_picked":["Power Through","Thunderclap","Clothesline"],"picked":"SKIP","floor":28},{"not_picked":["Combust+1","Shrug It Off","Carnage"],"picked":"SKIP","floor":30},{"not_picked":["Havoc","Shrug It Off"],"picked":"Rampage+1","floor":31}],"player_experience":447373,"relics_obtained":[{"floor":7,"key":"Unceasing Top"},{"floor":9,"key":"Smiling Mask"},{"floor":10,"key":"MawBank"},{"floor":14,"key":"Vajra"},{"floor":26,"key":"Happy Flower"},{"floor":27,"key":"Ice Cream"}],"event_choices":[{"damage_healed":0,"gold_gain":0,"player_choice":"Take Wound","damage_taken":0,"relics_obtained":["Golden Idol"],"max_hp_gain":0,"max_hp_loss":0,"event_name":"Golden Idol","floor":2,"gold_loss":0,"cards_obtained":["Injury"]},{"damage_healed":0,"gold_gain":0,"player_choice":"Entered Light","damage_taken":16,"max_hp_gain":0,"max_hp_loss":0,"event_name":"Shining Light","floor":3,"gold_loss":0,"cards_upgraded":["Strike_R","Strike_R"]},{"damage_healed":0,"gold_gain":0,"player_choice":"Grow","damage_taken":0,"max_hp_gain":0,"max_hp_loss":0,"event_name":"Living Wall","floor":11,"gold_loss":0,"cards_upgraded":["Body Slam"]},{"damage_healed":0,"gold_gain":0,"player_choice":"Opened","damage_taken":0,"relics_obtained":["Torii"],"max_hp_gain":0,"max_hp_loss":0,"event_name":"The Mausoleum","floor":20,"gold_loss":0,"cards_obtained":["Writhe"]},{"damage_healed":0,"gold_gain":0,"player_choice":"Inject Mutagens","damage_taken":0,"relics_obtained":["MutagenicStrength"],"max_hp_gain":0,"max_hp_loss":0,"event_name":"Drug Dealer","floor":21,"gold_loss":0},{"damage_healed":0,"gold_gain":0,"player_choice":"Obtained Relic","damage_taken":0,"relics_obtained":["Blood Vial"],"max_hp_gain":0,"max_hp_loss":0,"event_name":"Addict","floor":29,"gold_loss":85}],"is_beta":false,"boss_relics":[{"not_picked":["Black Star","White Beast Statue"],"picked":"Runic Cube"}],"items_purged_floors":[4,22],"is_endless":false,"potions_floor_spawned":[1,10,12,14,19,24,31],"killed_by":"Automaton","ascension_level":5}