{"gold_per_floor":[115,135,145,125,50,85,85,115,115,131,131,164,164,181,181,255,255,270,250,20,20,20,20,20],"floor_reached":24,"playtime":1511,"items_purged":["Strike_B"],"score":428,"play_id":"ef39dad9-086f-448c-98a4-134a04d28717","local_time":"20190203194224","is_ascension_mode":true,"campfire_choices":[{"data":"Zap","floor":7,"key":"SMITH"},{"floor":11,"key":"REST"},{"data":"Sweeping Beam","floor":15,"key":"SMITH"},{"floor":23,"key":"REST"}],"neow_cost":"TEN_PERCENT_HP_LOSS","seed_source_timestamp":24772453141609,"circlet_count":0,"master_deck":["AscendersBane","Strike_B","Defend_B","Defend_B","Defend_B","Defend_B","Zap+1","Dualcast","Sweeping Beam+1","Compile Driver","Sweeping Beam","Coolheaded","Leap","Coolheaded","Fission","Seek","Core Surge","Gash","Gash"],"relics":["Cracked Core","Calipers","Unceasing Top","StoneCalendar","Fusion Hammer","Runic Capacitor","Nilry\u0027s Codex"],"potions_floor_usage":[6,6,12,16,24],"damage_taken":[{"damage":0,"enemies":"Cultist","floor":1,"turns":3},{"damage":2,"enemies":"Jaw Worm","floor":2,"turns":3},{"damage":0,"enemies":"2 Louse","floor":3,"turns":2},{"damage":15,"enemies":"Gremlin Nob","floor":6,"turns":4},{"damage":16,"enemies":"3 Sentries","floor":8,"turns":7},{"damage":5,"enemies":"Gremlin Gang","floor":10,"turns":4},{"damage":17,"enemies":"Lagavulin","floor":12,"turns":7},{"damage":0,"enemies":"Lots of Slimes","floor":14,"turns":1},{"damage":26,"enemies":"Slime Boss","floor":16,"turns":7},{"damage":3,"enemies":"Spheric Guardian","floor":18,"turns":4},{"damage":11,"enemies":"2 Thieves","floor":19,"turns":4},{"damage":42,"enemies":"Centurion and Healer","floor":24,"turns":4}],"seed_played":"-9183582140781705033","potions_obtained":[{"floor":1,"key":"Fire Potion"},{"floor":4,"key":"Block Potion"},{"floor":8,"key":"Energy Potion"},{"floor":10,"key":"Weak Potion"},{"floor":14,"key":"Fire Potion"}],"is_trial":false,"path_per_floor":["M","M","M","?","$","E","R","E","T","M","R","E","T","M","R","B",null,"M","M","$","?","?","R","M"],"character_chosen":"DEFECT","items_purchased":["Runic Capacitor"],"campfire_rested":2,"item_purchase_floors":[20],"current_hp_per_floor":[64,62,62,62,62,47,47,31,31,26,45,28,28,28,28,2,49,46,35,35,14,14,33,0],"gold":20,"neow_bonus":"TRANSFORM_TWO_CARDS","is_prod":false,"is_daily":false,"chose_seed":false,"campfire_upgraded":2,"win_rate":0,"timestamp":1549219344,"path_taken":["M","M","?","?","$","E","R","E","T","?","R","E","?","M","R","BOSS","M","M","?","?","?","R","M"],"build_version":"2019-01-23","purchased_purges":1,"victory":false,"max_hp_per_floor":[64,64,64,64,64,64,64,64,64,64,64,64,64,64,64,64,64,64,64,64,64,64,64,64],"card_choices":[{"not_picked":["Aggregate","Stack"],"picked":"Sweeping Beam","floor":1},{"not_picked":["Beam Cell","Reinforced Body"],"picked":"Coolheaded","floor":2},{"not_picked":["Capacitor","BootSequence"],"picked":"Leap","floor":3},{"not_picked":["Skim","Stack"],"picked":"Coolheaded","floor":6},{"not_picked":["Chill","Barrage"],"picked":"Fission","floor":8},{"not_picked":["Go for the Eyes","Chaos","Sunder"],"picked":"SKIP","floor":10},{"not_picked":["Sweeping Beam","Reprogram","Double Energy"],"picked":"SKIP","floor":12},{"not_picked":["Streamline","Melter"],"picked":"Seek","floor":14},{"not_picked":["Machine Learning","Meteor Strike"],"picked":"Core Surge","floor":16},{"not_picked":["Turbo","Streamline"],"picked":"Gash","floor":18},{"not_picked":["Barrage+1","Coolheaded"],"picked":"Gash","floor":19}],"player_experience":871451,"relics_obtained":[{"floor":6,"key":"Calipers"},{"floor":8,"key":"Unceasing Top"},{"floor":9,"key":"StoneCalendar"},{"floor":21,"key":"Nilry\u0027s Codex"}],"event_choices":[{"damage_healed":0,"gold_gain":0,"player_choice":"Bought 1 Potion","damage_taken":0,"max_hp_gain":0,"max_hp_loss":0,"event_name":"The Woman in Blue","floor":4,"gold_loss":0},{"damage_healed":0,"gold_gain":0,"player_choice":"Obtained Book","damage_taken":21,"max_hp_gain":0,"max_hp_loss":0,"event_name":"Cursed Tome","floor":21,"gold_loss":0},{"damage_healed":0,"gold_gain":0,"player_choice":"0 cards matched","damage_taken":0,"max_hp_gain":0,"max_hp_loss":0,"event_name":"Match and Keep!","floor":22,"gold_loss":0,"cards_obtained":[]}],"is_beta":false,"boss_relics":[{"not_picked":["Tiny House","FrozenCore"],"picked":"Fusion Hammer"}],"items_purged_floors":[5],"is_endless":false,"potions_floor_spawned":[1,8,10,14],"killed_by":"Centurion and Healer","ascension_level":20}