{"gold_per_floor":[119,131,144,58,74,74,74,104,104,104,133,6,32,46,46,46],"floor_reached":16,"playtime":1019,"items_purged":["Strike_R"],"score":240,"play_id":"df2c6180-a758-4a5e-964d-fad4a76a140b","local_time":"20190128163218","is_ascension_mode":true,"campfire_choices":[{"data":"Clothesline","floor":7.0,"key":"SMITH"},{"floor":10.0,"key":"REST"},{"floor":15.0,"key":"REST"}],"neow_cost":"NONE","seed_source_timestamp":11079421094486,"circlet_count":0,"master_deck":["AscendersBane","Strike_R","Strike_R","Strike_R","Strike_R","Defend_R","Defend_R","Defend_R","Defend_R","Bash+1","Battle Trance","Clothesline+1","Feel No Pain","Juggernaut","Offering","Pommel Strike","Shrug It Off","Corruption"],"special_seed":0,"relics":["Burning Blood","Dodecahedron","Bottled Lightning","Meat on the Bone","Shuriken"],"potions_floor_usage":[16],"damage_taken":[{"damage":2.0,"enemies":"Cultist","floor":1.0,"turns":4.0},{"damage":7.0,"enemies":"Jaw Worm","floor":2.0,"turns":3.0},{"damage":5.0,"enemies":"Small Slimes","floor":3.0,"turns":3.0},{"damage":6.0,"enemies":"Looter","floor":5.0,"turns":4.0},{"damage":39.0,"enemies":"Lagavulin","floor":8.0,"turns":9.0},{"damage":29.0,"enemies":"3 Sentries","floor":11.0,"turns":8.0},{"damage":32.0,"enemies":"Lagavulin","floor":13.0,"turns":6.0},{"damage":23.0,"enemies":"Gremlin Gang","floor":14.0,"turns":5.0},{"damage":49,"enemies":"Slime Boss","floor":16,"turns":5}],"seed_played":"-8959558163199846385","potions_obtained":[{"floor":1.0,"key":"FearPotion"},{"floor":2.0,"key":"Swift Potion"},{"floor":13.0,"key":"SteroidPotion"}],"is_trial":false,"path_per_floor":["M","M","M","$","M","$","R","E","T","R","E","$","E","M","R","B"],"character_chosen":"IRONCLAD","items_purchased":["Feel No Pain","Shrug It Off"],"campfire_rested":2,"item_purchase_floors":[4,12],"current_hp_per_floor":[72,71,72,72,72,72,72,39,39,61,38,38,24,19,41,0],"gold":46,"neow_bonus":"UPGRADE_CARD","is_prod":false,"is_daily":false,"chose_seed":false,"campfire_upgraded":1,"win_rate":0,"timestamp":1548689538,"path_taken":["M","M","M","$","?","$","R","E","T","R","E","$","E","M","R","BOSS"],"build_version":"2019-01-23","purchased_purges":1,"victory":false,"max_hp_per_floor":[75,75,75,75,75,75,75,75,75,75,75,75,75,75,75,75],"card_choices":[{"not_picked":["Disarm","Sentinel"],"picked":"Battle Trance","floor":1.0},{"not_picked":["Iron Wave","Body Slam"],"picked":"Clothesline","floor":2.0},{"not_picked":["Perfected Strike","Heavy Blade","Havoc"],"picked":"SKIP","floor":3.0},{"not_picked":["Perfected Strike","Heavy Blade","Havoc"],"picked":"SKIP","floor":3.0},{"not_picked":["Clash","Fire Breathing"],"picked":"Juggernaut","floor":5.0},{"not_picked":["Demon Form","Anger"],"picked":"Offering","floor":8.0},{"not_picked":["Clash","Flex"],"picked":"Pommel Strike","floor":11.0},{"not_picked":["Perfected Strike","True Grit"],"picked":"Corruption","floor":13.0},{"not_picked":["Clash","Thunderclap","Pommel Strike"],"picked":"SKIP","floor":14.0},{"not_picked":["Clash","Thunderclap","Pommel Strike"],"picked":"SKIP","floor":14.0},{"not_picked":["Clash","Thunderclap","Pommel Strike"],"picked":"SKIP","floor":14.0}],"player_experience":793040,"relics_obtained":[{"floor":8.0,"key":"Dodecahedron"},{"floor":9.0,"key":"Bottled Lightning"},{"floor":11.0,"key":"Meat on the Bone"},{"floor":13.0,"key":"Shuriken"}],"event_choices":[],"is_beta":false,"boss_relics":[],"items_purged_floors":[12],"is_endless":false,"potions_floor_spawned":[1,2,13],"killed_by":"Slime Boss","ascension_level":20}