{"gold_per_floor":[110,127,146,161,161,161,194,214,214,224,224,241,241,256,256,330,330,340,340,340,360,285,285,315,315,315,315,347,347],"floor_reached":29,"playtime":1980,"items_purged":[],"score":437,"play_id":"1a379a70-48c1-473b-9f0c-9ae254bdc004","local_time":"20190506143125","is_ascension_mode":true,"campfire_choices":[{"data":"Bash","floor":6,"key":"SMITH"},{"data":"Infernal Blade","floor":11,"key":"SMITH"},{"data":"Forethought","floor":13,"key":"SMITH"},{"data":"Disarm","floor":15,"key":"SMITH"},{"data":"Whirlwind","floor":23,"key":"SMITH"},{"data":"True Grit","floor":25,"key":"SMITH"},{"floor":27,"key":"REST"}],"neow_cost":"NONE","seed_source_timestamp":1553210038652246,"circlet_count":0,"master_deck":["AscendersBane","Bash+1","Forethought+1","Cleave","Dropkick","Headbutt","Feel No Pain","Infernal Blade+1","Disarm+1","Demon Form","Impervious","Intimidate","Dual Wield","True Grit+1","Juggernaut","Reaper","Clothesline","Disarm","Cleave","Disarm","Whirlwind+1"],"relics":["Burning Blood","Blue Candle","Ornamental Fan","Pandora\u0027s Box","Happy Flower","Mummified Hand","Champion Belt"],"potions_floor_usage":[8,12,14,28],"damage_taken":[{"damage":1,"enemies":"Cultist","floor":1,"turns":4},{"damage":1,"enemies":"2 Louse","floor":2,"turns":2},{"damage":11,"enemies":"Jaw Worm","floor":3,"turns":4},{"damage":14,"enemies":"Blue Slaver","floor":4,"turns":4},{"damage":40,"enemies":"3 Sentries","floor":7,"turns":8},{"damage":8,"enemies":"Large Slime","floor":8,"turns":5},{"damage":7,"enemies":"Looter","floor":10,"turns":4},{"damage":0,"enemies":"Blue Slaver","floor":12,"turns":3},{"damage":0,"enemies":"Lots of Slimes","floor":14,"turns":2},{"damage":41,"enemies":"The Guardian","floor":16,"turns":13},{"damage":26,"enemies":"3 Byrds","floor":18,"turns":5},{"damage":8,"enemies":"Shell Parasite","floor":21,"turns":6},{"damage":21,"enemies":"Gremlin Leader","floor":24,"turns":7},{"damage":40,"enemies":"Book of Stabbing","floor":28,"turns":8},{"damage":79,"enemies":"3 Cultists","floor":29,"turns":6}],"seed_played":"-8866456887316447340","potions_obtained":[{"floor":1,"key":"Ancient Potion"},{"floor":7,"key":"Weak Potion"},{"floor":10,"key":"PowerPotion"},{"floor":12,"key":"GamblersBrew"},{"floor":16,"key":"FearPotion"},{"floor":21,"key":"BloodPotion"}],"is_trial":false,"path_per_floor":["M","M","M","M","?","R","E","M","T","M","R","M","R","M","R","B",null,"M","?","?","M","$","R","E","R","T","R","E","M"],"character_chosen":"IRONCLAD","items_purchased":["Whirlwind"],"campfire_rested":1,"item_purchase_floors":[22],"current_hp_per_floor":[77,80,75,67,67,67,33,31,31,30,30,36,36,42,42,7,62,60,60,60,64,64,64,49,49,49,73,59,0],"gold":347,"neow_bonus":"RANDOM_COLORLESS","is_prod":false,"is_daily":false,"chose_seed":false,"campfire_upgraded":6,"win_rate":0,"timestamp":1557163885,"path_taken":["M","M","M","?","?","R","E","M","T","M","R","M","R","M","R","BOSS","M","?","?","M","$","R","E","R","T","R","E","M"],"build_version":"2019-01-23","purchased_purges":0,"victory":false,"max_hp_per_floor":[80,80,80,80,80,80,80,80,80,80,80,80,80,80,80,80,80,80,80,80,80,80,80,80,80,80,80,80,80],"card_choices":[{"not_picked":["Clash","True Grit","Body Slam"],"picked":"SKIP","floor":1},{"not_picked":["Perfected Strike","Sword Boomerang"],"picked":"Cleave","floor":2},{"not_picked":["Thunderclap","Perfected Strike"],"picked":"Dropkick","floor":3},{"not_picked":["Perfected Strike","Fire Breathing"],"picked":"Headbutt","floor":4},{"not_picked":["Combust","Flex"],"picked":"Feel No Pain","floor":7},{"not_picked":["Body Slam","Havoc","Hemokinesis"],"picked":"SKIP","floor":8},{"not_picked":["Warcry","Thunderclap"],"picked":"Infernal Blade","floor":10},{"not_picked":["Dual Wield","Seeing Red"],"picked":"Disarm","floor":12},{"not_picked":["Armaments","Clash","Carnage"],"picked":"SKIP","floor":14},{"not_picked":["Berserk","Double Tap"],"picked":"Demon Form","floor":16},{"not_picked":["Flex","Havoc"],"picked":"Cleave","floor":18},{"not_picked":["Cleave","Shrug It Off"],"picked":"Disarm","floor":21},{"not_picked":["Cleave","Burning Pact","Reckless Charge"],"picked":"SKIP","floor":24},{"not_picked":["Berserk","True Grit+1","Burning Pact+1"],"picked":"SKIP","floor":28}],"player_experience":707731,"relics_obtained":[{"floor":7,"key":"Blue Candle"},{"floor":9,"key":"Ornamental Fan"},{"floor":24,"key":"Happy Flower"},{"floor":26,"key":"Mummified Hand"},{"floor":28,"key":"Champion Belt"}],"event_choices":[{"cards_removed":["Strike_R"],"damage_healed":0,"gold_gain":0,"player_choice":"Forget","damage_taken":0,"max_hp_gain":0,"max_hp_loss":0,"event_name":"Living Wall","floor":5,"gold_loss":0},{"damage_healed":0,"gold_gain":0,"player_choice":"Ignored","damage_taken":0,"max_hp_gain":0,"max_hp_loss":0,"event_name":"Vampires","floor":19,"gold_loss":0},{"damage_healed":0,"gold_gain":0,"player_choice":"Ignored","damage_taken":0,"max_hp_gain":0,"max_hp_loss":0,"event_name":"Ghosts","floor":20,"gold_loss":0}],"is_beta":false,"boss_relics":[{"not_picked":["Runic Dome","Astrolabe"],"picked":"Pandora\u0027s Box"}],"items_purged_floors":[],"is_endless":false,"potions_floor_spawned":[1,7,10,12,16,21],"killed_by":"3 Cultists","ascension_level":13}