{"gold_per_floor":[118,118,129,129,129,129,167,167,167,207,226,240,273,306,306,306],"floor_reached":16,"playtime":578,"items_purged":[],"score":247,"play_id":"915a4889-c9df-4e84-b5b6-b092664f7316","local_time":"20190428110830","is_ascension_mode":true,"campfire_choices":[{"data":"Bash","floor":6,"key":"SMITH"},{"data":"Clothesline","floor":8,"key":"SMITH"},{"floor":15,"key":"REST"}],"neow_cost":"NONE","seed_source_timestamp":851243624756164,"circlet_count":0,"master_deck":["AscendersBane","Strike_R","Strike_R","Strike_R","Strike_R","Strike_R","Defend_R","Defend_R","Defend_R","Defend_R","Bash+1","Armaments+1","Clothesline+1","Cleave","Body Slam","Disarm"],"relics":["Burning Blood","NeowsBlessing","Golden Idol","Mango","Incense Burner","Gremlin Horn","Ornamental Fan","Odd Mushroom"],"potions_floor_usage":[10,14],"damage_taken":[{"damage":0,"enemies":"Small Slimes","floor":1,"turns":1},{"damage":0,"enemies":"2 Louse","floor":3,"turns":1},{"damage":0,"enemies":"Gremlin Nob","floor":7,"turns":1},{"damage":30,"enemies":"Lagavulin","floor":10,"turns":7},{"damage":4,"enemies":"Jaw Worm","floor":11,"turns":3},{"damage":5,"enemies":"Gremlin Gang","floor":12,"turns":4},{"damage":17,"enemies":"Gremlin Nob","floor":13,"turns":6},{"damage":0,"enemies":"The Mushroom Lair","floor":14,"turns":2},{"damage":92,"enemies":"Slime Boss","floor":16,"turns":12}],"seed_played":"-3179345831302735570","potions_obtained":[{"floor":3,"key":"Weak Potion"},{"floor":13,"key":"Fruit Juice"}],"is_trial":false,"path_per_floor":["M","?","M","?","?","R","E","R","T","E","M","M","E","?","R","B"],"character_chosen":"IRONCLAD","items_purchased":[],"campfire_rested":1,"item_purchase_floors":[],"current_hp_per_floor":[78,78,80,60,60,60,80,80,80,56,58,59,48,59,88,0],"gold":306,"neow_bonus":"THREE_ENEMY_KILL","is_prod":false,"is_daily":false,"chose_seed":false,"campfire_upgraded":2,"win_rate":0,"timestamp":1556460510,"path_taken":["M","?","M","?","?","R","E","R","T","E","M","M","E","?","R","BOSS"],"build_version":"2019-01-23","purchased_purges":0,"victory":false,"max_hp_per_floor":[80,80,80,80,80,80,94,94,94,94,94,94,94,99,99,99],"card_choices":[{"not_picked":["Perfected Strike","True Grit"],"picked":"Armaments","floor":1},{"not_picked":["Heavy Blade","Bloodletting","True Grit"],"picked":"SKIP","floor":3},{"not_picked":["True Grit","Pommel Strike"],"picked":"Clothesline","floor":7},{"not_picked":["Second Wind","Clothesline"],"picked":"Cleave","floor":10},{"not_picked":["Armaments","Twin Strike"],"picked":"Body Slam","floor":11},{"not_picked":["Reckless Charge","Juggernaut","Bloodletting"],"picked":"SKIP","floor":12},{"not_picked":["Wild Strike","Searing Blow"],"picked":"Disarm","floor":13}],"player_experience":666397,"relics_obtained":[{"floor":7,"key":"Mango"},{"floor":9,"key":"Incense Burner"},{"floor":10,"key":"Gremlin Horn"},{"floor":13,"key":"Ornamental Fan"},{"floor":14,"key":"Odd Mushroom"}],"event_choices":[{"damage_healed":0,"gold_gain":0,"player_choice":"Ignored","damage_taken":0,"max_hp_gain":0,"max_hp_loss":0,"event_name":"Liars Game","floor":2,"gold_loss":0},{"damage_healed":0,"gold_gain":0,"player_choice":"Take Damage","damage_taken":20,"relics_obtained":["Golden Idol"],"max_hp_gain":0,"max_hp_loss":0,"event_name":"Golden Idol","floor":4,"gold_loss":0},{"damage_healed":0,"gold_gain":0,"player_choice":"Grow","damage_taken":0,"max_hp_gain":0,"max_hp_loss":0,"event_name":"Living Wall","floor":5,"gold_loss":0,"cards_upgraded":["Armaments"]},{"damage_healed":0,"gold_gain":0,"player_choice":"Fought Mushrooms","damage_taken":0,"max_hp_gain":0,"max_hp_loss":0,"event_name":"Mushrooms","floor":14,"gold_loss":0}],"is_beta":false,"boss_relics":[],"items_purged_floors":[],"is_endless":false,"potions_floor_spawned":[3,13],"killed_by":"Slime Boss","ascension_level":11}