{"gold_per_floor":[110,285,285,285,22,22,57,17,64,64,79,79,114,125,125,224,224,237,237,257,157,82,82,82,82],"floor_reached":25,"playtime":877,"items_purged":["Defend_R","Strike_R"],"score":255,"play_id":"7445bf34-845f-4342-9b93-94f34693af73","local_time":"20190212140814","is_ascension_mode":true,"campfire_choices":[{"data":"Combust","floor":6.0,"key":"SMITH"},{"data":"Inflame","floor":10,"key":"SMITH"},{"data":"Heavy Blade","floor":12,"key":"SMITH"},{"data":"Metallicize","floor":15,"key":"SMITH"},{"floor":23,"key":"REST"}],"neow_cost":"NONE","seed_source_timestamp":0,"circlet_count":0,"master_deck":["Strike_R","Strike_R","Strike_R","Defend_R","Defend_R","Defend_R","Bash","True Grit+1","Combust+1","Inflame+1","Heavy Blade+1","Metallicize+1","Demon Form","RitualDagger","Dual Wield"],"special_seed":0,"relics":["Burning Blood","Juzu Bracelet","Spirit Poop","Orichalcum","Anchor","PreservedInsect","Darkstone Periapt","Philosopher\u0027s Stone"],"potions_floor_usage":[11,16,25],"damage_taken":[{"damage":0.0,"enemies":"2 Louse","floor":1.0,"turns":4.0},{"damage":12.0,"enemies":"Gremlin Nob","floor":7.0,"turns":4.0},{"damage":8,"enemies":"Jaw Worm","floor":11,"turns":4},{"damage":13,"enemies":"3 Sentries","floor":13,"turns":4},{"damage":1,"enemies":"Cultist","floor":14,"turns":3},{"damage":32,"enemies":"Slime Boss","floor":16,"turns":8},{"damage":31,"enemies":"3 Byrds","floor":18,"turns":5},{"damage":16,"enemies":"Spheric Guardian","floor":20,"turns":5},{"damage":54,"enemies":"Book of Stabbing","floor":25,"turns":5}],"seed_played":"-2554855740546934050","potions_obtained":[{"floor":1.0,"key":"AttackPotion"},{"floor":7,"key":"PowerPotion"},{"floor":14,"key":"Block Potion"},{"floor":20,"key":"Weak Potion"}],"is_trial":false,"path_per_floor":["M","?","?","?","$","R","E","$","T","R","M","R","E","M","R","B",null,"M","?","M","$","?","R","?","E"],"character_chosen":"IRONCLAD","items_purchased":["Orichalcum","Combust","Inflame"],"campfire_rested":1,"item_purchase_floors":[5,5,8],"current_hp_per_floor":[80,80,80,80,80,80,74,74,74,74,72,72,65,70,70,44,71,46,40,30,30,30,54,54,0],"gold":82,"neow_bonus":"RANDOM_COMMON_RELIC","is_prod":false,"is_daily":false,"chose_seed":false,"campfire_upgraded":4,"win_rate":0,"timestamp":1549994894,"path_taken":["M","?","?","?","?","R","E","$","T","R","M","R","E","M","R","BOSS","M","?","M","$","?","R","?","E"],"build_version":"2019-01-23","purchased_purges":2,"victory":false,"max_hp_per_floor":[80,80,80,80,80,80,80,80,80,80,80,80,80,80,80,80,80,80,80,80,80,80,80,80,80],"card_choices":[{"not_picked":["Spot Weakness","Perfected Strike"],"picked":"True Grit","floor":1.0},{"not_picked":["Pommel Strike","Fire Breathing","Hemokinesis"],"picked":"SKIP","floor":7},{"not_picked":["Uppercut","Flex"],"picked":"Heavy Blade","floor":11},{"not_picked":["Body Slam","Wild Strike"],"picked":"Metallicize","floor":13},{"not_picked":["Sword Boomerang","Warcry","Blood for Blood"],"picked":"SKIP","floor":14},{"not_picked":["Dark Embrace","Reaper"],"picked":"Demon Form","floor":16},{"not_picked":["Rage","Cleave","Anger"],"picked":"SKIP","floor":18},{"not_picked":["Sword Boomerang","Shrug It Off"],"picked":"Dual Wield","floor":20}],"player_experience":430005,"relics_obtained":[{"floor":7,"key":"Anchor"},{"floor":9,"key":"PreservedInsect"},{"floor":13,"key":"Darkstone Periapt"}],"event_choices":[{"damage_healed":0.0,"max_hp_gain":0.0,"max_hp_loss":0.0,"gold_gain":175.0,"event_name":"Liars Game","player_choice":"AGREE","floor":2.0,"gold_loss":0.0,"damage_taken":0.0,"cards_obtained":["Doubt"]},{"damage_healed":0.0,"max_hp_gain":0.0,"max_hp_loss":0.0,"gold_gain":0.0,"event_name":"Accursed Blacksmith","player_choice":"Forge","floor":3.0,"gold_loss":0.0,"damage_taken":0.0,"cards_upgraded":["True Grit"]},{"cards_removed":["Doubt"],"damage_healed":0.0,"max_hp_gain":0.0,"max_hp_loss":0.0,"gold_gain":0.0,"event_name":"Bonfire Elementals","player_choice":"Offered Curse","floor":4.0,"gold_loss":0.0,"damage_taken":0.0,"relics_obtained":["Spirit Poop"]},{"damage_healed":0,"gold_gain":0,"player_choice":"Joined the Cult","damage_taken":6,"max_hp_gain":0,"max_hp_loss":0,"event_name":"Nest","floor":19,"gold_loss":0,"cards_obtained":["RitualDagger"]},{"cards_removed":["Strike_R"],"damage_healed":0,"gold_gain":0,"player_choice":"Gave Gold","damage_taken":0,"max_hp_gain":0,"max_hp_loss":0,"event_name":"Beggar","floor":22,"gold_loss":75},{"damage_healed":0,"gold_gain":0,"player_choice":"Ignored","damage_taken":0,"max_hp_gain":0,"max_hp_loss":0,"event_name":"Cursed Tome","floor":24,"gold_loss":0}],"is_beta":false,"boss_relics":[{"not_picked":["White Beast Statue","Black Blood"],"picked":"Philosopher\u0027s Stone"}],"items_purged_floors":[5,21],"is_endless":false,"potions_floor_spawned":[1,7,14,20],"killed_by":"Book of Stabbing","ascension_level":5}