{"gold_per_floor":[13,13,13,27,50,81,81,142,142,173,227,177,177,33,33,153,153,177,198,51,95,95,131,149,49,49,49,82,82,98,112,112,242,242,255,269,287,620,638,638,233,246,323,0,17,44,266,276,276,276],"floor_reached":51,"playtime":8687,"items_purged":["Strike_R","Strike_R","Parasite","Strike_R"],"score":825,"play_id":"5f8e9d31-35a7-42fa-a1f3-65ff2d22d3c2","local_time":"20190606153352","is_ascension_mode":false,"campfire_choices":[{"data":"Bludgeon","floor":7,"key":"SMITH"},{"data":"Flame Barrier","floor":13,"key":"SMITH"},{"data":"Bash","floor":15,"key":"SMITH"},{"data":"Dark Embrace","floor":27,"key":"SMITH"},{"data":"Demon Form","floor":29,"key":"SMITH"},{"data":"Metallicize","floor":32,"key":"SMITH"},{"data":"Whirlwind","floor":40,"key":"SMITH"},{"data":"Offering","floor":49,"key":"SMITH"}],"neow_cost":"NO_GOLD","seed_source_timestamp":1035993336320045,"circlet_count":0,"master_deck":["Strike_R","Defend_R","Defend_R","Defend_R","Defend_R","Bash+1","Clothesline","Bludgeon+1","Headbutt","Metallicize+1","Flame Barrier+1","Iron Wave","Feed","Corruption+1","Flame Barrier","Impervious","Whirlwind+1","Dark Embrace+1","Demon Form+1","Armaments+1","Body Slam+1","Ghostly Armor","Sword Boomerang+1","Offering+1","Battle Trance+1","Sword Boomerang+1","Body Slam+1","Pommel Strike+1","Shrug It Off","Body Slam+1"],"relics":["Burning Blood","Meat on the Bone","Mango","Dream Catcher","Ancient Tea Set","Question Card","PreservedInsect","Runic Dome","Red Mask","Bronze Scales","Darkstone Periapt","Molten Egg 2","Coffee Dripper","Pantograph","Frozen Egg 2","Oddly Smooth Stone","Blood Vial"],"potions_floor_usage":[21,23,33,50,50,50],"damage_taken":[{"damage":6,"enemies":"Cultist","floor":1,"turns":3},{"damage":12,"enemies":"Small Slimes","floor":4,"turns":4},{"damage":4,"enemies":"2 Louse","floor":5,"turns":3},{"damage":26,"enemies":"3 Sentries","floor":6,"turns":8},{"damage":25,"enemies":"3 Sentries","floor":8,"turns":5},{"damage":30,"enemies":"Lagavulin","floor":10,"turns":5},{"damage":51,"enemies":"Hexaghost","floor":16,"turns":9},{"damage":10,"enemies":"2 Thieves","floor":18,"turns":3},{"damage":2,"enemies":"Spheric Guardian","floor":19,"turns":3},{"damage":15,"enemies":"Masked Bandits","floor":21,"turns":4},{"damage":0,"enemies":"Slavers","floor":23,"turns":5},{"damage":7,"enemies":"Cultist and Chosen","floor":24,"turns":6},{"damage":3,"enemies":"Book of Stabbing","floor":28,"turns":4},{"damage":1,"enemies":"Snecko","floor":30,"turns":3},{"damage":5,"enemies":"Centurion and Healer","floor":31,"turns":4},{"damage":35,"enemies":"Champ","floor":33,"turns":7},{"damage":6,"enemies":"3 Shapes","floor":35,"turns":4},{"damage":6,"enemies":"Orb Walker","floor":36,"turns":3},{"damage":13,"enemies":"Sphere and 2 Shapes","floor":37,"turns":3},{"damage":13,"enemies":"Writhing Mass","floor":39,"turns":4},{"damage":26,"enemies":"3 Darklings","floor":42,"turns":4},{"damage":6,"enemies":"Spire Growth","floor":45,"turns":4},{"damage":6,"enemies":"Reptomancer","floor":46,"turns":3},{"damage":28,"enemies":"Writhing Mass","floor":48,"turns":4},{"damage":44,"enemies":"Awakened One","floor":50,"turns":7}],"seed_played":"4186087641456677764","potions_obtained":[{"floor":16,"key":"Fire Potion"},{"floor":18,"key":"Swift Potion"},{"floor":24,"key":"Explosive Potion"},{"floor":28,"key":"Weak Potion"},{"floor":30,"key":"Regen Potion"},{"floor":33,"key":"EssenceOfSteel"}],"is_trial":false,"path_per_floor":["M","T","?","M","M","E","R","?","T","E","T","?","R","$","R","B",null,"M","M","$","?","?","E","M","$","T","R","E","R","M","M","R","B",null,"M","M","M","?","M","R","$","M","T","$","M","E","?","M","R","B",null],"character_chosen":"IRONCLAD","items_purchased":["Feed","Impervious","Body Slam+1","Pantograph","Oddly Smooth Stone","Shrug It Off"],"campfire_rested":0,"item_purchase_floors":[14,20,41,41,44,44],"current_hp_per_floor":[96,96,72,66,68,74,74,67,67,55,55,55,55,55,55,22,110,106,110,110,104,104,113,112,112,112,112,115,115,116,116,116,99,116,116,116,112,112,111,111,111,91,91,91,91,91,91,71,71,75],"gold":276,"neow_bonus":"TWENTY_PERCENT_HP_BONUS","is_prod":false,"is_daily":false,"chose_seed":false,"campfire_upgraded":8,"win_rate":0.0,"timestamp":1559849632,"path_taken":["M","?","?","M","M","E","R","?","T","E","?","?","R","$","R","BOSS","M","M","$","?","?","E","M","?","T","R","E","R","M","M","R","BOSS","M","?","M","?","M","R","$","M","T","$","M","E","?","M","R","BOSS"],"build_version":"2019-01-23","purchased_purges":4,"victory":true,"max_hp_per_floor":[96,96,96,96,96,110,110,110,110,110,110,110,110,110,110,110,110,110,110,110,113,113,116,116,116,116,116,116,116,116,116,116,116,116,116,116,119,119,125,125,122,122,122,122,122,122,122,122,122,125],"card_choices":[{"not_picked":["Flex","Twin Strike"],"picked":"Clothesline","floor":1},{"not_picked":["Body Slam","Twin Strike"],"picked":"Bludgeon","floor":4},{"not_picked":["Shockwave","Twin Strike"],"picked":"Headbutt","floor":5},{"not_picked":["Cleave","Shrug It Off"],"picked":"Metallicize","floor":6},{"not_picked":["Rampage","Sword Boomerang"],"picked":"Flame Barrier","floor":8},{"not_picked":["Rupture","Warcry"],"picked":"Iron Wave","floor":10},{"not_picked":["Armaments+1","Infernal Blade","Clash"],"picked":"Corruption+1","floor":18},{"not_picked":["Dual Wield","Intimidate","Clothesline"],"picked":"Flame Barrier","floor":19},{"not_picked":["Clothesline+1","Iron Wave","True Grit"],"picked":"Whirlwind","floor":21},{"not_picked":["Juggernaut","Anger","Carnage"],"picked":"Demon Form","floor":23},{"not_picked":["Infernal Blade","Headbutt","Whirlwind+1"],"picked":"Armaments+1","floor":24},{"not_picked":["Reaper","Thunderclap","Sword Boomerang"],"picked":"Body Slam+1","floor":28},{"not_picked":["Bloodletting","Twin Strike+1","Rupture"],"picked":"Ghostly Armor","floor":30},{"not_picked":["Twin Strike+1","Fire Breathing","Searing Blow+1"],"picked":"Sword Boomerang+1","floor":31},{"not_picked":["Dark Embrace","Fiend Fire+1","Juggernaut"],"picked":"Offering","floor":33},{"not_picked":["Dropkick+1","Blood for Blood+1","True Grit","Iron Wave+1"],"picked":"SKIP","floor":35},{"not_picked":["Flex","Warcry","Carnage+1"],"picked":"Battle Trance+1","floor":36},{"not_picked":["Armaments+1","Thunderclap+1","Ghostly Armor+1","Headbutt+1"],"picked":"SKIP","floor":37},{"not_picked":["Corruption+1","Thunderclap+1","Power Through"],"picked":"Sword Boomerang+1","floor":39},{"not_picked":["Sword Boomerang+1","Twin Strike+1","Perfected Strike+1"],"picked":"Pommel Strike+1","floor":42},{"not_picked":["Dropkick+1","Anger+1","Flex+1","Armaments"],"picked":"SKIP","floor":45},{"not_picked":["Berserk+1","Iron Wave+1","Power Through+1","Demon Form+1"],"picked":"SKIP","floor":46},{"not_picked":["Sword Boomerang+1","Anger+1","True Grit+1"],"picked":"Body Slam+1","floor":48}],"player_experience":1009,"relics_obtained":[{"floor":2,"key":"Meat on the Bone"},{"floor":6,"key":"Mango"},{"floor":8,"key":"Dream Catcher"},{"floor":9,"key":"Ancient Tea Set"},{"floor":10,"key":"Question Card"},{"floor":11,"key":"PreservedInsect"},{"floor":21,"key":"Red Mask"},{"floor":23,"key":"Bronze Scales"},{"floor":26,"key":"Darkstone Periapt"},{"floor":28,"key":"Molten Egg 2"},{"floor":43,"key":"Frozen Egg 2"},{"floor":46,"key":"Blood Vial"}],"event_choices":[{"damage_healed":0,"gold_gain":0,"player_choice":"Take Damage","damage_taken":24,"relics_obtained":["Golden Idol"],"max_hp_gain":0,"max_hp_loss":0,"event_name":"Golden Idol","floor":3,"gold_loss":0},{"damage_healed":0,"gold_gain":30,"player_choice":"Searched \u00273\u0027 times","damage_taken":0,"max_hp_gain":0,"max_hp_loss":0,"event_name":"Dead Adventurer","floor":8,"gold_loss":0},{"cards_removed":["Strike_R"],"damage_healed":0,"gold_gain":0,"player_choice":"Card Removal","damage_taken":0,"max_hp_gain":0,"max_hp_loss":0,"event_name":"The Cleric","floor":12,"gold_loss":50},{"damage_healed":0,"gold_gain":0,"player_choice":"Fought Bandits","damage_taken":0,"max_hp_gain":0,"max_hp_loss":0,"event_name":"Masked Bandits","floor":21,"gold_loss":0},{"damage_healed":0,"gold_gain":0,"player_choice":"Read","damage_taken":0,"max_hp_gain":0,"max_hp_loss":0,"event_name":"The Library","floor":22,"gold_loss":0,"cards_obtained":["Dark Embrace"]},{"damage_healed":0,"gold_gain":333,"player_choice":"Gave Idol","damage_taken":0,"max_hp_gain":0,"max_hp_loss":0,"event_name":"The Moai Head","floor":38,"relics_lost":["Golden Idol"],"gold_loss":0},{"damage_healed":0,"gold_gain":222,"player_choice":"Wore Mask","damage_taken":0,"max_hp_gain":0,"max_hp_loss":0,"event_name":"Tomb of Lord Red Mask","floor":47,"gold_loss":0}],"is_beta":false,"boss_relics":[{"not_picked":["Ectoplasm","Tiny House"],"picked":"Runic Dome"},{"not_picked":["Velvet Choker","Lizard Tail"],"picked":"Coffee Dripper"}],"items_purged_floors":[14,25,41,44],"is_endless":false,"potions_floor_spawned":[16,18,24,28,30,33,37,39,45],"ascension_level":0}