{"gold_per_floor":[109,34,34,44,61,92,92,92,92,103,136,136,163,194,206,218],"floor_reached":16,"playtime":772,"items_purged":["Doubt"],"score":290,"play_id":"e2e40c50-8905-42da-9f76-b297a43c6ccc","local_time":"20190608222039","is_ascension_mode":true,"campfire_choices":[{"data":"Neutralize","floor":7,"key":"SMITH"},{"data":"Leg Sweep","floor":12,"key":"SMITH"},{"floor":15,"key":"REST"}],"neow_cost":"CURSE","seed_source_timestamp":37414841624862,"circlet_count":0,"master_deck":["AscendersBane","Defend_G","Defend_G","Defend_G","Defend_G","Defend_G","Strike_G","Strike_G","Strike_G","Strike_G","Strike_G","Survivor","Neutralize+1","Quick Slash","Leg Sweep+1","Die Die Die","Poisoned Stab","PiercingWail","Dodge and Roll","Flying Knee"],"relics":["Ring of the Snake","Incense Burner","Ornamental Fan","Letter Opener","MawBank"],"potions_floor_usage":[6,11,11],"damage_taken":[{"damage":2,"enemies":"Small Slimes","floor":1,"turns":7},{"damage":0,"enemies":"Cultist","floor":4,"turns":6},{"damage":2,"enemies":"2 Louse","floor":5,"turns":3},{"damage":22,"enemies":"3 Sentries","floor":6,"turns":12},{"damage":0,"enemies":"Looter","floor":10,"turns":4},{"damage":0,"enemies":"Gremlin Nob","floor":11,"turns":3},{"damage":26,"enemies":"Lagavulin","floor":13,"turns":10},{"damage":0,"enemies":"Exordium Wildlife","floor":14,"turns":2},{"damage":33,"enemies":"The Guardian","floor":16,"turns":8}],"seed_played":"5178123697822401098","potions_obtained":[{"floor":1,"key":"AttackPotion"},{"floor":5,"key":"AttackPotion"},{"floor":6,"key":"SteroidPotion"}],"is_trial":false,"path_per_floor":["M","$","?","M","M","E","R","?","T","M","E","R","E","M","R","B"],"character_chosen":"THE_SILENT","items_purchased":[],"campfire_rested":1,"item_purchase_floors":[],"current_hp_per_floor":[57,57,57,57,55,33,33,33,33,33,33,33,7,7,26,0],"gold":218,"neow_bonus":"ONE_RARE_RELIC","is_prod":false,"is_daily":false,"chose_seed":false,"campfire_upgraded":2,"win_rate":0,"timestamp":1560025239,"path_taken":["M","$","?","M","M","E","R","?","T","M","E","R","E","?","R","BOSS"],"build_version":"2019-01-23","purchased_purges":1,"victory":false,"max_hp_per_floor":[66,66,66,66,66,66,66,66,66,66,66,66,66,66,66,66],"card_choices":[{"not_picked":["Underhanded Strike","Heel Hook"],"picked":"Quick Slash","floor":1},{"not_picked":["Escape Plan","Slice","Blade Dance"],"picked":"SKIP","floor":4},{"not_picked":["Dagger Throw","Underhanded Strike"],"picked":"Leg Sweep","floor":5},{"not_picked":["Grand Finale","Distraction","Blur"],"picked":"SKIP","floor":6},{"not_picked":["Cloak And Dagger","Outmaneuver"],"picked":"Poisoned Stab","floor":10},{"not_picked":["Dash","Night Terror"],"picked":"PiercingWail","floor":11},{"not_picked":["Outmaneuver","Flying Knee"],"picked":"Dodge and Roll","floor":13},{"not_picked":["Expertise","Cloak And Dagger"],"picked":"Flying Knee","floor":14}],"player_experience":1303530,"relics_obtained":[{"floor":6,"key":"Ornamental Fan"},{"floor":11,"key":"Letter Opener"},{"floor":13,"key":"MawBank"}],"event_choices":[{"damage_healed":0,"gold_gain":0,"player_choice":"Ignored","damage_taken":0,"max_hp_gain":0,"max_hp_loss":0,"event_name":"Liars Game","floor":3,"gold_loss":0},{"damage_healed":0,"gold_gain":0,"player_choice":"1 cards matched","damage_taken":0,"max_hp_gain":0,"max_hp_loss":0,"event_name":"Match and Keep!","floor":8,"gold_loss":0,"cards_obtained":["Die Die Die"]}],"is_beta":false,"boss_relics":[],"items_purged_floors":[2],"is_endless":false,"potions_floor_spawned":[1,5,6],"killed_by":"The Guardian","ascension_level":20}