{"gold_per_floor":[10,27,37,37,37,37,366,366,366,366,366],"floor_reached":11,"playtime":376,"items_purged":[],"score":142,"play_id":"e0d478b4-9332-445e-96bb-4ad1cf6e5db1","local_time":"20190516202108","is_ascension_mode":true,"campfire_choices":[{"data":"Zap","floor":6,"key":"SMITH"},{"data":"Coolheaded","floor":8,"key":"SMITH"}],"neow_cost":"NO_GOLD","seed_source_timestamp":28493041666174,"circlet_count":0,"master_deck":["AscendersBane","Strike_B","Defend_B","Defend_B","Defend_B","Defend_B","Zap+1","Dualcast","Coolheaded+1","Cold Snap","Gash","Coolheaded"],"relics":["Cracked Core","Old Coin","Ornamental Fan"],"potions_floor_usage":[7],"damage_taken":[{"damage":3,"enemies":"2 Louse","floor":1,"turns":2},{"damage":4,"enemies":"Small Slimes","floor":2,"turns":6},{"damage":0,"enemies":"Cultist","floor":3,"turns":4},{"damage":34,"enemies":"3 Sentries","floor":7,"turns":13},{"damage":47,"enemies":"Gremlin Nob","floor":11,"turns":4}],"seed_played":"3877024568161304667","potions_obtained":[{"floor":2,"key":"Swift Potion"}],"is_trial":false,"path_per_floor":["M","M","M","?","$","R","E","R","T","?","E"],"character_chosen":"DEFECT","items_purchased":[],"campfire_rested":0,"item_purchase_floors":[],"current_hp_per_floor":[61,57,57,62,62,62,28,28,28,28,0],"gold":366,"neow_bonus":"REMOVE_TWO","is_prod":false,"is_daily":false,"chose_seed":false,"campfire_upgraded":2,"win_rate":0,"timestamp":1558030868,"path_taken":["M","M","M","?","$","R","E","R","T","?","E"],"build_version":"2019-01-23","purchased_purges":0,"victory":false,"max_hp_per_floor":[71,71,71,76,76,76,76,76,76,76,76],"card_choices":[{"not_picked":["Conserve Battery","Undo"],"picked":"Coolheaded","floor":1},{"not_picked":["Chill","Scrape"],"picked":"Cold Snap","floor":2},{"not_picked":["Barrage","Compile Driver"],"picked":"Gash","floor":3},{"not_picked":["Conserve Battery","Melter"],"picked":"Coolheaded","floor":7}],"player_experience":1212982,"relics_obtained":[{"floor":7,"key":"Old Coin"},{"floor":9,"key":"Ornamental Fan"}],"event_choices":[{"damage_healed":0,"gold_gain":0,"player_choice":"Donut","damage_taken":0,"max_hp_gain":5,"max_hp_loss":0,"event_name":"Big Fish","floor":4,"gold_loss":0},{"cards_removed":["Strike_B"],"damage_healed":0,"gold_gain":0,"player_choice":"Forget","damage_taken":0,"max_hp_gain":0,"max_hp_loss":0,"event_name":"Living Wall","floor":10,"gold_loss":0}],"is_beta":false,"boss_relics":[],"items_purged_floors":[],"is_endless":false,"potions_floor_spawned":[2],"killed_by":"Gremlin Nob","ascension_level":20}