{"gold_per_floor":[12,12,29,29,40,40,70,70,70,70,101,117,117,131,131,205,205,216,227,237,237,257,257,283,283,361,361,372,5,5,0,0,0],"floor_reached":33,"playtime":1486,"items_purged":["Tools of the Trade"],"score":600,"play_id":"32a3ce48-9335-43f4-92d9-c98df9944510","local_time":"20190214233326","is_ascension_mode":true,"campfire_choices":[{"data":"Predator","floor":6,"key":"SMITH"},{"data":"Neutralize","floor":8,"key":"SMITH"},{"data":"Deadly Poison","floor":13,"key":"SMITH"},{"data":"Bouncing Flask","floor":15,"key":"SMITH"},{"data":"Catalyst","floor":23,"key":"SMITH"},{"floor":25,"key":"REST"},{"data":"Noxious Fumes","floor":27,"key":"SMITH"},{"floor":32,"key":"REST"}],"neow_cost":"NO_GOLD","seed_source_timestamp":39990110031442,"circlet_count":0,"master_deck":["AscendersBane","Survivor","Neutralize+1","Blur","Predator+1","Deadly Poison+1","Poisoned Stab+1","Bouncing Flask+1","Leg Sweep","Corpse Explosion","Deflect","Noxious Fumes+1","Blur","Die Die Die","Die Die Die","Predator","Blade Dance","Catalyst+1","Dodge and Roll","Backflip","PiercingWail","Decay"],"relics":["Ring of the Snake","Kunai","Pantograph","Pen Nib","Pandora\u0027s Box","The Courier","Ninja Scroll"],"potions_floor_usage":[7,16,22,24,24],"damage_taken":[{"damage":14,"enemies":"Small Slimes","floor":1,"turns":7},{"damage":0,"enemies":"Jaw Worm","floor":3,"turns":6},{"damage":0,"enemies":"Cultist","floor":5,"turns":4},{"damage":3,"enemies":"Gremlin Nob","floor":7,"turns":3},{"damage":14,"enemies":"Lagavulin","floor":11,"turns":8},{"damage":17,"enemies":"Large Slime","floor":12,"turns":8},{"damage":3,"enemies":"Blue Slaver","floor":14,"turns":4},{"damage":6,"enemies":"The Guardian","floor":16,"turns":9},{"damage":15,"enemies":"2 Thieves","floor":18,"turns":4},{"damage":9,"enemies":"3 Byrds","floor":19,"turns":3},{"damage":12,"enemies":"Sentry and Sphere","floor":20,"turns":4},{"damage":8,"enemies":"Centurion and Healer","floor":22,"turns":5},{"damage":6,"enemies":"Gremlin Leader","floor":24,"turns":6},{"damage":24,"enemies":"Snake Plant","floor":28,"turns":3},{"damage":66,"enemies":"Collector","floor":33,"turns":6}],"seed_played":"7223714423300085234","potions_obtained":[{"floor":1,"key":"Fire Potion"},{"floor":11,"key":"Swift Potion"},{"floor":12,"key":"Regen Potion"},{"floor":14,"key":"Fruit Juice"},{"floor":19,"key":"EssenceOfSteel"},{"floor":22,"key":"SkillPotion"}],"is_trial":false,"path_per_floor":["M","?","M","?","M","R","E","R","T","?","E","M","R","M","R","B",null,"M","M","M","?","M","R","E","R","T","R","M","$","?","?","R","B"],"character_chosen":"THE_SILENT","items_purchased":["Ninja Scroll","Backflip","PiercingWail"],"campfire_rested":2,"item_purchase_floors":[29,29,29],"current_hp_per_floor":[45,45,45,50,50,50,47,47,47,47,33,16,16,13,13,47,65,50,41,29,29,26,26,20,42,42,42,18,18,18,18,40,0],"gold":0,"neow_bonus":"REMOVE_TWO","is_prod":false,"is_daily":false,"chose_seed":false,"campfire_upgraded":6,"win_rate":0,"timestamp":1550183606,"path_taken":["M","?","M","?","M","R","E","R","T","?","E","M","R","M","R","BOSS","M","M","M","?","M","R","E","R","T","R","M","$","?","?","R","BOSS"],"build_version":"2019-01-23","purchased_purges":1,"victory":false,"max_hp_per_floor":[66,66,66,71,71,71,71,71,71,71,71,71,71,71,71,71,71,71,71,71,71,76,76,76,76,76,76,76,76,76,76,76,76],"card_choices":[{"not_picked":["Blade Dance","Prepared"],"picked":"Blur","floor":1},{"not_picked":["Outmaneuver","Eviscerate"],"picked":"Predator","floor":3},{"not_picked":["Quick Slash","Dagger Spray"],"picked":"Deadly Poison","floor":5},{"not_picked":["Concentrate","Underhanded Strike"],"picked":"Poisoned Stab","floor":7},{"not_picked":["Flechettes","Infinite Blades","Bouncing Flask"],"picked":"SKIP","floor":11},{"not_picked":["Flechettes","Infinite Blades"],"picked":"Bouncing Flask","floor":11},{"not_picked":["Die Die Die","Cloak And Dagger"],"picked":"Leg Sweep","floor":12},{"not_picked":["Prepared","Slice","Cloak And Dagger"],"picked":"SKIP","floor":14},{"not_picked":["Burst","Night Terror"],"picked":"Corpse Explosion","floor":16},{"not_picked":["Reflex","Dagger Spray","Infinite Blades"],"picked":"SKIP","floor":18},{"not_picked":["Slice","Deadly Poison","Blade Dance"],"picked":"SKIP","floor":19},{"not_picked":["Acrobatics","Flying Knee","All Out Attack"],"picked":"SKIP","floor":20},{"not_picked":["Sucker Punch+1","Footwork"],"picked":"Catalyst","floor":22},{"not_picked":["Riddle With Holes","Skewer","Finisher"],"picked":"SKIP","floor":24},{"not_picked":["Backstab","Underhanded Strike"],"picked":"Dodge and Roll","floor":28}],"player_experience":970691,"relics_obtained":[{"floor":7,"key":"Kunai"},{"floor":9,"key":"Pantograph"},{"floor":11,"key":"Pen Nib"},{"floor":24,"key":"The Courier"}],"event_choices":[{"damage_healed":0,"gold_gain":0,"player_choice":"Leave","damage_taken":0,"max_hp_gain":0,"max_hp_loss":0,"event_name":"The Cleric","floor":2,"gold_loss":0},{"damage_healed":0,"gold_gain":0,"player_choice":"Donut","damage_taken":0,"max_hp_gain":5,"max_hp_loss":0,"event_name":"Big Fish","floor":4,"gold_loss":0},{"damage_healed":0,"gold_gain":0,"player_choice":"Upgraded","damage_taken":0,"max_hp_gain":0,"max_hp_loss":0,"event_name":"Upgrade Shrine","floor":10,"gold_loss":0,"cards_upgraded":["Poisoned Stab"]},{"damage_healed":0,"gold_gain":0,"cards_transformed":["Prepared","Masterful Stab"],"player_choice":"Became Test Subject","damage_taken":0,"max_hp_gain":0,"max_hp_loss":0,"event_name":"Drug Dealer","floor":21,"gold_loss":0,"cards_obtained":["Predator","Blade Dance"]},{"damage_healed":0,"gold_gain":0,"player_choice":"Smashed Altar","damage_taken":0,"max_hp_gain":0,"max_hp_loss":0,"event_name":"Forgotten Altar","floor":30,"gold_loss":0,"cards_obtained":["Decay"]},{"damage_healed":0,"gold_gain":0,"player_choice":"Paid Fearfully","damage_taken":0,"max_hp_gain":0,"max_hp_loss":0,"event_name":"Masked Bandits","floor":31,"gold_loss":5}],"is_beta":false,"boss_relics":[{"not_picked":["Busted Crown","WristBlade"],"picked":"Pandora\u0027s Box"}],"items_purged_floors":[29],"is_endless":false,"potions_floor_spawned":[1,11,12,14,19,22],"killed_by":"Collector","ascension_level":20}