{"gold_per_floor":[115,390,24,39,57,84,101,120,120,66,77,111,111,131,131,131],"floor_reached":16,"playtime":641,"items_purged":["Regret"],"score":228,"play_id":"bad01bb8-4c25-46ed-883f-13f273400c88","local_time":"20190615204554","is_ascension_mode":true,"campfire_choices":[{"data":"Limit Break","floor":13,"key":"SMITH"},{"data":"Combust","floor":15,"key":"SMITH"}],"neow_cost":"NONE","seed_source_timestamp":32389285454686,"circlet_count":0,"master_deck":["AscendersBane","Strike_R","Strike_R","Strike_R","Strike_R","Strike_R","Defend_R","Defend_R","Defend_R","Defend_R","Bash","Thunderclap","Combust+1","Clothesline","Limit Break+1","Flame Barrier","Spot Weakness","Shrug It Off","Exhume","Shrug It Off"],"relics":["Burning Blood","PreservedInsect","Darkstone Periapt","Magic Flower","Gambling Chip","Incense Burner"],"potions_floor_usage":[6,8,11,16],"damage_taken":[{"damage":2,"enemies":"Jaw Worm","floor":1,"turns":5},{"damage":5,"enemies":"Cultist","floor":4,"turns":4},{"damage":9,"enemies":"2 Louse","floor":5,"turns":3},{"damage":8,"enemies":"Gremlin Nob","floor":6,"turns":3},{"damage":23,"enemies":"Gremlin Gang","floor":7,"turns":4},{"damage":18,"enemies":"Lots of Slimes","floor":8,"turns":3},{"damage":8,"enemies":"Red Slaver","floor":11,"turns":4},{"damage":23,"enemies":"Lagavulin","floor":12,"turns":7},{"damage":9,"enemies":"Blue Slaver","floor":14,"turns":4},{"damage":34,"enemies":"Hexaghost","floor":16,"turns":7}],"seed_played":"-6594838641857031411","potions_obtained":[{"floor":4,"key":"GamblersBrew"},{"floor":5,"key":"EssenceOfSteel"},{"floor":7,"key":"EntropicBrew"},{"floor":8,"key":"Poison Potion"}],"is_trial":false,"path_per_floor":["M","?","$","M","M","E","M","M","T","?","M","E","R","M","R","B"],"character_chosen":"IRONCLAD","items_purchased":["PreservedInsect","Combust","PowerPotion"],"campfire_rested":0,"item_purchase_floors":[3,3,3],"current_hp_per_floor":[79,79,79,80,77,75,58,46,46,46,47,33,33,33,33,0],"gold":131,"neow_bonus":"TEN_PERCENT_HP_BONUS","is_prod":false,"is_daily":false,"chose_seed":false,"campfire_upgraded":2,"win_rate":0,"timestamp":1560624354,"path_taken":["M","?","$","M","?","E","M","?","T","?","M","E","R","M","R","BOSS"],"build_version":"2019-01-23","purchased_purges":1,"victory":false,"max_hp_per_floor":[82,82,82,82,82,82,82,82,82,82,82,82,82,82,82,82],"card_choices":[{"not_picked":["Heavy Blade","Reckless Charge"],"picked":"Thunderclap","floor":1},{"not_picked":["Armaments","Clash"],"picked":"Clothesline","floor":4},{"not_picked":["Searing Blow","Fire Breathing","Perfected Strike"],"picked":"SKIP","floor":5},{"not_picked":["Combust","Twin Strike"],"picked":"Limit Break","floor":6},{"not_picked":["Burning Pact","Body Slam"],"picked":"Flame Barrier","floor":7},{"not_picked":["Cleave","Dual Wield"],"picked":"Spot Weakness","floor":8},{"not_picked":["Sword Boomerang","Shockwave"],"picked":"Shrug It Off","floor":11},{"not_picked":["Armaments","Sever Soul"],"picked":"Exhume","floor":12},{"not_picked":["Heavy Blade","Thunderclap"],"picked":"Shrug It Off","floor":14}],"player_experience":1362927,"relics_obtained":[{"floor":6,"key":"Darkstone Periapt"},{"floor":9,"key":"Magic Flower"},{"floor":12,"key":"Incense Burner"}],"event_choices":[{"damage_healed":0,"gold_gain":275,"player_choice":"Desecrate","damage_taken":0,"max_hp_gain":0,"max_hp_loss":0,"event_name":"Golden Shrine","floor":2,"gold_loss":0,"cards_obtained":["Regret"]},{"damage_healed":0,"gold_gain":0,"player_choice":"Paid Gold","damage_taken":0,"relics_obtained":["Gambling Chip"],"max_hp_gain":0,"max_hp_loss":0,"event_name":"WeMeetAgain","floor":10,"gold_loss":54}],"is_beta":false,"boss_relics":[],"items_purged_floors":[3],"is_endless":false,"potions_floor_spawned":[4,5,7,8],"killed_by":"Hexaghost","ascension_level":20}