{"path_per_floor":["M","?","M","M","?","R","E","R","T","M","?","?","M","$","R","B",null,"M","M","M","?","?","R","E","R","T"],"character_chosen":"IRONCLAD","items_purchased":["Pear"],"gold_per_floor":[111,111,127,140,90,90,121,121,173,183,250,250,268,29,29,133,133,114,124,143,58,58,58,85,85,85],"floor_reached":27,"campfire_rested":3,"playtime":1017,"current_hp_per_floor":[74,74,74,77,77,77,55,55,55,36,36,36,38,48,75,52,90,77,65,35,35,35,62,38,65,65],"items_purged":[],"gold":85,"score":254,"play_id":"a4ffd854-1063-4800-aa2d-03a8448d2026","is_prod":false,"is_daily":false,"is_ascension_mode":true,"campfire_upgraded":2,"path_taken":["M","?","M","M","?","R","E","R","T","?","?","?","M","$","R","BOSS","M","M","M","?","?","R","E","R","T","E"],"build_version":"2018-02-15-PROD1","purchased_purges":0,"victory":false,"master_deck":["Strike_R+1","Strike_R+1","Strike_R","Defend_R","Defend_R","Defend_R","Defend_R","Bash+1","Thunderclap","Cleave","Perfected Strike+1","Disarm","Fire Breathing","Dropkick","Reaper","Searing Blow+1","Spot Weakness","Anger+1","Metallicize+1"],"max_hp_per_floor":[80,80,80,80,80,80,80,80,80,80,80,80,80,90,90,90,90,90,90,90,90,90,90,90,90,90],"relics":["Black Blood","Letter Opener","Whetstone","Anchor","Pear","Happy Flower","Bronze Scales","Gambling Chip"],"card_choices":[{"not_picked":["Body Slam","Wild Strike"],"picked":"Thunderclap"},{"not_picked":["Thunderclap","True Grit"],"picked":"Cleave"},{"not_picked":["Havoc","True Grit"],"picked":"Perfected Strike"},{"not_picked":["Shockwave","Pummel"],"picked":"Disarm"},{"not_picked":["Sword Boomerang","Blood for Blood"],"picked":"Fire Breathing"},{"not_picked":["Headbutt","Sword Boomerang"],"picked":"Dropkick"},{"not_picked":["Exhume","Barricade"],"picked":"Reaper"},{"not_picked":["Warcry","Corruption"],"picked":"Searing Blow"},{"not_picked":["Wild Strike","Warcry"],"picked":"Spot Weakness"},{"not_picked":["Blood for Blood","Second Wind"],"picked":"Anger"},{"not_picked":["Havoc","Thunderclap"],"picked":"Metallicize"}],"player_experience":159633,"potions_floor_usage":[20],"damage_taken":[{"damage":12,"enemies":"Jaw Worm","floor":1,"turns":2},{"damage":6,"enemies":"Cultist","floor":3,"turns":3},{"damage":3,"enemies":"2 Louse","floor":4,"turns":2},{"damage":28,"enemies":"Gremlin Nob","floor":7,"turns":4},{"damage":25,"enemies":"Large Slime","floor":10,"turns":6},{"damage":4,"enemies":"Exordium Wildlife","floor":13,"turns":3},{"damage":29,"enemies":"The Guardian","floor":16,"turns":12},{"damage":30,"enemies":"2 Thieves","floor":18,"turns":4},{"damage":30,"enemies":"3 Byrds","floor":19,"turns":4},{"damage":66,"enemies":"3 Cultists","floor":20,"turns":5},{"damage":44,"enemies":"Book of Stabbing","floor":24,"turns":6},{"damage":70,"enemies":"Slavers","floor":27,"turns":4}],"event_choices":[{"event_name":"Accursed Blacksmith","player_choice":"Rummage","floor":2,"damage_taken":0},{"event_name":"The Cleric","player_choice":"Card Removal","floor":5,"damage_taken":0},{"event_name":"Golden Wing","player_choice":"Gained Gold","floor":11,"damage_taken":0},{"event_name":"Liars Game","player_choice":"disagreed","floor":12,"damage_taken":0},{"event_name":"Addict","player_choice":"Obtained Relic","floor":21,"damage_taken":0},{"event_name":"Bonfire Elementals","player_choice":"BASIC","floor":22,"damage_taken":0}],"boss_relics":[{"not_picked":["Mark of Pain","Question Card"],"picked":"Black Blood"}],"potions_floor_spawned":[3,7,13,16,19],"seed_played":"1788320006944539084","killed_by":"Slavers","ascension_level":2,"is_trial":false}