{"gold_per_floor":[111,131,206,356,31,31,60,60,86,34,62,22,56,71,71,144,144,156,1,13,13,63,89,89,118,173,173,193,205,205,230,230,230],"floor_reached":33,"playtime":1688,"items_purged":["Doubt","Strike_R"],"score":738,"play_id":"75b56447-920b-40bb-a1b6-ff357403662a","local_time":"20181223172020","is_ascension_mode":true,"campfire_choices":[{"data":"Whirlwind","floor":6,"key":"SMITH"},{"data":"Bash","floor":8,"key":"SMITH"},{"data":"Sword Boomerang","floor":15,"key":"SMITH"},{"floor":24,"key":"REST"},{"floor":27,"key":"REST"},{"floor":30,"key":"REST"},{"floor":32,"key":"REST"}],"neow_cost":"NONE","seed_source_timestamp":17117161795925,"circlet_count":0,"master_deck":["AscendersBane","Strike_R","Strike_R","Strike_R","Strike_R","Defend_R","Defend_R","Defend_R","Defend_R","Bash+1","Anger","Whirlwind+1","Sword Boomerang+1","Shrug It Off","Impervious","Offering","Warcry+1","Shrug It Off","Havoc+1","Body Slam","Flex+1","Flame Barrier+1"],"relics":["Burning Blood","NeowsBlessing","Vajra","Question Card","Potion Belt","Letter Opener","Happy Flower","Runic Pyramid","Toxic Egg 2","Frozen Egg 2","Lantern","Blue Candle"],"potions_floor_usage":[13,16,16,18,20,23,23,31,31],"damage_taken":[{"damage":0,"enemies":"2 Louse","floor":1,"turns":1},{"damage":0,"enemies":"Cultist","floor":2,"turns":1},{"damage":0,"enemies":"Gremlin Nob","floor":7,"turns":1},{"damage":35,"enemies":"Lagavulin","floor":11,"turns":4},{"damage":15,"enemies":"3 Sentries","floor":13,"turns":4},{"damage":4,"enemies":"Jaw Worm","floor":14,"turns":2},{"damage":39,"enemies":"Slime Boss","floor":16,"turns":9},{"damage":13,"enemies":"3 Byrds","floor":18,"turns":6},{"damage":19,"enemies":"Shell Parasite","floor":20,"turns":7},{"damage":69,"enemies":"Book of Stabbing","floor":23,"turns":6},{"damage":32,"enemies":"Slavers","floor":25,"turns":5},{"damage":9,"enemies":"Snake Plant","floor":28,"turns":5},{"damage":15,"enemies":"Centurion and Healer","floor":29,"turns":5},{"damage":6,"enemies":"Book of Stabbing","floor":31,"turns":1},{"damage":99,"enemies":"Champ","floor":33,"turns":13}],"seed_played":"4317022211037161036","potions_obtained":[{"floor":7,"key":"BloodPotion"},{"floor":12,"key":"Regen Potion"},{"floor":12,"key":"Fruit Juice"},{"floor":12,"key":"AttackPotion"},{"floor":13,"key":"Explosive Potion"},{"floor":18,"key":"Regen Potion"},{"floor":28,"key":"SneckoOil"},{"floor":29,"key":"GamblersBrew"}],"is_trial":false,"path_per_floor":["M","M","?","?","$","R","E","R","T","$","E","?","E","M","R","B",null,"M","$","M","?","?","E","R","E","T","R","M","M","R","E","R","B"],"character_chosen":"IRONCLAD","items_purchased":["Vajra","Whirlwind","Shrug It Off","Weak Potion"],"campfire_rested":4,"item_purchase_floors":[5,5,10,19],"current_hp_per_floor":[74,75,64,64,64,64,70,70,70,70,41,41,39,41,41,8,58,66,66,68,68,68,10,34,8,8,32,29,20,44,44,68,0],"gold":230,"neow_bonus":"THREE_ENEMY_KILL","is_prod":false,"is_daily":false,"chose_seed":false,"campfire_upgraded":3,"win_rate":0,"timestamp":1545582020,"path_taken":["M","M","?","?","$","R","E","R","T","$","E","?","E","M","R","BOSS","M","?","M","?","?","E","R","E","T","R","?","M","R","E","R","BOSS"],"build_version":"2018-12-20","purchased_purges":2,"victory":false,"max_hp_per_floor":[75,75,75,75,75,75,75,75,75,75,75,75,75,75,75,75,75,75,75,75,75,75,80,80,80,80,80,80,80,80,80,80,80],"card_choices":[{"not_picked":["Headbutt","Shockwave"],"picked":"Anger","floor":1},{"not_picked":["True Grit","Rampage","Perfected Strike"],"picked":"SKIP","floor":2},{"not_picked":["Anger","Pommel Strike"],"picked":"Sword Boomerang","floor":7},{"not_picked":["Searing Blow","Heavy Blade","Dual Wield"],"picked":"Impervious","floor":11},{"not_picked":["Sever Soul","Clash","Warcry","Havoc"],"picked":"SKIP","floor":13},{"not_picked":["Clash","Sever Soul","Thunderclap","Twin Strike"],"picked":"SKIP","floor":14},{"not_picked":["Demon Form","Immolate","Double Tap"],"picked":"Offering","floor":16},{"not_picked":["Anger+1","Havoc","Heavy Blade"],"picked":"Warcry+1","floor":18},{"not_picked":["Body Slam","Pommel Strike","Clothesline"],"picked":"Shrug It Off","floor":20},{"not_picked":["Double Tap","Juggernaut","Wild Strike"],"picked":"Havoc+1","floor":23},{"not_picked":["Sentinel+1","Reckless Charge","Carnage","Pommel Strike"],"picked":"SKIP","floor":25},{"not_picked":["Iron Wave","Thunderclap","Clash"],"picked":"Body Slam","floor":28},{"not_picked":["Dropkick","Infernal Blade+1","Clash"],"picked":"Flex+1","floor":29},{"not_picked":["Thunderclap","Heavy Blade+1","Exhume+1"],"picked":"Flame Barrier+1","floor":31}],"player_experience":688069,"relics_obtained":[{"floor":7,"key":"Question Card"},{"floor":9,"key":"Potion Belt"},{"floor":11,"key":"Letter Opener"},{"floor":13,"key":"Happy Flower"},{"floor":23,"key":"Toxic Egg 2"},{"floor":25,"key":"Frozen Egg 2"},{"floor":26,"key":"Lantern"},{"floor":31,"key":"Blue Candle"}],"event_choices":[{"damage_healed":0,"gold_gain":75,"player_choice":"Gather Gold","damage_taken":11,"max_hp_gain":0,"max_hp_loss":0,"event_name":"World of Goop","floor":3,"gold_loss":0},{"damage_healed":0,"gold_gain":150,"player_choice":"AGREE","damage_taken":0,"max_hp_gain":0,"max_hp_loss":0,"event_name":"Liars Game","floor":4,"gold_loss":0,"cards_obtained":["Doubt"]},{"damage_healed":0,"gold_gain":0,"player_choice":"Bought 3 Potions","damage_taken":0,"max_hp_gain":0,"max_hp_loss":0,"event_name":"The Woman in Blue","floor":12,"gold_loss":0},{"damage_healed":0,"gold_gain":0,"player_choice":"Ignored","damage_taken":0,"max_hp_gain":0,"max_hp_loss":0,"event_name":"The Mausoleum","floor":21,"gold_loss":0},{"damage_healed":0,"gold_gain":50,"player_choice":"Pray","damage_taken":0,"max_hp_gain":0,"max_hp_loss":0,"event_name":"Golden Shrine","floor":22,"gold_loss":0}],"is_beta":false,"boss_relics":[{"not_picked":["Black Star","Black Blood"],"picked":"Runic Pyramid"}],"items_purged_floors":[5,19],"is_endless":false,"potions_floor_spawned":[7,13,18,28,29],"killed_by":"Champ","ascension_level":20}