{"gold_per_floor":[218,232,251,47,83,111,111,192,192,227,227,295,295,370,370,370],"floor_reached":16,"playtime":549,"items_purged":[],"score":290,"play_id":"c57d8e63-3103-46ae-85d4-e96942548711","local_time":"20190617222401","is_ascension_mode":true,"campfire_choices":[{"data":"HandOfGreed","floor":7,"key":"SMITH"},{"data":"Deadly Poison","floor":11,"key":"SMITH"},{"floor":15,"key":"REST"}],"neow_cost":"NONE","seed_source_timestamp":34737702381467,"circlet_count":0,"master_deck":["AscendersBane","Defend_G","Defend_G","Defend_G","Defend_G","Defend_G","Strike_G","Strike_G","Strike_G","Strike_G","Strike_G","Survivor","Neutralize","Quick Slash","Deadly Poison+1","Riddle With Holes","HandOfGreed+1","Backstab","PiercingWail","Well Laid Plans"],"relics":["Ring of the Snake","PreservedInsect","Lantern","Singing Bowl","Omamori"],"potions_floor_usage":[6,16,16],"damage_taken":[{"damage":6,"enemies":"2 Louse","floor":1,"turns":3},{"damage":1,"enemies":"Small Slimes","floor":2,"turns":4},{"damage":0,"enemies":"Jaw Worm","floor":3,"turns":3},{"damage":4,"enemies":"Looter","floor":5,"turns":3},{"damage":8,"enemies":"Gremlin Nob","floor":6,"turns":3},{"damage":9,"enemies":"3 Sentries","floor":8,"turns":5},{"damage":0,"enemies":"Gremlin Nob","floor":10,"turns":2},{"damage":1,"enemies":"3 Louse","floor":12,"turns":5},{"damage":44,"enemies":"Slime Boss","floor":16,"turns":7}],"seed_played":"-2772989108442209604","potions_obtained":[{"floor":3,"key":"SteroidPotion"},{"floor":5,"key":"GamblersBrew"},{"floor":6,"key":"Explosive Potion"}],"is_trial":false,"path_per_floor":["M","M","M","$","M","E","R","E","T","E","R","M","?","?","R","B"],"character_chosen":"THE_SILENT","items_purchased":["HandOfGreed"],"campfire_rested":1,"item_purchase_floors":[4],"current_hp_per_floor":[53,52,52,52,48,40,40,31,31,33,33,32,21,10,30,0],"gold":370,"neow_bonus":"HUNDRED_GOLD","is_prod":false,"is_daily":false,"chose_seed":false,"campfire_upgraded":2,"win_rate":0,"timestamp":1560803041,"path_taken":["M","M","M","$","M","E","R","E","T","E","R","M","?","?","R","BOSS"],"build_version":"2019-01-23","purchased_purges":0,"victory":false,"max_hp_per_floor":[66,66,66,66,66,66,66,66,66,68,68,68,68,68,68,68],"card_choices":[{"not_picked":["Caltrops","Deflect"],"picked":"Quick Slash","floor":1},{"not_picked":["Sucker Punch","Dodge and Roll"],"picked":"Deadly Poison","floor":2},{"not_picked":["Blade Dance","Masterful Stab"],"picked":"Riddle With Holes","floor":3},{"not_picked":["Bane","Unload","Prepared"],"picked":"SKIP","floor":5},{"not_picked":["Eviscerate","PiercingWail"],"picked":"Backstab","floor":6},{"not_picked":["Terror","Dodge and Roll"],"picked":"PiercingWail","floor":8},{"not_picked":["Dagger Spray","Doppelganger","Calculated Gamble"],"picked":"Singing Bowl","floor":10},{"not_picked":["Dagger Spray","Sucker Punch"],"picked":"Well Laid Plans","floor":12}],"player_experience":1402404,"relics_obtained":[{"floor":6,"key":"PreservedInsect"},{"floor":8,"key":"Lantern"},{"floor":10,"key":"Singing Bowl"}],"event_choices":[{"damage_healed":0,"gold_gain":0,"player_choice":"Success","damage_taken":11,"relics_obtained":["Omamori"],"max_hp_gain":0,"max_hp_loss":0,"event_name":"Scrap Ooze","floor":13,"gold_loss":0},{"damage_healed":0,"gold_gain":75,"player_choice":"Gather Gold","damage_taken":11,"max_hp_gain":0,"max_hp_loss":0,"event_name":"World of Goop","floor":14,"gold_loss":0}],"is_beta":false,"boss_relics":[],"items_purged_floors":[],"is_endless":false,"potions_floor_spawned":[3,5,6,8],"killed_by":"Slime Boss","ascension_level":20}