{"gold_per_floor":[110,60,60,78,38,70,70,87,87,87,107,127,127,157,157,257,257,277,290,290,290,310,6,6,22,22,37,57,57,57,91,91,91],"floor_reached":33,"playtime":2418,"items_purged":["Strike_G"],"score":425,"play_id":"5f88076a-a4f6-442d-97d9-583f16579f00","local_time":"20190527205905","is_ascension_mode":true,"campfire_choices":[{"data":"Noxious Fumes","floor":7,"key":"SMITH"},{"data":"Neutralize","floor":13,"key":"SMITH"},{"floor":15,"key":"REST"},{"floor":24,"key":"REST"},{"floor":29,"key":"REST"},{"floor":32,"key":"REST"}],"neow_cost":"NONE","seed_source_timestamp":823704483328998,"circlet_count":0,"master_deck":["Defend_G","Defend_G","Defend_G","Defend_G","Strike_G","Strike_G","Strike_G","Survivor+1","Neutralize+1","Quick Slash","Noxious Fumes+1","PiercingWail+1","Backstab","Backflip","Envenom","Caltrops","Deflect","Backstab","Footwork","Crippling Poison","Tactician+1","Decay"],"relics":["Ring of the Snake","NeowsBlessing","Darkstone Periapt","Orichalcum","Bag of Marbles","Dodecahedron","WristBlade","Nilry\u0027s Codex","Bronze Scales","Matryoshka","Peace Pipe"],"potions_floor_usage":[12,14,18,18,28,33,33],"damage_taken":[{"damage":0,"enemies":"2 Louse","floor":1,"turns":1},{"damage":0,"enemies":"Small Slimes","floor":4,"turns":1},{"damage":0,"enemies":"3 Sentries","floor":6,"turns":1},{"damage":0,"enemies":"Cultist","floor":8,"turns":3},{"damage":0,"enemies":"Large Slime","floor":11,"turns":5},{"damage":1,"enemies":"2 Fungi Beasts","floor":12,"turns":4},{"damage":0,"enemies":"Gremlin Nob","floor":14,"turns":3},{"damage":28,"enemies":"Hexaghost","floor":16,"turns":11},{"damage":14,"enemies":"Spheric Guardian","floor":18,"turns":8},{"damage":5,"enemies":"Shell Parasite","floor":19,"turns":5},{"damage":9,"enemies":"Cultist and Chosen","floor":22,"turns":7},{"damage":0,"enemies":"Centurion and Healer","floor":25,"turns":7},{"damage":14,"enemies":"3 Cultists","floor":27,"turns":5},{"damage":20,"enemies":"Sentry and Sphere","floor":28,"turns":7},{"damage":23,"enemies":"Book of Stabbing","floor":31,"turns":5},{"damage":50,"enemies":"Automaton","floor":33,"turns":6}],"seed_played":"5095949834440196820","potions_obtained":[{"floor":1,"key":"GhostInAJar"},{"floor":4,"key":"Swift Potion"},{"floor":8,"key":"EssenceOfSteel"},{"floor":14,"key":"Dexterity Potion"},{"floor":16,"key":"PowerPotion"},{"floor":19,"key":"SpeedPotion"},{"floor":25,"key":"FearPotion"},{"floor":31,"key":"Strength Potion"}],"is_trial":false,"path_per_floor":["M","?","?","M","$","E","R","M","T","?","M","M","R","E","R","B",null,"M","M","?","?","M","$","R","M","T","M","M","R","?","E","R","B"],"character_chosen":"THE_SILENT","items_purchased":["Noxious Fumes","Bronze Scales","Footwork"],"campfire_rested":4,"item_purchase_floors":[5,23,23],"current_hp_per_floor":[63,63,63,63,63,63,63,63,63,49,49,48,48,48,69,41,63,49,44,28,28,19,19,40,40,40,26,6,27,33,10,32,0],"gold":91,"neow_bonus":"THREE_ENEMY_KILL","is_prod":false,"is_daily":false,"chose_seed":false,"campfire_upgraded":2,"win_rate":0,"timestamp":1559001545,"path_taken":["M","?","?","M","$","E","R","?","T","?","M","M","R","E","R","BOSS","M","M","?","?","M","$","R","M","T","M","?","R","?","E","R","BOSS"],"build_version":"2019-01-23","purchased_purges":1,"victory":false,"max_hp_per_floor":[70,70,70,70,70,70,70,70,70,70,70,70,70,70,70,70,70,70,70,70,70,70,70,70,70,70,70,70,70,76,76,76,76],"card_choices":[{"not_picked":["Distraction","Bouncing Flask"],"picked":"Quick Slash","floor":1},{"not_picked":["Concentrate","Accuracy","Distraction"],"picked":"SKIP","floor":4},{"not_picked":["Underhanded Strike","All Out Attack"],"picked":"PiercingWail","floor":6},{"not_picked":["Sucker Punch","Underhanded Strike","Cloak And Dagger"],"picked":"SKIP","floor":8},{"not_picked":["Blade Dance","Dagger Throw","Concentrate"],"picked":"SKIP","floor":11},{"not_picked":["Accuracy","Sucker Punch"],"picked":"Backstab","floor":12},{"not_picked":["Doppelganger","Well Laid Plans"],"picked":"Backflip","floor":14},{"not_picked":["Corpse Explosion","Night Terror"],"picked":"Envenom","floor":16},{"not_picked":["Outmaneuver","Cloak And Dagger"],"picked":"Caltrops","floor":18},{"not_picked":["Prepared","Dagger Spray+1"],"picked":"Deflect","floor":19},{"not_picked":["Deadly Poison","Tactician"],"picked":"Backstab","floor":22},{"not_picked":["Concentrate","Underhanded Strike"],"picked":"Crippling Poison","floor":25},{"not_picked":["Dagger Throw","Storm of Steel","Deadly Poison"],"picked":"SKIP","floor":27},{"not_picked":["Bane","Catalyst"],"picked":"Tactician+1","floor":28},{"not_picked":["Outmaneuver","Dagger Spray","Acrobatics"],"picked":"SKIP","floor":31}],"player_experience":803195,"relics_obtained":[{"floor":6,"key":"Orichalcum"},{"floor":9,"key":"Bag of Marbles"},{"floor":14,"key":"Dodecahedron"},{"floor":20,"key":"Nilry\u0027s Codex"},{"floor":26,"key":"Matryoshka"},{"floor":31,"key":"Peace Pipe"}],"event_choices":[{"cards_removed":["Defend_G"],"damage_healed":0,"gold_gain":0,"player_choice":"Card Removal","damage_taken":0,"max_hp_gain":0,"max_hp_loss":0,"event_name":"The Cleric","floor":2,"gold_loss":50},{"damage_healed":0,"gold_gain":0,"player_choice":"Gave Potion","damage_taken":0,"relics_obtained":["Darkstone Periapt"],"max_hp_gain":0,"max_hp_loss":0,"event_name":"WeMeetAgain","floor":3,"gold_loss":0},{"damage_healed":0,"gold_gain":0,"player_choice":"Entered Light","damage_taken":14,"max_hp_gain":0,"max_hp_loss":0,"event_name":"Shining Light","floor":10,"gold_loss":0,"cards_upgraded":["PiercingWail","Survivor"]},{"damage_healed":0,"gold_gain":0,"player_choice":"Obtained Book","damage_taken":16,"max_hp_gain":0,"max_hp_loss":0,"event_name":"Cursed Tome","floor":20,"gold_loss":0},{"cards_removed":["Strike_G"],"damage_healed":0,"gold_gain":0,"player_choice":"Purged","damage_taken":0,"max_hp_gain":0,"max_hp_loss":0,"event_name":"Purifier","floor":21,"gold_loss":0},{"damage_healed":0,"gold_gain":0,"player_choice":"Smashed Altar","damage_taken":0,"max_hp_gain":0,"max_hp_loss":0,"event_name":"Forgotten Altar","floor":30,"gold_loss":0,"cards_obtained":["Decay"]}],"is_beta":false,"boss_relics":[{"not_picked":["Fusion Hammer","Orrery"],"picked":"WristBlade"}],"items_purged_floors":[23],"is_endless":false,"potions_floor_spawned":[1,4,8,14,16,19,25,31],"killed_by":"Automaton","ascension_level":6}