{"gold_per_floor":[116,134,134,40,54,54,83,83,83,117,15,15],"floor_reached":12,"playtime":622,"items_purged":[],"score":172,"play_id":"6510d6d4-f56a-4a77-b222-2f98d1f866cc","local_time":"20190602185927","is_ascension_mode":true,"campfire_choices":[{"data":"Strike_G","floor":6,"key":"SMITH"},{"floor":8,"key":"REST"}],"neow_cost":"NONE","seed_source_timestamp":25565091724150,"circlet_count":0,"master_deck":["AscendersBane","Defend_G","Defend_G","Defend_G","Defend_G","Defend_G","Strike_G+1","Strike_G","Strike_G","Strike_G","Strike_G","Survivor","Neutralize+1","PiercingWail","Footwork","Cloak And Dagger","PiercingWail","Dagger Throw","Caltrops"],"special_seed":0,"relics":["Ring of the Snake","Omamori","Blue Candle","The Courier","Potion Belt"],"potions_floor_usage":[10,10,12],"damage_taken":[{"damage":1.0,"enemies":"2 Louse","floor":1.0,"turns":4.0},{"damage":1.0,"enemies":"Small Slimes","floor":2.0,"turns":5.0},{"damage":0,"enemies":"Jaw Worm","floor":5,"turns":9},{"damage":29,"enemies":"3 Sentries","floor":7,"turns":16},{"damage":28,"enemies":"Gremlin Nob","floor":10,"turns":6},{"damage":9,"enemies":"Lagavulin","floor":12,"turns":7}],"seed_played":"1243289504010960017","potions_obtained":[{"floor":5,"key":"Ancient Potion"},{"floor":7,"key":"GhostInAJar"}],"is_trial":false,"path_per_floor":["M","M","?","$","M","R","E","R","T","E","$","E"],"character_chosen":"THE_SILENT","items_purchased":["Footwork","Fire Potion","Caltrops","Block Potion"],"campfire_rested":1,"item_purchase_floors":[4,4,11,11],"current_hp_per_floor":[58,57,46,46,46,46,17,36,36,8,8,0],"gold":15,"neow_bonus":"UPGRADE_CARD","is_prod":false,"is_daily":false,"chose_seed":false,"campfire_upgraded":1,"win_rate":0,"timestamp":1559494767,"path_taken":["M","M","?","$","M","R","E","R","T","E","$","E"],"build_version":"2019-01-23","purchased_purges":0,"victory":false,"max_hp_per_floor":[66,66,66,66,66,66,66,66,66,66,66,66],"card_choices":[{"not_picked":["Deflect","Dodge and Roll"],"picked":"PiercingWail","floor":1.0},{"not_picked":["Acrobatics","Underhanded Strike","Blade Dance"],"picked":"SKIP","floor":2.0},{"not_picked":["Concentrate","Underhanded Strike"],"picked":"Cloak And Dagger","floor":5},{"not_picked":["Deflect","Slice"],"picked":"PiercingWail","floor":7},{"not_picked":["Deflect","Sucker Punch"],"picked":"Dagger Throw","floor":10}],"player_experience":1273715,"relics_obtained":[{"floor":7,"key":"Blue Candle"},{"floor":9,"key":"The Courier"},{"floor":10,"key":"Potion Belt"}],"event_choices":[{"damage_healed":0,"gold_gain":0,"player_choice":"Success","damage_taken":11,"relics_obtained":["Omamori"],"max_hp_gain":0,"max_hp_loss":0,"event_name":"Scrap Ooze","floor":3,"gold_loss":0}],"is_beta":false,"boss_relics":[],"items_purged_floors":[],"is_endless":false,"potions_floor_spawned":[5,7],"killed_by":"Lagavulin","ascension_level":20}