{"gold_per_floor":[18,18,193,209,101,101,1,1,46,46,67,105,130,168,168,298,298,318,79,79,103,124,124,148,148,148,171,214,214,245,266,266,394,394,415,438,456,456,481,522,522,547,547,568,568,269,269,294,294,294,294,294,1,42,42],"floor_reached":55,"playtime":3141,"items_purged":["Doubt","Strike_R","Parasite","Feed"],"score":774,"play_id":"c77b5504-91cc-4f44-862b-56c6d7109ead","local_time":"20190327141116","is_ascension_mode":false,"campfire_choices":[{"data":"Bash","floor":6,"key":"SMITH"},{"data":"Anger","floor":8,"key":"SMITH"},{"data":"Inflame","floor":10,"key":"SMITH"},{"data":"Inflame","floor":15,"key":"SMITH"},{"floor":23,"key":"RECALL"},{"floor":32,"key":"REST"},{"floor":41,"key":"REST"},{"floor":45,"key":"REST"},{"floor":49,"key":"REST"},{"data":"Metallicize","floor":52,"key":"SMITH"}],"neow_cost":"NO_GOLD","seed_source_timestamp":271417839296339,"circlet_count":0,"master_deck":["Bash+1","Anger+1","Inflame+1","Clothesline","Inflame+1","Iron Wave","Pommel Strike","Bludgeon","Metallicize+1","Battle Trance","Ghostly Armor+1","Shrug It Off+1","Pommel Strike+1","Limit Break+1","Body Slam","Pommel Strike","Sever Soul","Evolve+1","Fire Breathing+1","Shrug It Off"],"relics":["Burning Blood","Golden Idol","Anchor","Bronze Scales","Ornamental Fan","Gambling Chip","Potion Belt","Nloth\u0027s Gift","FossilizedHelix","Pandora\u0027s Box","Happy Flower","Letter Opener","Ancient Tea Set","Oddly Smooth Stone","Strawberry"],"potions_floor_usage":[16,16,22,24,27,27,27,28,28,30,31,37,39,44,48,48,48,50],"damage_taken":[{"damage":4,"enemies":"Jaw Worm","floor":1,"turns":5},{"damage":12,"enemies":"Small Slimes","floor":4,"turns":5},{"damage":0,"enemies":"Cultist","floor":11,"turns":2},{"damage":16,"enemies":"Lagavulin","floor":12,"turns":5},{"damage":3,"enemies":"Gremlin Gang","floor":13,"turns":4},{"damage":13,"enemies":"3 Sentries","floor":14,"turns":5},{"damage":35,"enemies":"The Guardian","floor":16,"turns":8},{"damage":17,"enemies":"Spheric Guardian","floor":18,"turns":4},{"damage":2,"enemies":"Shell Parasite","floor":21,"turns":4},{"damage":14,"enemies":"Centurion and Healer","floor":22,"turns":3},{"damage":15,"enemies":"Snecko","floor":24,"turns":4},{"damage":0,"enemies":"Cultist and Chosen","floor":27,"turns":4},{"damage":30,"enemies":"Slavers","floor":28,"turns":5},{"damage":11,"enemies":"Book of Stabbing","floor":30,"turns":5},{"damage":1,"enemies":"Sentry and Sphere","floor":31,"turns":6},{"damage":41,"enemies":"Collector","floor":33,"turns":11},{"damage":0,"enemies":"Orb Walker","floor":35,"turns":4},{"damage":0,"enemies":"3 Shapes","floor":36,"turns":5},{"damage":7,"enemies":"Sphere and 2 Shapes","floor":37,"turns":5},{"damage":0,"enemies":"Maw","floor":39,"turns":7},{"damage":76,"enemies":"Reptomancer","floor":40,"turns":6},{"damage":29,"enemies":"Writhing Mass","floor":42,"turns":6},{"damage":20,"enemies":"4 Shapes","floor":44,"turns":8},{"damage":0,"enemies":"3 Darklings","floor":48,"turns":6},{"damage":62,"enemies":"Time Eater","floor":50,"turns":9},{"damage":75,"enemies":"Shield and Spear","floor":54,"turns":7},{"damage":27,"enemies":"The Heart","floor":55,"turns":2}],"seed_played":"7850921859503670817","potions_obtained":[{"floor":11,"key":"Strength Potion"},{"floor":13,"key":"Weak Potion"},{"floor":14,"key":"Regen Potion"},{"floor":18,"key":"Explosive Potion"},{"floor":20,"key":"EntropicBrew"},{"floor":27,"key":"Block Potion"},{"floor":28,"key":"Strength Potion"},{"floor":30,"key":"EssenceOfSteel"},{"floor":33,"key":"Ancient Potion"},{"floor":37,"key":"Energy Potion"},{"floor":42,"key":"Swift Potion"},{"floor":44,"key":"EntropicBrew"}],"is_trial":false,"path_per_floor":["M","?","?","M","$","R","$","R","T","R","M","E","M","E","R","B",null,"M","$","?","M","M","R","M","?","T","M","E","?","E","M","R","B",null,"M","M","M","?","M","E","R","M","T","M","R","$","?","M","R","B",null,"R","$","E","B"],"character_chosen":"IRONCLAD","items_purchased":["Inflame","Ornamental Fan","Shrug It Off","Ancient Tea Set","Oddly Smooth Stone"],"campfire_rested":4,"item_purchase_floors":[5,19,46,46,53],"current_hp_per_floor":[80,60,60,54,54,54,54,54,54,54,60,50,53,46,46,17,80,69,69,69,73,65,65,68,60,60,66,42,42,37,45,69,34,83,86,86,88,89,89,19,45,22,22,11,38,38,38,44,70,14,89,89,89,27,0],"gold":42,"neow_bonus":"REMOVE_TWO","is_prod":false,"is_daily":false,"chose_seed":false,"campfire_upgraded":5,"win_rate":0,"timestamp":1553706676,"path_taken":["M","?","?","M","$","R","$","R","T","R","M","E","M","E","R","BOSS","M","$","?","M","?","R","?","?","T","?","E","?","E","M","R","BOSS","M","M","?","?","M","E","R","M","T","?","R","$","?","M","R","BOSS","R","$","E","BOSS"],"build_version":"2019-01-23","purchased_purges":4,"victory":false,"max_hp_per_floor":[80,80,80,80,80,80,80,80,80,80,80,80,80,80,80,80,80,80,80,80,80,80,80,80,80,80,80,80,80,80,83,83,83,83,86,86,89,89,89,89,89,89,89,92,92,89,89,89,89,89,89,89,89,96,96],"card_choices":[{"not_picked":["Heavy Blade","Blood for Blood"],"picked":"Anger","floor":1},{"not_picked":["Clothesline","Perfected Strike","Body Slam"],"picked":"SKIP","floor":4},{"not_picked":["Corruption","Cleave"],"picked":"Clothesline","floor":11},{"not_picked":["Exhume","Thunderclap"],"picked":"Inflame","floor":12},{"not_picked":["Blood for Blood","Intimidate"],"picked":"Iron Wave","floor":13},{"not_picked":["Twin Strike","Body Slam"],"picked":"Pommel Strike","floor":14},{"not_picked":["Brutality","Fiend Fire"],"picked":"Bludgeon","floor":16},{"not_picked":["Wild Strike","Hemokinesis","Clothesline"],"picked":"SKIP","floor":18},{"not_picked":["True Grit","Havoc"],"picked":"Metallicize","floor":21},{"not_picked":["Burning Pact","Cleave","True Grit"],"picked":"SKIP","floor":22},{"not_picked":["Dual Wield","Havoc"],"picked":"Battle Trance","floor":24},{"not_picked":["Shockwave","Thunderclap"],"picked":"Ghostly Armor+1","floor":27},{"not_picked":["Juggernaut","Rage"],"picked":"Shrug It Off+1","floor":28},{"not_picked":["Thunderclap+1","Pummel"],"picked":"Feed","floor":30},{"not_picked":["True Grit","Shrug It Off"],"picked":"Pommel Strike+1","floor":31},{"not_picked":["Juggernaut","Feed"],"picked":"Limit Break","floor":33},{"not_picked":["Bloodletting+1","Body Slam","Shockwave"],"picked":"SKIP","floor":35},{"not_picked":["Sword Boomerang","Heavy Blade+1"],"picked":"Evolve+1","floor":36},{"not_picked":["Combust","Reckless Charge+1","Whirlwind"],"picked":"SKIP","floor":37},{"not_picked":["Brutality","Bloodletting","Sentinel+1"],"picked":"SKIP","floor":39},{"not_picked":["Cleave+1","Offering","Dark Embrace"],"picked":"SKIP","floor":40},{"not_picked":["Infernal Blade","Whirlwind"],"picked":"Fire Breathing+1","floor":42},{"not_picked":["Sword Boomerang+1","Clash+1","Iron Wave+1"],"picked":"SKIP","floor":44},{"not_picked":["Headbutt+1","Pommel Strike","Clash"],"picked":"SKIP","floor":48},{"not_picked":["Pommel Strike","True Grit","Cleave+1"],"picked":"SKIP","floor":54}],"player_experience":540323,"relics_obtained":[{"floor":12,"key":"Anchor"},{"floor":14,"key":"Bronze Scales"},{"floor":26,"key":"Gambling Chip"},{"floor":28,"key":"Potion Belt"},{"floor":30,"key":"FossilizedHelix"},{"floor":40,"key":"Happy Flower"},{"floor":43,"key":"Letter Opener"},{"floor":54,"key":"Strawberry"}],"event_choices":[{"damage_healed":0,"gold_gain":0,"player_choice":"Take Damage","damage_taken":20,"relics_obtained":["Golden Idol"],"max_hp_gain":0,"max_hp_loss":0,"event_name":"Golden Idol","floor":2,"gold_loss":0},{"damage_healed":0,"gold_gain":175,"player_choice":"AGREE","damage_taken":0,"max_hp_gain":0,"max_hp_loss":0,"event_name":"Liars Game","floor":3,"gold_loss":0,"cards_obtained":["Doubt"]},{"damage_healed":0,"gold_gain":0,"player_choice":"Got Potions","damage_taken":0,"max_hp_gain":0,"max_hp_loss":0,"event_name":"Lab","floor":20,"gold_loss":0},{"damage_healed":0,"gold_gain":0,"player_choice":"","damage_taken":8,"max_hp_gain":0,"max_hp_loss":0,"event_name":"Knowing Skull","floor":25,"potions_obtained":[],"gold_loss":0,"cards_obtained":[]},{"damage_healed":0,"gold_gain":0,"player_choice":"Traded Relic","damage_taken":0,"relics_obtained":["Nloth\u0027s Gift"],"max_hp_gain":0,"max_hp_loss":0,"event_name":"N\u0027loth","floor":29,"relics_lost":["Empty Cage"],"gold_loss":0},{"cards_removed":["Corruption"],"damage_healed":1,"gold_gain":0,"player_choice":"Offered Uncommon","damage_taken":0,"max_hp_gain":0,"max_hp_loss":0,"event_name":"Bonfire Elementals","floor":38,"gold_loss":0},{"damage_healed":0,"gold_gain":0,"player_choice":"Upgraded","damage_taken":0,"max_hp_gain":0,"max_hp_loss":0,"event_name":"Upgrade Shrine","floor":47,"gold_loss":0,"cards_upgraded":["Limit Break"]}],"is_beta":false,"boss_relics":[{"not_picked":["White Beast Statue","Ectoplasm"],"picked":"Empty Cage"},{"not_picked":["Mark of Pain","Runic Cube"],"picked":"Pandora\u0027s Box"}],"items_purged_floors":[5,7,46,53],"is_endless":false,"potions_floor_spawned":[11,13,14,18,27,28,30,33,37,42,44],"killed_by":"The Heart","ascension_level":0}