{"gold_per_floor":[113,113,113,127,127,165,186,111,111,155,174,174,96,112,112,205,205,224,124,138,153,192,192,192],"floor_reached":24,"playtime":1272,"items_purged":["Strike_B","Strike_B"],"score":462,"play_id":"1ca1796b-b19b-444a-8ba1-a0e80e021846","local_time":"20190224180950","is_ascension_mode":true,"campfire_choices":[{"data":"Reinforced Body","floor":12,"key":"SMITH"},{"data":"Loop","floor":15,"key":"SMITH"},{"floor":23,"key":"REST"}],"neow_cost":"NONE","seed_source_timestamp":21293138506992,"circlet_count":0,"master_deck":["AscendersBane","Strike_B","Defend_B","Defend_B","Defend_B","Defend_B","Zap","Dualcast","Self Repair","Reinforced Body+1","Loop+1","Leap","Multi-Cast","Hologram","Leap"],"relics":["Cracked Core","NeowsBlessing","Calipers","Golden Idol","Symbiotic Virus","Mummified Hand","Pen Nib","Snecko Eye","Red Mask"],"potions_floor_usage":[22,22,22,24,24],"damage_taken":[{"damage":0,"enemies":"Small Slimes","floor":1,"turns":1},{"damage":0,"enemies":"2 Louse","floor":4,"turns":1},{"damage":0,"enemies":"3 Sentries","floor":6,"turns":1},{"damage":0,"enemies":"Cultist","floor":7,"turns":4},{"damage":10,"enemies":"Lagavulin","floor":10,"turns":6},{"damage":2,"enemies":"Large Slime","floor":11,"turns":6},{"damage":4,"enemies":"Red Slaver","floor":14,"turns":4},{"damage":16,"enemies":"Slime Boss","floor":16,"turns":6},{"damage":0,"enemies":"Chosen","floor":18,"turns":3},{"damage":7,"enemies":"3 Byrds","floor":20,"turns":5},{"damage":35,"enemies":"3 Cultists","floor":21,"turns":5},{"damage":27,"enemies":"Masked Bandits","floor":22,"turns":3},{"damage":38,"enemies":"Gremlin Leader","floor":24,"turns":4}],"seed_played":"6959675453325033435","potions_obtained":[{"floor":1,"key":"Dexterity Potion"},{"floor":14,"key":"EntropicBrew"},{"floor":22,"key":"Weak Potion"}],"is_trial":false,"path_per_floor":["M","?","?","M","?","E","M","$","T","E","M","R","$","M","R","B",null,"M","$","M","M","?","R","E"],"character_chosen":"DEFECT","items_purchased":["Loop"],"campfire_rested":1,"item_purchase_floors":[13],"current_hp_per_floor":[64,46,39,39,39,39,46,46,46,43,48,48,48,51,51,42,59,64,64,64,36,16,35,0],"gold":192,"neow_bonus":"THREE_ENEMY_KILL","is_prod":false,"is_daily":false,"chose_seed":false,"campfire_upgraded":2,"win_rate":0,"timestamp":1551028190,"path_taken":["M","?","?","M","?","E","M","$","T","E","M","R","$","M","R","BOSS","M","$","M","M","?","R","E"],"build_version":"2019-01-23","purchased_purges":2,"victory":false,"max_hp_per_floor":[71,71,71,71,64,64,64,64,64,64,64,64,64,64,64,64,64,64,64,64,64,64,64,64],"card_choices":[{"not_picked":["BootSequence","Streamline"],"picked":"Self Repair","floor":1},{"not_picked":["Coolheaded","Beam Cell"],"picked":"Reinforced Body","floor":4},{"not_picked":["Blizzard","Reprogram","Barrage"],"picked":"SKIP","floor":6},{"not_picked":["Beam Cell","Gash","Storm"],"picked":"SKIP","floor":7},{"not_picked":["Beam Cell","Gash","Storm"],"picked":"SKIP","floor":7},{"not_picked":["Go for the Eyes","Chill","Beam Cell"],"picked":"SKIP","floor":10},{"not_picked":["Rainbow","Tempest","Melter"],"picked":"SKIP","floor":11},{"not_picked":["Aggregate","Go for the Eyes"],"picked":"Leap","floor":14},{"not_picked":["Meteor Strike","Machine Learning"],"picked":"Multi-Cast","floor":16},{"not_picked":["Glacier","Streamline"],"picked":"Hologram","floor":18},{"not_picked":["Turbo","Beam Cell","Lockon"],"picked":"SKIP","floor":20},{"not_picked":["Barrage","Coolheaded","Turbo"],"picked":"SKIP","floor":21},{"not_picked":["Glacier","Coolheaded"],"picked":"Leap","floor":22}],"player_experience":982658,"relics_obtained":[{"floor":6,"key":"Symbiotic Virus"},{"floor":9,"key":"Mummified Hand"},{"floor":10,"key":"Pen Nib"},{"floor":22,"key":"Red Mask"}],"event_choices":[{"damage_healed":0,"gold_gain":0,"player_choice":"Success","damage_taken":18,"relics_obtained":["Calipers"],"max_hp_gain":0,"max_hp_loss":0,"event_name":"Scrap Ooze","floor":2,"gold_loss":0},{"cards_removed":["Strike_B"],"damage_healed":0,"gold_gain":0,"player_choice":"Card Removal","damage_taken":7,"max_hp_gain":0,"max_hp_loss":0,"event_name":"Golden Wing","floor":3,"gold_loss":0},{"damage_healed":0,"gold_gain":0,"player_choice":"Lose Max HP","damage_taken":0,"relics_obtained":["Golden Idol"],"max_hp_gain":0,"max_hp_loss":7,"event_name":"Golden Idol","floor":5,"gold_loss":0},{"damage_healed":0,"gold_gain":0,"player_choice":"Fought Bandits","damage_taken":0,"max_hp_gain":0,"max_hp_loss":0,"event_name":"Masked Bandits","floor":22,"gold_loss":0}],"is_beta":false,"boss_relics":[{"not_picked":["Calling Bell","White Beast Statue"],"picked":"Snecko Eye"}],"items_purged_floors":[8,19],"is_endless":false,"potions_floor_spawned":[1,14,16,21,22],"killed_by":"Gremlin Leader","ascension_level":20}