{"gold_per_floor":[215,290,304,69,69,99,99,126,152,152,169,169,203,221,221,221],"floor_reached":16,"playtime":536,"items_purged":[],"score":250,"play_id":"147a90fd-3a59-4428-ba21-de82ecd69733","local_time":"20190517102417","is_ascension_mode":true,"campfire_choices":[{"floor":7,"key":"REST"},{"data":"Rage","floor":10,"key":"SMITH"},{"data":"Feel No Pain","floor":12,"key":"SMITH"},{"data":"Inflame","floor":15,"key":"SMITH"}],"neow_cost":"NONE","seed_source_timestamp":2490219513175394,"circlet_count":0,"master_deck":["AscendersBane","Strike_R","Strike_R","Strike_R","Strike_R","Strike_R","Defend_R","Defend_R","Defend_R","Defend_R","Bash","Iron Wave","Inflame+1","Rage+1","Shrug It Off","Feel No Pain+1","Warcry","Sword Boomerang"],"relics":["Burning Blood","Sling","PreservedInsect","Smiling Mask","Blood Vial","Omamori"],"potions_floor_usage":[8,13,16],"damage_taken":[{"damage":11,"enemies":"Small Slimes","floor":1,"turns":4},{"damage":1,"enemies":"2 Louse","floor":3,"turns":5},{"damage":28,"enemies":"Gremlin Nob","floor":6,"turns":4},{"damage":0,"enemies":"3 Sentries","floor":8,"turns":6},{"damage":1,"enemies":"Cultist","floor":11,"turns":4},{"damage":17,"enemies":"Gremlin Nob","floor":13,"turns":4},{"damage":0,"enemies":"Blue Slaver","floor":14,"turns":5},{"damage":77,"enemies":"Slime Boss","floor":16,"turns":7}],"seed_played":"8773387093632406719","potions_obtained":[{"floor":3,"key":"Dexterity Potion"},{"floor":11,"key":"Block Potion"},{"floor":13,"key":"LiquidBronze"}],"is_trial":false,"path_per_floor":["M","?","M","$","?","E","R","E","T","R","M","R","E","M","R","B"],"character_chosen":"IRONCLAD","items_purchased":["Sling","Rage"],"campfire_rested":1,"item_purchase_floors":[4,4],"current_hp_per_floor":[63,52,57,57,57,35,57,63,63,63,70,70,61,69,69,0],"gold":221,"neow_bonus":"HUNDRED_GOLD","is_prod":false,"is_daily":false,"chose_seed":false,"campfire_upgraded":3,"win_rate":0,"timestamp":1558099457,"path_taken":["M","?","M","$","?","E","R","E","T","R","M","R","E","M","R","BOSS"],"build_version":"2019-01-23","purchased_purges":0,"victory":false,"max_hp_per_floor":[75,75,75,75,75,75,75,75,75,75,75,75,75,75,75,75],"card_choices":[{"not_picked":["Rupture","Blood for Blood"],"picked":"Iron Wave","floor":1},{"not_picked":["Wild Strike","Rupture"],"picked":"Inflame","floor":3},{"not_picked":["Brutality","Heavy Blade"],"picked":"Shrug It Off","floor":6},{"not_picked":["Warcry","Iron Wave"],"picked":"Feel No Pain","floor":8},{"not_picked":["Twin Strike","True Grit"],"picked":"Warcry","floor":11},{"not_picked":["Berserk","Havoc","Bloodletting"],"picked":"SKIP","floor":13},{"not_picked":["Burning Pact","Blood for Blood"],"picked":"Sword Boomerang","floor":14}],"player_experience":750591,"relics_obtained":[{"floor":6,"key":"PreservedInsect"},{"floor":8,"key":"Smiling Mask"},{"floor":9,"key":"Blood Vial"},{"floor":13,"key":"Omamori"}],"event_choices":[{"damage_healed":0,"gold_gain":75,"player_choice":"Gather Gold","damage_taken":11,"max_hp_gain":0,"max_hp_loss":0,"event_name":"World of Goop","floor":2,"gold_loss":0},{"damage_healed":0,"gold_gain":0,"player_choice":"Ignored","damage_taken":0,"max_hp_gain":0,"max_hp_loss":0,"event_name":"Liars Game","floor":5,"gold_loss":0}],"is_beta":false,"boss_relics":[],"items_purged_floors":[],"is_endless":false,"potions_floor_spawned":[3,11,13],"killed_by":"Slime Boss","ascension_level":15}