{"gold_per_floor":[116,136,136,163,113,148,148,176,223,223,254,271,298,377,377,479,479,494,593,593,357,375,409,409,509,585,612,630,173,202,225,225,322,372,390,409,278,278,278,278,291,320,320,79,114,114,125,158,158,158,158,158,32,66,66],"floor_reached":56,"playtime":3460,"items_purged":["Defend_B","Strike_B","Strike_B","Defend_B"],"score":1859,"play_id":"df794c1f-f23c-46bf-a22d-ec1edf80ee66","local_time":"20190601115605","is_ascension_mode":true,"campfire_choices":[{"data":"Zap","floor":7.0,"key":"SMITH"},{"data":"Dualcast","floor":10.0,"key":"SMITH"},{"data":"Barrage","floor":15.0,"key":"SMITH"},{"data":"Chill","floor":24.0,"key":"SMITH"},{"data":"Defragment","floor":32.0,"key":"SMITH"},{"floor":40.0,"key":"RECALL"},{"data":"Ghostly","floor":46,"key":"SMITH"},{"data":"Ghostly","floor":49,"key":"SMITH"},{"data":"Buffer","floor":52,"key":"SMITH"}],"neow_cost":"NONE","seed_source_timestamp":1221900373758500,"circlet_count":0,"master_deck":["Defend_B","Zap+1","Dualcast+1","Ball Lightning","Barrage+1","Self Repair","Self Repair","Machine Learning","Beam Cell+1","Ghostly+1","Ghostly+1","Ghostly+1","Ghostly+1","Ghostly","Defragment+1","Gash+1","Chill+1","Defragment","Reprogram+1","Static Discharge","Heatsinks+1","Buffer+1","Beam Cell+1","Gash+1","Capacitor","Panache","Consume+1","Go for the Eyes+1","Double Energy+1","Gash+1"],"special_seed":0,"relics":["Cracked Core","NeowsBlessing","Unceasing Top","Centennial Puzzle","Anchor","Mercury Hourglass","Boot","The Courier","Empty Cage","Happy Flower","Turnip","Gambling Chip","Cables","Molten Egg 2","Torii","Mummified Hand","Omamori","DataDisk","Potion Belt","Tiny House","Mango","Bottled Tornado","Darkstone Periapt","Bronze Scales","Nunchaku","Strawberry","War Paint","Dead Branch"],"potions_floor_usage":[55,55,55,55,55],"damage_taken":[{"damage":0.0,"enemies":"Cultist","floor":1.0,"turns":1.0},{"damage":0.0,"enemies":"2 Louse","floor":2.0,"turns":1.0},{"damage":0.0,"enemies":"3 Sentries","floor":6.0,"turns":2.0},{"damage":16.0,"enemies":"Gremlin Nob","floor":8.0,"turns":3.0},{"damage":15.0,"enemies":"Lagavulin","floor":11.0,"turns":6.0},{"damage":0.0,"enemies":"Jaw Worm","floor":12.0,"turns":3.0},{"damage":6.0,"enemies":"3 Sentries","floor":13.0,"turns":5.0},{"damage":31.0,"enemies":"Hexaghost","floor":16.0,"turns":4.0},{"damage":14.0,"enemies":"Spheric Guardian","floor":18.0,"turns":4.0},{"damage":2.0,"enemies":"Shell Parasite","floor":22.0,"turns":4.0},{"damage":0.0,"enemies":"Gremlin Leader","floor":23.0,"turns":6.0},{"damage":0.0,"enemies":"Colosseum Slavers","floor":25.0,"turns":3.0},{"damage":0.0,"enemies":"Colosseum Nobs","floor":25.0,"turns":5.0},{"damage":11.0,"enemies":"Book of Stabbing","floor":27.0,"turns":6.0},{"damage":0.0,"enemies":"Cultist and Chosen","floor":28.0,"turns":6.0},{"damage":0.0,"enemies":"Slavers","floor":30.0,"turns":4.0},{"damage":0.0,"enemies":"Champ","floor":33.0,"turns":7.0},{"damage":0.0,"enemies":"3 Darklings","floor":35.0,"turns":4.0},{"damage":0.0,"enemies":"3 Shapes","floor":36.0,"turns":4.0},{"damage":0.0,"enemies":"Writhing Mass","floor":41.0,"turns":4.0},{"damage":0.0,"enemies":"Nemesis","floor":42.0,"turns":4.0},{"damage":0.0,"enemies":"Giant Head","floor":45.0,"turns":4.0},{"damage":0,"enemies":"Sphere and 2 Shapes","floor":47,"turns":3},{"damage":0,"enemies":"Reptomancer","floor":48,"turns":4},{"damage":0,"enemies":"Donu and Deca","floor":50,"turns":6},{"damage":0,"enemies":"Shield and Spear","floor":54,"turns":3},{"damage":31,"enemies":"The Heart","floor":55,"turns":7}],"seed_played":"-1798987803295517586","potions_obtained":[{"floor":11.0,"key":"AttackPotion"},{"floor":12.0,"key":"Energy Potion"},{"floor":13.0,"key":"EssenceOfSteel"},{"floor":16.0,"key":"SkillPotion"},{"floor":18.0,"key":"Dexterity Potion"},{"floor":22.0,"key":"EntropicBrew"},{"floor":25.0,"key":"SkillPotion"},{"floor":27.0,"key":"Weak Potion"},{"floor":35.0,"key":"FocusPotion"},{"floor":36.0,"key":"FocusPotion"},{"floor":41.0,"key":"FocusPotion"},{"floor":48,"key":"SkillPotion"}],"is_trial":false,"path_per_floor":["M","M","$","T","?","E","R","E","T","R","E","M","E","T","R","B",null,"M","?","?","$","M","E","R","?","T","E","M","$","E","T","R","B",null,"M","M","$","?","T","R","M","E","T","$","E","R","M","E","R","B",null,"R","$","E","B",null],"character_chosen":"DEFECT","items_purchased":["Happy Flower","Defragment","Mummified Hand","Static Discharge","Omamori","Capacitor","Bronze Scales","War Paint"],"campfire_rested":0,"item_purchase_floors":[21,21,29,29,29,37,44,53],"current_hp_per_floor":[75,75,75,75,75,75,75,59,59,59,51,65,66,66,66,49,75,75,75,37,37,37,37,37,37,37,37,37,37,37,37,37,37,42,42,42,42,42,56,56,56,56,56,56,56,56,56,63,63,63,63,63,63,63,39],"gold":66,"neow_bonus":"THREE_ENEMY_KILL","is_prod":false,"is_daily":false,"chose_seed":false,"campfire_upgraded":8,"win_rate":0,"timestamp":1559400965,"path_taken":["M","M","$","?","?","E","R","E","T","R","E","M","E","?","R","BOSS","M","?","?","$","M","E","R","?","T","E","M","$","E","?","R","BOSS","M","M","$","?","?","R","M","E","T","$","E","R","?","E","R","BOSS","R","$","E","BOSS"],"build_version":"2019-01-23","purchased_purges":4,"victory":true,"max_hp_per_floor":[75,75,75,75,75,75,75,75,75,75,75,75,75,75,75,75,75,75,75,37,37,37,37,37,37,37,37,37,37,37,37,37,37,42,42,42,42,42,56,56,56,56,56,56,56,56,56,63,63,63,63,63,63,63,63],"card_choices":[{"not_picked":["Redo","Compile Driver"],"picked":"Ball Lightning","floor":1.0},{"not_picked":["Stack","Chaos"],"picked":"Barrage","floor":2.0},{"not_picked":["Hologram","Ball Lightning","Fusion"],"picked":"SKIP","floor":6.0},{"not_picked":["Coolheaded","Beam Cell"],"picked":"Self Repair","floor":8.0},{"not_picked":["Hello World","Ball Lightning"],"picked":"Self Repair","floor":11.0},{"not_picked":["Streamline","Meteor Strike","Barrage"],"picked":"SKIP","floor":12.0},{"not_picked":["Chaos","Heatsinks","Barrage"],"picked":"SKIP","floor":13.0},{"not_picked":["Meteor Strike","Creative AI"],"picked":"Machine Learning","floor":16.0},{"not_picked":["Hello World","Chaos"],"picked":"Beam Cell+1","floor":18.0},{"not_picked":["FTL","Double Energy"],"picked":"Gash+1","floor":22.0},{"not_picked":["Storm","Streamline"],"picked":"Chill","floor":23.0},{"not_picked":["Scrape+1","Reinforced Body"],"picked":"Defragment","floor":25.0},{"not_picked":["Streamline+1","Hyperbeam+1"],"picked":"Reprogram","floor":27.0},{"not_picked":["Ball Lightning+1","Steam","Undo"],"picked":"SKIP","floor":28.0},{"not_picked":["Blizzard+1","Leap"],"picked":"Heatsinks+1","floor":30.0},{"not_picked":["Meteor Strike+1","Multi-Cast"],"picked":"Buffer","floor":33.0},{"not_picked":["Sweeping Beam+1","Turbo"],"picked":"Beam Cell+1","floor":34.0},{"not_picked":["Chaos","Ball Lightning+1"],"picked":"Gash+1","floor":35.0},{"not_picked":["Reinforced Body+1","Stack","Redo"],"picked":"SKIP","floor":36.0},{"not_picked":["HandOfGreed+1","Discovery"],"picked":"Panache","floor":38.0},{"not_picked":["Barrage+1","Lockon+1"],"picked":"Consume+1","floor":41.0},{"not_picked":["Stack","Skim+1"],"picked":"Go for the Eyes+1","floor":42.0},{"not_picked":["Ball Lightning+1","Cold Snap+1","Biased Cognition"],"picked":"SKIP","floor":45.0},{"not_picked":["Conserve Battery","Stack+1"],"picked":"Double Energy+1","floor":47},{"not_picked":["Hologram","Doom and Gloom+1","Reinforced Body"],"picked":"SKIP","floor":48},{"not_picked":["Coolheaded+1","Beam Cell+1"],"picked":"Gash+1","floor":54}],"player_experience":847701,"relics_obtained":[{"floor":6.0,"key":"Unceasing Top"},{"floor":8.0,"key":"Centennial Puzzle"},{"floor":9.0,"key":"Anchor"},{"floor":11.0,"key":"Mercury Hourglass"},{"floor":13.0,"key":"Boot"},{"floor":14.0,"key":"The Courier"},{"floor":23.0,"key":"Turnip"},{"floor":25.0,"key":"Gambling Chip"},{"floor":25.0,"key":"Cables"},{"floor":26.0,"key":"Molten Egg 2"},{"floor":27.0,"key":"Torii"},{"floor":30.0,"key":"DataDisk"},{"floor":31.0,"key":"Potion Belt"},{"floor":39.0,"key":"Mango"},{"floor":42.0,"key":"Bottled Tornado"},{"floor":43.0,"key":"Darkstone Periapt"},{"floor":45.0,"key":"Nunchaku"},{"floor":48,"key":"Strawberry"},{"floor":54,"key":"Dead Branch"}],"event_choices":[{"cards_removed":["Strike_B"],"damage_healed":0.0,"max_hp_gain":0.0,"max_hp_loss":0.0,"gold_gain":0.0,"event_name":"The Cleric","player_choice":"Card Removal","floor":5.0,"gold_loss":50.0,"damage_taken":0.0},{"damage_healed":0.0,"max_hp_gain":0.0,"max_hp_loss":0.0,"gold_gain":99.0,"event_name":"Nest","player_choice":"Stole From Cult","floor":19.0,"gold_loss":0.0,"damage_taken":0.0},{"damage_healed":0.0,"max_hp_gain":0.0,"max_hp_loss":38.0,"gold_gain":0.0,"event_name":"Ghosts","player_choice":"Became a Ghost","floor":20.0,"gold_loss":0.0,"damage_taken":0.0,"cards_obtained":["Ghostly","Ghostly","Ghostly","Ghostly","Ghostly"]},{"damage_healed":0.0,"max_hp_gain":0.0,"max_hp_loss":0.0,"gold_gain":0.0,"event_name":"Colosseum","player_choice":"Fight","floor":25.0,"gold_loss":0.0,"damage_taken":0.0},{"damage_healed":0.0,"max_hp_gain":0.0,"max_hp_loss":0.0,"gold_gain":0.0,"event_name":"Colosseum","player_choice":"Fought Nobs","floor":25.0,"gold_loss":0.0,"damage_taken":0.0},{"damage_healed":0.0,"max_hp_gain":0.0,"max_hp_loss":0.0,"gold_gain":0.0,"event_name":"SensoryStone","player_choice":"Memory 1","floor":38.0,"gold_loss":0.0,"damage_taken":0.0}],"is_beta":false,"boss_relics":[{"not_picked":["Lizard Tail","Fusion Hammer"],"picked":"Empty Cage"},{"not_picked":["Sozu","Philosopher\u0027s Stone"],"picked":"Tiny House"}],"items_purged_floors":[21,29,37,44],"is_endless":false,"potions_floor_spawned":[11,12,13,16,18,22,25,27,35,36,41,48],"ascension_level":3}