{"gold_per_floor":[110,110,260,260,260,286,303,19,19,19,45,58,74,74,74,147,147,106,121,41,41,41,41,69,69,95,114,134,134,6,40,40,117,117,137,80,90,101,49,49,77,77,102,102,102,116,6,23,23,23,23,23,23,23,58,58],"floor_reached":56,"playtime":3403,"items_purged":["Decay"],"score":1952,"play_id":"ff27f7f4-f98a-4a34-9029-4a4ef1ee1fc9","local_time":"20181207215315","is_ascension_mode":true,"campfire_choices":[{"floor":10,"key":"REST"},{"data":"Footwork","floor":15,"key":"SMITH"},{"data":"Noxious Fumes","floor":23,"key":"SMITH"},{"data":"Noxious Fumes","floor":25,"key":"SMITH"},{"floor":29,"key":"REST"},{"data":"Wraith Form v2","floor":32,"key":"SMITH"},{"data":"Noxious Fumes","floor":40,"key":"SMITH"},{"data":"Wraith Form v2","floor":42,"key":"SMITH"},{"data":"Well Laid Plans","floor":45,"key":"SMITH"},{"floor":49,"key":"RECALL"},{"data":"Dodge and Roll","floor":53,"key":"SMITH"}],"neow_cost":"NONE","seed_source_timestamp":19091629161133,"circlet_count":0,"master_deck":["AscendersBane","Defend_G","Defend_G","Defend_G","Defend_G","Defend_G","Strike_G+1","Strike_G","Strike_G","Strike_G","Survivor","Neutralize+1","Well Laid Plans+1","Footwork+1","Noxious Fumes+1","PiercingWail","Leg Sweep","Wraith Form v2+1","Deflect","Noxious Fumes+1","Noxious Fumes+1","Dodge and Roll+1","Wraith Form v2+1","PiercingWail+1","Backflip","Cloak And Dagger+1","Acrobatics+1","Leg Sweep"],"relics":["Ring of the Serpent","Art of War","Paper Crane","Ornamental Fan","Bag of Marbles","Cursed Key","Anchor","Matryoshka","Lantern","Bottled Tornado","Blood Vial","Ancient Tea Set","Bag of Preparation","Ninja Scroll"],"potions_floor_usage":[6,18,24,27,31,46,55,56],"damage_taken":[{"damage":0,"enemies":"2 Louse","floor":1,"turns":5},{"damage":33,"enemies":"Gremlin Nob","floor":6,"turns":4},{"damage":4,"enemies":"Cultist","floor":7,"turns":4},{"damage":5,"enemies":"Lagavulin","floor":11,"turns":6},{"damage":0,"enemies":"Small Slimes","floor":12,"turns":3},{"damage":2,"enemies":"3 Louse","floor":13,"turns":5},{"damage":13,"enemies":"The Guardian","floor":16,"turns":10},{"damage":0,"enemies":"2 Thieves","floor":18,"turns":5},{"damage":0,"enemies":"Spheric Guardian","floor":19,"turns":3},{"damage":4,"enemies":"Book of Stabbing","floor":24,"turns":9},{"damage":8,"enemies":"Shelled Parasite and Fungi","floor":27,"turns":6},{"damage":0,"enemies":"Snecko","floor":28,"turns":7},{"damage":0,"enemies":"Gremlin Leader","floor":31,"turns":8},{"damage":10,"enemies":"Automaton","floor":33,"turns":11},{"damage":4,"enemies":"Orb Walker","floor":35,"turns":5},{"damage":0,"enemies":"3 Shapes","floor":37,"turns":5},{"damage":0,"enemies":"Maw","floor":38,"turns":9},{"damage":0,"enemies":"Giant Head","floor":41,"turns":11},{"damage":0,"enemies":"Jaw Worm Horde","floor":46,"turns":5},{"damage":0,"enemies":"Transient","floor":48,"turns":6},{"damage":26,"enemies":"Awakened One","floor":50,"turns":22},{"damage":16,"enemies":"Donu and Deca","floor":51,"turns":10},{"damage":39,"enemies":"Shield and Spear","floor":55,"turns":8},{"damage":37,"enemies":"The Heart","floor":56,"turns":3}],"seed_played":"-6110303341010087125","potions_obtained":[{"floor":1,"key":"AttackPotion"},{"floor":11,"key":"Fire Potion"},{"floor":12,"key":"SkillPotion"},{"floor":19,"key":"Dexterity Potion"},{"floor":24,"key":"Swift Potion"},{"floor":28,"key":"AttackPotion"},{"floor":31,"key":"Energy Potion"},{"floor":33,"key":"LiquidBronze"},{"floor":37,"key":"PowerPotion"},{"floor":48,"key":"Fruit Juice"},{"floor":55,"key":"SteroidPotion"}],"is_trial":false,"path_per_floor":["M","?","?","?","?","E","M","$","T","R","E","M","M","?","R","B",null,"M","M","$","?","?","R","E","R","T","M","M","R","$","E","R","B",null,"M","$","M","M","$","R","E","R","T","?","R","M","?","M","R","B","B",null,"R","$","E","B"],"character_chosen":"THE_SILENT","items_purchased":["Paper Crane","Noxious Fumes","Dodge and Roll","PiercingWail","Backflip"],"campfire_rested":2,"item_purchase_floors":[8,20,30,36,39],"current_hp_per_floor":[65,43,43,67,67,34,30,30,30,51,46,46,44,44,44,31,62,62,62,62,42,42,42,38,38,38,30,30,53,53,53,53,45,69,67,67,69,71,71,71,73,73,73,73,73,75,75,77,77,51,37,67,67,67,30,0],"gold":58,"neow_bonus":"TEN_PERCENT_HP_BONUS","is_prod":false,"is_daily":false,"chose_seed":false,"campfire_upgraded":8,"win_rate":0,"timestamp":1544215995,"path_taken":["M","?","?","?","?","E","M","$","T","R","E","M","?","?","R","BOSS","M","M","$","?","?","R","E","R","T","M","M","R","$","E","R","BOSS","M","?","M","M","$","R","E","R","T","?","R","M","?","M","R","BOSS","BOSS","R","$","E","BOSS"],"build_version":"2018-12-06","purchased_purges":1,"victory":false,"max_hp_per_floor":[72,72,72,72,72,72,72,72,72,72,72,72,72,72,72,72,72,72,72,72,77,77,77,77,77,77,77,77,77,77,77,77,77,77,77,77,77,77,77,77,77,77,77,77,77,77,77,77,77,77,77,77,77,77,77,82],"card_choices":[{"not_picked":["Sucker Punch","Cloak And Dagger"],"picked":"Bouncing Flask","floor":1},{"not_picked":["Dodge and Roll","Dagger Throw"],"picked":"Well Laid Plans","floor":6},{"not_picked":["Leg Sweep","Venomology"],"picked":"Footwork","floor":7},{"not_picked":["Dagger Throw","Calculated Gamble"],"picked":"Noxious Fumes","floor":11},{"not_picked":["Flechettes","Prepared"],"picked":"PiercingWail","floor":12},{"not_picked":["Dagger Spray","Blade Dance"],"picked":"Leg Sweep","floor":13},{"not_picked":["Grand Finale","Phantasmal Killer"],"picked":"Wraith Form v2","floor":16},{"not_picked":["Distraction","Poisoned Stab"],"picked":"Deflect","floor":18},{"not_picked":["Acrobatics","Accuracy","Blade Dance"],"picked":"SKIP","floor":19},{"not_picked":["Finisher","Quick Slash"],"picked":"Noxious Fumes","floor":24},{"not_picked":["All Out Attack","Calculated Gamble+1","Acrobatics"],"picked":"SKIP","floor":27},{"not_picked":["Expertise","Outmaneuver+1","Reflex"],"picked":"SKIP","floor":28},{"not_picked":["Outmaneuver+1","Caltrops","Distraction"],"picked":"SKIP","floor":31},{"not_picked":["Venomology","Corpse Explosion"],"picked":"Wraith Form v2","floor":33},{"not_picked":["Flying Knee","Dagger Spray+1","Outmaneuver"],"picked":"SKIP","floor":35},{"not_picked":["Tactician","Underhanded Strike+1","Deadly Poison"],"picked":"SKIP","floor":37},{"not_picked":["Deflect","Backstab","Masterful Stab"],"picked":"SKIP","floor":38},{"not_picked":["Poisoned Stab+1","Deadly Poison","Outmaneuver"],"picked":"SKIP","floor":41},{"not_picked":["Underhanded Strike","Slice+1"],"picked":"Cloak And Dagger+1","floor":46},{"not_picked":["Bane+1","Deadly Poison"],"picked":"Acrobatics+1","floor":48},{"not_picked":["Skewer","Deadly Poison"],"picked":"Leg Sweep","floor":55}],"player_experience":627790,"relics_obtained":[{"floor":6,"key":"Art of War"},{"floor":9,"key":"Ornamental Fan"},{"floor":11,"key":"Bag of Marbles"},{"floor":24,"key":"Matryoshka"},{"floor":26,"key":"Lantern"},{"floor":26,"key":"Bottled Tornado"},{"floor":31,"key":"Blood Vial"},{"floor":41,"key":"Ancient Tea Set"},{"floor":43,"key":"Bag of Preparation"},{"floor":55,"key":"Ninja Scroll"}],"event_choices":[{"damage_healed":0,"gold_gain":0,"player_choice":"Entered Light","damage_taken":22,"max_hp_gain":0,"max_hp_loss":0,"event_name":"Shining Light","floor":2,"gold_loss":0,"cards_upgraded":["Neutralize","Strike_G"]},{"damage_healed":0,"gold_gain":150,"player_choice":"AGREE","damage_taken":0,"max_hp_gain":0,"max_hp_loss":0,"event_name":"Liars Game","floor":3,"gold_loss":0,"cards_obtained":["Doubt"]},{"damage_healed":24,"gold_gain":0,"player_choice":"Banana","damage_taken":0,"max_hp_gain":0,"max_hp_loss":0,"event_name":"Big Fish","floor":4,"gold_loss":0},{"cards_removed":["Doubt"],"damage_healed":0,"gold_gain":0,"player_choice":"Purged","damage_taken":0,"max_hp_gain":0,"max_hp_loss":0,"event_name":"Purifier","floor":5,"gold_loss":0},{"cards_removed":["Strike_G"],"damage_healed":0,"gold_gain":0,"player_choice":"Offered Basic","damage_taken":0,"max_hp_gain":0,"max_hp_loss":0,"event_name":"Bonfire Elementals","floor":14,"gold_loss":0},{"damage_healed":0,"gold_gain":0,"player_choice":"Shed Blood","damage_taken":25,"max_hp_gain":5,"max_hp_loss":0,"event_name":"Forgotten Altar","floor":21,"gold_loss":0},{"cards_removed":["Bouncing Flask"],"damage_healed":0,"gold_gain":0,"player_choice":"Gave Card","damage_taken":0,"relics_obtained":["Anchor"],"max_hp_gain":0,"max_hp_loss":0,"event_name":"WeMeetAgain","floor":22,"gold_loss":0},{"damage_healed":0,"gold_gain":0,"player_choice":"Memory 1","damage_taken":0,"max_hp_gain":0,"max_hp_loss":0,"event_name":"SensoryStone","floor":44,"gold_loss":0},{"cards_removed":["Injury"],"damage_healed":0,"gold_gain":0,"player_choice":"Upgrade and Remove","damage_taken":0,"max_hp_gain":0,"max_hp_loss":0,"event_name":"Designer","floor":47,"gold_loss":110,"cards_upgraded":["PiercingWail"]}],"is_beta":false,"boss_relics":[{"not_picked":["Sozu","Lizard Tail"],"picked":"Cursed Key"},{"not_picked":["Pandora\u0027s Box","Black Star"],"picked":"Ring of the Serpent"}],"items_purged_floors":[30],"is_endless":false,"potions_floor_spawned":[1,11,12,19,24,28,31,33,37,38,48,55],"killed_by":"The Heart","ascension_level":20}