{"path_per_floor":["M","?","?","$","M","E","T","R","T","R","M","M","R","E","R","B",null,"M","?","?","M","$","R","M","R","T","M","R","?","M","M","R"],"character_chosen":"THE_SILENT","items_purchased":["Flying Knee","Endless Agony","Paper Crane"],"gold_per_floor":[115,115,115,19,38,67,67,67,67,67,82,95,95,129,129,224,254,270,250,250,263,21,21,33,33,33,47,47,47,66,83,83],"floor_reached":33,"campfire_rested":6,"playtime":2328,"current_hp_per_floor":[70,70,70,70,69,42,42,63,63,63,63,63,63,35,56,63,75,55,55,55,34,34,56,49,71,71,44,66,66,48,20,42],"items_purged":[],"gold":83,"play_id":"dd99fdae-ecfc-40bc-a164-35606c6213a0","is_prod":false,"is_daily":false,"campfire_rituals":0,"campfire_upgraded":2,"is_hardmode":false,"path_taken":["M","?","?","$","?","E","?","R","T","R","M","?","R","E","R","BOSS","M","?","?","M","$","R","M","R","T","M","R","?","M","M","R","BOSS"],"build_version":"2018-01-18-PROD4","purchased_purges":0,"victory":false,"master_deck":["Defend_G","Defend_G","Defend_G","Defend_G","Defend_G","Strike_G","Strike_G","Strike_G","Strike_G","Strike_G","Survivor","Neutralize","Deflect","Flying Knee","Endless Agony","Caltrops","Backflip","Backstab","Slice","Unload","Adrenaline","Dagger Spray","Flechettes","Caltrops","Heel Hook","All Out Attack","Infinite Blades","Noxious Fumes","Noxious Fumes"],"max_hp_per_floor":[70,70,70,70,70,70,70,70,70,70,70,70,70,70,70,70,75,75,75,75,75,75,75,75,75,75,75,75,75,75,75,75],"relics":["Ring of the Snake","Letter Opener","Peace Pipe","Torii","Toxic Egg","Tiny House","Paper Crane","Ice Cream"],"campfire_meditates":0,"card_choices":[{"not_picked":["Deadly Poison","Dagger Throw"],"picked":"Deflect"},{"not_picked":["Dagger Throw","Bouncing Flask"],"picked":"Caltrops"},{"not_picked":["A Thousand Cuts","Sucker Punch"],"picked":"Backflip"},{"not_picked":["Prepared","Deflect"],"picked":"Backstab"},{"not_picked":["Poisoned Stab","Flying Knee"],"picked":"Slice"},{"not_picked":["Deflect","Wraith Form"],"picked":"Unload"},{"not_picked":["Night Terror","Venomology"],"picked":"Adrenaline"},{"not_picked":["Dagger Throw","Blade Dance"],"picked":"Dagger Spray"},{"not_picked":["Eviscerate","Dagger Spray"],"picked":"Flechettes"},{"not_picked":["Footwork","Acrobatics"],"picked":"Heel Hook"},{"not_picked":["Dagger Spray","Deadly Poison"],"picked":"All Out Attack"},{"not_picked":["Footwork","PiercingWail"],"picked":"Infinite Blades"},{"not_picked":["Heel Hook","Poisoned Stab"],"picked":"Noxious Fumes"},{"not_picked":["Slice","Skewer"],"picked":"Noxious Fumes"}],"player_experience":17115,"potions_floor_usage":[21,30],"damage_taken":[{"damage":0.0,"enemies":"Jaw Worm","floor":1.0,"turns":6.0},{"damage":1.0,"enemies":"Cultist","floor":5.0,"turns":4.0},{"damage":27.0,"enemies":"3 Sentries","floor":6.0,"turns":10.0},{"damage":0.0,"enemies":"Small Slimes","floor":11.0,"turns":4.0},{"damage":0.0,"enemies":"Looter","floor":12.0,"turns":3.0},{"damage":28.0,"enemies":"Lagavulin","floor":14.0,"turns":7.0},{"damage":8.0,"enemies":"Hexaghost","floor":16.0,"turns":10.0},{"damage":20,"enemies":"Spheric Guardian","floor":18,"turns":3},{"damage":21,"enemies":"2 Thieves","floor":21,"turns":4},{"damage":7,"enemies":"Centurion and Healer","floor":24,"turns":5},{"damage":27,"enemies":"Sentry and Sphere","floor":27,"turns":5},{"damage":18,"enemies":"3 Cultists","floor":30,"turns":3},{"damage":28,"enemies":"Snecko","floor":31,"turns":5},{"damage":71,"enemies":"Collector","floor":33,"turns":6}],"event_choices":[{"event_name":"Living Wall","player_choice":"Grow","floor":2.0,"damage_taken":0.0},{"event_name":"The Cleric","player_choice":"Leave","floor":3.0,"damage_taken":0.0},{"event_name":"The Woman in Blue","player_choice":"Bought 1 Potion","floor":19,"damage_taken":0},{"event_name":"Duplicator","player_choice":"One dupe","floor":20,"damage_taken":0},{"event_name":"Back to Basics","player_choice":"Simplicity","floor":29,"damage_taken":0}],"boss_relics":[{"not_picked":["Orrery","Question Card"],"picked":"Tiny House"}],"potions_floor_spawned":[11,12,14,27,30],"seed_played":"-7943345659659057744","killed_by":"Collector","is_trial":false}