{"gold_per_floor":[118,43,56,73,73,108,108,126,126,140,172,191,224,224],"floor_reached":14,"playtime":601,"items_purged":[],"score":224,"play_id":"20508b2e-3138-4605-8de9-cdbc0980a8d8","local_time":"20181221201101","is_ascension_mode":true,"campfire_choices":[{"floor":7,"key":"REST"}],"neow_cost":"NONE","seed_source_timestamp":13040148770079,"circlet_count":0,"master_deck":["AscendersBane","Strike_B","Strike_B","Strike_B","Strike_B","Defend_B","Defend_B","Defend_B","Defend_B","Zap","Dualcast","Gash","FTL","Sweeping Beam","Cold Snap","Electrodynamics","Compile Driver","Undo","Defragment","Compile Driver"],"relics":["Cracked Core","Smiling Mask","Happy Flower","Symbiotic Virus","Dream Catcher"],"potions_floor_usage":[6,8,11],"damage_taken":[{"damage":13,"enemies":"Small Slimes","floor":1,"turns":5},{"damage":11,"enemies":"Cultist","floor":3,"turns":4},{"damage":0,"enemies":"2 Louse","floor":4,"turns":2},{"damage":8,"enemies":"3 Sentries","floor":6,"turns":7},{"damage":9,"enemies":"Large Slime","floor":8,"turns":4},{"damage":0,"enemies":"2 Fungi Beasts","floor":10,"turns":2},{"damage":6,"enemies":"Gremlin Nob","floor":11,"turns":3},{"damage":12,"enemies":"Exordium Wildlife","floor":12,"turns":2},{"damage":18,"enemies":"Lagavulin","floor":13,"turns":4},{"damage":13,"enemies":"Gremlin Gang","floor":14,"turns":2}],"seed_played":"4602833529306978028","potions_obtained":[{"floor":1,"key":"SkillPotion"},{"floor":3,"key":"Ancient Potion"},{"floor":6,"key":"Energy Potion"},{"floor":13,"key":"FearPotion"}],"is_trial":false,"path_per_floor":["M","$","M","M","?","E","R","M","T","M","E","M","E","M"],"character_chosen":"DEFECT","items_purchased":["FTL"],"campfire_rested":1,"item_purchase_floors":[2],"current_hp_per_floor":[58,58,47,47,36,28,51,42,42,42,36,24,6,0],"gold":224,"neow_bonus":"TEN_PERCENT_HP_BONUS","is_prod":false,"is_daily":false,"chose_seed":false,"campfire_upgraded":0,"win_rate":0,"timestamp":1545419461,"path_taken":["M","$","M","M","?","E","R","M","T","M","E","M","E","M"],"build_version":"2018-12-20","purchased_purges":0,"victory":false,"max_hp_per_floor":[78,78,78,78,78,78,78,78,78,78,78,78,78,78],"card_choices":[{"not_picked":["Chill","Turbo"],"picked":"Gash","floor":1},{"not_picked":["Steam","Hologram"],"picked":"Sweeping Beam","floor":3},{"not_picked":["Turbo","Conserve Battery"],"picked":"Cold Snap","floor":4},{"not_picked":["Turbo","Chill"],"picked":"Electrodynamics","floor":6},{"not_picked":["Stack","Blizzard"],"picked":"Compile Driver","floor":8},{"not_picked":["Gash","Sweeping Beam"],"picked":"Undo","floor":10},{"not_picked":["Doom and Gloom","Multi-Cast"],"picked":"Defragment","floor":11},{"not_picked":["Scrape","Conserve Battery"],"picked":"Compile Driver","floor":12},{"not_picked":["White Noise","Melter","Chill"],"picked":"SKIP","floor":13}],"player_experience":663035,"relics_obtained":[{"floor":6,"key":"Smiling Mask"},{"floor":9,"key":"Happy Flower"},{"floor":11,"key":"Symbiotic Virus"},{"floor":13,"key":"Dream Catcher"}],"event_choices":[{"damage_healed":0,"gold_gain":0,"player_choice":"Damaged","damage_taken":11,"max_hp_gain":0,"max_hp_loss":0,"event_name":"Wheel of Change","floor":5,"gold_loss":0}],"is_beta":false,"boss_relics":[],"items_purged_floors":[],"is_endless":false,"potions_floor_spawned":[1,3,6,13],"killed_by":"Gremlin Gang","ascension_level":20}