{"gold_per_floor":[114,18,28,42,56,56,91,91,91,125,125,145,171,248,248,327,327,342,56,106,126,141,141,172,172,244,244,244,273,273,308,308,384,384,402,53,69,69,82,111,111,137,137,172,172,4,4,38,38,38,38,38,38,38,38],"floor_reached":55,"playtime":5341,"items_purged":["Strike_B","Strike_B","Doubt"],"score":2414,"play_id":"4e3ab527-519c-4627-8053-62e9b0af396e","local_time":"20190408224450","is_ascension_mode":true,"campfire_choices":[{"data":"Zap","floor":6.0,"key":"SMITH"},{"data":"Doom and Gloom","floor":8.0,"key":"SMITH"},{"data":"Discovery","floor":11.0,"key":"SMITH"},{"data":"Coolheaded","floor":15.0,"key":"SMITH"},{"data":"Genetic Algorithm","floor":23,"key":"SMITH"},{"data":"Capacitor","floor":25,"key":"SMITH"},{"data":"Undo","floor":28,"key":"SMITH"},{"data":"Consume","floor":30,"key":"SMITH"},{"floor":32,"key":"REST"},{"data":"Fission","floor":41,"key":"SMITH"},{"floor":49,"key":"RECALL"},{"data":"Reinforced Body","floor":53,"key":"SMITH"}],"neow_cost":"NONE","seed_source_timestamp":21010989536510,"circlet_count":0,"master_deck":["AscendersBane","Defend_B","Defend_B","Defend_B","Defend_B","Zap+1","Dualcast","Undo+1","Discovery+1","Coolheaded+1","Ball Lightning","FTL+1","Cold Snap","Echo Form","Genetic Algorithm+1","Capacitor+1","Creative AI","Consume+1","Capacitor","Fission+1","Meteor Strike+1","Defragment","Electrodynamics","Hologram","Compile Driver+1","Reinforced Body+1","Compile Driver+1"],"special_seed":0,"relics":["Cracked Core","Regal Pillow","DataDisk","Mercury Hourglass","Bottled Lightning","Meat on the Bone","Snecko Eye","Chemical X","Prayer Wheel","Bronze Scales","Thread and Needle","Cursed Key","Boot","Whetstone","Gremlin Horn","Ice Cream","Pocketwatch"],"potions_floor_usage":[39,50,50,50,50],"damage_taken":[{"damage":0.0,"enemies":"Cultist","floor":1.0,"turns":3.0},{"damage":2.0,"enemies":"Small Slimes","floor":3.0,"turns":4.0},{"damage":0.0,"enemies":"Jaw Worm","floor":4.0,"turns":4.0},{"damage":1.0,"enemies":"Exordium Wildlife","floor":5.0,"turns":3.0},{"damage":0.0,"enemies":"Lagavulin","floor":7.0,"turns":7.0},{"damage":14.0,"enemies":"3 Sentries","floor":10.0,"turns":4.0},{"damage":15.0,"enemies":"Gremlin Gang","floor":12.0,"turns":2.0},{"damage":14.0,"enemies":"Gremlin Nob","floor":13.0,"turns":4.0},{"damage":0.0,"enemies":"The Guardian","floor":16.0,"turns":11.0},{"damage":2,"enemies":"3 Byrds","floor":18,"turns":3},{"damage":0,"enemies":"Spheric Guardian","floor":21,"turns":4},{"damage":12,"enemies":"Cultist and Chosen","floor":22,"turns":4},{"damage":7,"enemies":"Book of Stabbing","floor":24,"turns":5},{"damage":15,"enemies":"Gremlin Leader","floor":29,"turns":6},{"damage":15,"enemies":"Book of Stabbing","floor":31,"turns":6},{"damage":0,"enemies":"Collector","floor":33,"turns":8},{"damage":14,"enemies":"3 Darklings","floor":35,"turns":4},{"damage":0,"enemies":"3 Shapes","floor":37,"turns":3},{"damage":11,"enemies":"Writhing Mass","floor":39,"turns":4},{"damage":0,"enemies":"Nemesis","floor":40,"turns":7},{"damage":0,"enemies":"Giant Head","floor":42,"turns":5},{"damage":25,"enemies":"Nemesis","floor":44,"turns":5},{"damage":0,"enemies":"Reptomancer","floor":48,"turns":4},{"damage":41,"enemies":"Time Eater","floor":50,"turns":24},{"damage":12,"enemies":"Awakened One","floor":51,"turns":12},{"damage":59,"enemies":"Shield and Spear","floor":55,"turns":3}],"seed_played":"-4820089963828658037","potions_obtained":[{"floor":1.0,"key":"GamblersBrew"},{"floor":5.0,"key":"SkillPotion"},{"floor":7.0,"key":"SteroidPotion"},{"floor":12.0,"key":"SpeedPotion"},{"floor":13.0,"key":"FairyPotion"},{"floor":29,"key":"Explosive Potion"},{"floor":31,"key":"Weak Potion"},{"floor":37,"key":"EssenceOfSteel"},{"floor":39,"key":"EntropicBrew"}],"is_trial":false,"path_per_floor":["M","$","M","M","M","R","E","R","T","E","R","M","E","T","R","B",null,"M","$","?","M","M","R","E","R","T","?","R","E","R","E","R","B",null,"M","$","M","?","M","E","R","E","T","E","?","$","$","E","R","B","B",null,"R","$","E"],"character_chosen":"DEFECT","items_purchased":["Discovery","Chemical X","Meteor Strike","Defragment","Reinforced Body"],"campfire_rested":1,"item_purchase_floors":[2,19,36,36,46],"current_hp_per_floor":[64,64,62,62,61,61,61,61,61,47,47,32,18,18,18,30,61,59,59,59,59,47,47,40,40,40,40,40,37,37,34,70,70,71,57,57,57,57,46,46,46,46,46,33,33,33,33,45,45,16,16,57,57,57,0],"gold":38,"neow_bonus":"REMOVE_CARD","is_prod":false,"is_daily":false,"chose_seed":false,"campfire_upgraded":10,"win_rate":0,"timestamp":1554756290,"path_taken":["M","$","M","M","M","R","E","R","T","E","R","M","E","?","R","BOSS","M","$","?","M","M","R","E","R","T","?","R","E","R","E","R","BOSS","M","$","M","?","M","E","R","E","T","E","?","?","$","E","R","BOSS","BOSS","R","$","E"],"build_version":"2019-01-23","purchased_purges":3,"victory":false,"max_hp_per_floor":[71,71,71,71,71,71,71,71,71,71,71,71,71,71,71,71,71,71,71,71,71,71,71,71,71,71,71,71,71,71,71,71,71,71,71,71,71,71,71,71,71,71,71,71,71,71,71,71,71,71,71,71,71,71,71],"card_choices":[{"not_picked":["Leap","Stack"],"picked":"Undo","floor":1.0},{"not_picked":["Reinforced Body","Steam"],"picked":"Coolheaded","floor":3.0},{"not_picked":["Hologram","Aggregate","Stack"],"picked":"SKIP","floor":4.0},{"not_picked":["Cold Snap","Barrage"],"picked":"Doom and Gloom","floor":5.0},{"not_picked":["Beam Cell","Leap"],"picked":"Ball Lightning","floor":7.0},{"not_picked":["Skim","Recycle"],"picked":"FTL","floor":10.0},{"not_picked":["Double Energy","Ball Lightning","Lockon"],"picked":"SKIP","floor":12.0},{"not_picked":["Auto Shields","Ball Lightning"],"picked":"Cold Snap","floor":13.0},{"not_picked":["Electrodynamics","All For One"],"picked":"Echo Form","floor":16.0},{"not_picked":["Lockon","Cold Snap+1","Redo"],"picked":"SKIP","floor":18},{"not_picked":["Cold Snap","Rebound"],"picked":"Genetic Algorithm","floor":21},{"not_picked":["Conserve Battery","Coolheaded"],"picked":"Capacitor","floor":22},{"not_picked":["Redo","Barrage"],"picked":"Creative AI","floor":24},{"not_picked":["Gash","Tempest"],"picked":"Consume","floor":29},{"not_picked":["Compile Driver","Ball Lightning"],"picked":"Capacitor","floor":31},{"not_picked":["Core Surge","Hyperbeam"],"picked":"Fission","floor":33},{"not_picked":["Go for the Eyes","Aggregate+1","Hello World"],"picked":"SKIP","floor":35},{"not_picked":["Gash","Go for the Eyes","BootSequence+1"],"picked":"SKIP","floor":35},{"not_picked":["Ball Lightning","Undo"],"picked":"Electrodynamics","floor":37},{"not_picked":["Consume","Redo","Chaos"],"picked":"SKIP","floor":37},{"not_picked":["Consume","Redo","Chaos"],"picked":"SKIP","floor":37},{"not_picked":["Leap","Conserve Battery"],"picked":"Hologram","floor":39},{"not_picked":["Chaos+1","Turbo+1"],"picked":"Compile Driver+1","floor":39},{"not_picked":["Gash","Barrage+1","Cold Snap"],"picked":"SKIP","floor":40},{"not_picked":["Leap","Turbo","Static Discharge"],"picked":"SKIP","floor":42},{"not_picked":["Conserve Battery","Redo+1","Go for the Eyes"],"picked":"SKIP","floor":44},{"not_picked":["Buffer","Barrage"],"picked":"Compile Driver+1","floor":48}],"player_experience":1091351,"relics_obtained":[{"floor":7.0,"key":"Regal Pillow"},{"floor":9.0,"key":"DataDisk"},{"floor":10.0,"key":"Mercury Hourglass"},{"floor":13.0,"key":"Bottled Lightning"},{"floor":14.0,"key":"Meat on the Bone"},{"floor":24,"key":"Prayer Wheel"},{"floor":29,"key":"Bronze Scales"},{"floor":31,"key":"Thread and Needle"},{"floor":40,"key":"Boot"},{"floor":42,"key":"Whetstone"},{"floor":43,"key":"Gremlin Horn"},{"floor":44,"key":"Ice Cream"},{"floor":48,"key":"Pocketwatch"}],"event_choices":[{"damage_healed":0,"gold_gain":50,"player_choice":"Stole From Cult","damage_taken":0,"max_hp_gain":0,"max_hp_loss":0,"event_name":"Nest","floor":20,"gold_loss":0},{"cards_removed":["Strike_B"],"damage_healed":0,"gold_gain":0,"player_choice":"Purged","damage_taken":0,"max_hp_gain":0,"max_hp_loss":0,"event_name":"Purifier","floor":27,"gold_loss":0},{"cards_removed":["Doom and Gloom"],"damage_healed":0,"gold_gain":0,"player_choice":"Removed Attack","damage_taken":0,"max_hp_gain":0,"max_hp_loss":0,"event_name":"Falling","floor":38,"gold_loss":0},{"damage_healed":0,"gold_gain":0,"player_choice":"Memory 1","damage_taken":0,"max_hp_gain":0,"max_hp_loss":0,"event_name":"SensoryStone","floor":45,"gold_loss":0}],"is_beta":false,"boss_relics":[{"not_picked":["Lizard Tail","Orrery"],"picked":"Snecko Eye"},{"not_picked":["Tiny House","Calling Bell"],"picked":"Cursed Key"}],"items_purged_floors":[19,36,46],"is_endless":false,"potions_floor_spawned":[1,5,7,12,13,29,31,33,35,37,39],"killed_by":"Shield and Spear","ascension_level":20}