{"gold_per_floor":[125,83,110,138,150,162,199,225,262,284,296,342,354,427,439,451],"floor_reached":16,"playtime":642,"items_purged":[],"score":270,"play_id":"c436c779-a5df-4373-9f92-6a8782f44d2c","local_time":"20181216141145","is_ascension_mode":true,"campfire_choices":[{"data":"Bash","floor":6,"key":"SMITH"},{"data":"Immolate","floor":11,"key":"SMITH"},{"data":"Uppercut","floor":13,"key":"SMITH"},{"data":"Feel No Pain","floor":15,"key":"SMITH"}],"neow_cost":"NONE","seed_source_timestamp":8739143528778,"circlet_count":0,"master_deck":["AscendersBane","Strike_R","Strike_R","Strike_R","Strike_R","Strike_R","Defend_R","Defend_R","Defend_R","Defend_R","Bash+1","Carnage+1","Clothesline","Immolate+1","Uppercut+1","Feel No Pain+1"],"relics":["Burning Blood","MawBank","Regal Pillow","PreservedInsect","Omamori","Dream Catcher"],"potions_floor_usage":[12],"damage_taken":[{"damage":7,"enemies":"Small Slimes","floor":1,"turns":4},{"damage":1,"enemies":"Cultist","floor":3,"turns":4},{"damage":11,"enemies":"Jaw Worm","floor":4,"turns":5},{"damage":8,"enemies":"Gremlin Nob","floor":7,"turns":3},{"damage":0,"enemies":"Exordium Wildlife","floor":8,"turns":2},{"damage":11,"enemies":"Looter","floor":10,"turns":3},{"damage":0,"enemies":"3 Sentries","floor":12,"turns":2},{"damage":15,"enemies":"3 Sentries","floor":14,"turns":3},{"damage":63,"enemies":"The Guardian","floor":16,"turns":9}],"seed_played":"800588776462893133","potions_obtained":[{"floor":4,"key":"AttackPotion"},{"floor":7,"key":"SkillPotion"},{"floor":8,"key":"LiquidBronze"}],"is_trial":false,"path_per_floor":["M","?","M","M","?","R","E","M","T","M","R","E","R","?","R","B"],"character_chosen":"IRONCLAD","items_purchased":[],"campfire_rested":0,"item_purchase_floors":[],"current_hp_per_floor":[67,67,72,67,67,67,65,71,71,66,66,72,72,63,63,0],"gold":451,"neow_bonus":"RANDOM_COMMON_RELIC","is_prod":false,"is_daily":false,"chose_seed":false,"campfire_upgraded":4,"win_rate":0,"timestamp":1544965905,"path_taken":["M","?","M","?","?","R","E","M","T","M","R","E","R","?","R","BOSS"],"build_version":"2018-12-13","purchased_purges":0,"victory":false,"max_hp_per_floor":[75,75,75,75,75,75,75,75,75,75,75,75,75,75,75,75],"card_choices":[{"not_picked":["Wild Strike","Clothesline"],"picked":"Carnage","floor":1},{"not_picked":["Shrug It Off","Sentinel"],"picked":"Clothesline","floor":3},{"not_picked":["Searing Blow","Pummel","Body Slam"],"picked":"SKIP","floor":4},{"not_picked":["Twin Strike","True Grit"],"picked":"Immolate","floor":7},{"not_picked":["Thunderclap","Bloodletting","Wild Strike"],"picked":"SKIP","floor":8},{"not_picked":["Warcry","Thunderclap","Brutality"],"picked":"SKIP","floor":10},{"not_picked":["Rupture","Heavy Blade"],"picked":"Uppercut","floor":12},{"not_picked":["Rage","Twin Strike"],"picked":"Feel No Pain","floor":14}],"player_experience":649615,"relics_obtained":[{"floor":7,"key":"PreservedInsect"},{"floor":12,"key":"Omamori"},{"floor":14,"key":"Dream Catcher"}],"event_choices":[{"damage_healed":0,"gold_gain":0,"player_choice":"Paid Gold","damage_taken":0,"relics_obtained":["Regal Pillow"],"max_hp_gain":0,"max_hp_loss":0,"event_name":"WeMeetAgain","floor":2,"gold_loss":54},{"damage_healed":0,"gold_gain":0,"player_choice":"Grow","damage_taken":0,"max_hp_gain":0,"max_hp_loss":0,"event_name":"Living Wall","floor":5,"gold_loss":0,"cards_upgraded":["Carnage"]},{"damage_healed":0,"gold_gain":30,"player_choice":"Searched \u00272\u0027 times","damage_taken":0,"max_hp_gain":0,"max_hp_loss":0,"event_name":"Dead Adventurer","floor":14,"gold_loss":0}],"is_beta":false,"boss_relics":[],"items_purged_floors":[],"is_endless":false,"potions_floor_spawned":[4,7,8,10],"killed_by":"The Guardian","ascension_level":20}