{"gold_per_floor":[111,122,138,155,155,155,180,198,221,249,249,28,45,72,72,149,149,164,181,23,73,91,122,122,133,133,167,178,178,203,76,76,151,151,164,164,211,223,246,280,280,307,332,363,363,381,381,116,116,116,116,116,116,6,31,31],"floor_reached":56,"playtime":2927,"items_purged":["Strike_G","Strike_G"],"score":2301,"play_id":"32fc6e63-5f97-45fb-89fe-c1885dcba17b","local_time":"20190208014520","is_ascension_mode":true,"campfire_choices":[{"data":"Neutralize","floor":6,"key":"SMITH"},{"data":"1","floor":11,"key":"LIFT"},{"data":"2","floor":15,"key":"LIFT"},{"data":"3","floor":24,"key":"LIFT"},{"data":"Leg Sweep","floor":29,"key":"SMITH"},{"floor":32,"key":"REST"},{"floor":41,"key":"RECALL"},{"data":"Well Laid Plans","floor":47,"key":"SMITH"},{"data":"Adrenaline","floor":49,"key":"SMITH"},{"data":"Adrenaline","floor":53,"key":"SMITH"}],"neow_cost":"NONE","seed_source_timestamp":46110270482804,"circlet_count":0,"master_deck":["AscendersBane","Defend_G","Defend_G","Defend_G","Defend_G","Defend_G","Strike_G","Strike_G","Survivor","Neutralize+1","Dagger Throw","Dagger Throw","Well Laid Plans+1","Dagger Spray+1","Skewer+1","Glass Knife+1","Sucker Punch+1","Heel Hook+1","PiercingWail","Leg Sweep+1","Dagger Spray+1","Adrenaline+1","Dark Shackles","Acrobatics+1","PiercingWail","Adrenaline+1","Heel Hook+1","Distraction","PiercingWail","Flying Knee+1","PiercingWail"],"relics":["Ring of the Snake","PreservedInsect","Molten Egg 2","Girya","Blood Vial","Strawberry","Chemical X","Vajra","Sozu","Orichalcum","Bronze Scales","Lantern","Centennial Puzzle","Eternal Feather","Du-Vu Doll","Oddly Smooth Stone","Gambling Chip","Gremlin Horn","Pen Nib","Bag of Preparation","Bag of Marbles","Shuriken"],"potions_floor_usage":[10,16,33],"damage_taken":[{"damage":5,"enemies":"Cultist","floor":1,"turns":4},{"damage":1,"enemies":"Jaw Worm","floor":2,"turns":5},{"damage":4,"enemies":"2 Louse","floor":3,"turns":3},{"damage":3,"enemies":"Blue Slaver","floor":4,"turns":5},{"damage":22,"enemies":"Lagavulin","floor":7,"turns":6},{"damage":6,"enemies":"2 Fungi Beasts","floor":8,"turns":3},{"damage":0,"enemies":"Gremlin Nob","floor":10,"turns":2},{"damage":4,"enemies":"Gremlin Gang","floor":13,"turns":2},{"damage":10,"enemies":"Lagavulin","floor":14,"turns":4},{"damage":12,"enemies":"Hexaghost","floor":16,"turns":7},{"damage":0,"enemies":"Chosen","floor":18,"turns":3},{"damage":7,"enemies":"2 Thieves","floor":19,"turns":2},{"damage":12,"enemies":"Cultist and Chosen","floor":22,"turns":4},{"damage":8,"enemies":"Book of Stabbing","floor":23,"turns":2},{"damage":0,"enemies":"Chosen and Byrds","floor":25,"turns":2},{"damage":0,"enemies":"Gremlin Leader","floor":27,"turns":1},{"damage":0,"enemies":"3 Cultists","floor":28,"turns":3},{"damage":4,"enemies":"Book of Stabbing","floor":30,"turns":2},{"damage":59,"enemies":"Champ","floor":33,"turns":10},{"damage":2,"enemies":"3 Darklings","floor":35,"turns":4},{"damage":9,"enemies":"2 Orb Walkers","floor":37,"turns":3},{"damage":0,"enemies":"3 Shapes","floor":38,"turns":2},{"damage":0,"enemies":"Giant Head","floor":40,"turns":4},{"damage":0,"enemies":"Reptomancer","floor":42,"turns":2},{"damage":0,"enemies":"Giant Head","floor":44,"turns":4},{"damage":0,"enemies":"Sphere and 2 Shapes","floor":46,"turns":4},{"damage":38,"enemies":"Time Eater","floor":50,"turns":6},{"damage":22,"enemies":"Awakened One","floor":51,"turns":6},{"damage":0,"enemies":"Shield and Spear","floor":55,"turns":1},{"damage":79,"enemies":"The Heart","floor":56,"turns":3}],"seed_played":"3255723355839353700","potions_obtained":[{"floor":2,"key":"Ancient Potion"},{"floor":4,"key":"Swift Potion"},{"floor":7,"key":"Strength Potion"},{"floor":10,"key":"SkillPotion"},{"floor":13,"key":"SteroidPotion"}],"is_trial":false,"path_per_floor":["M","M","M","M","T","R","E","M","T","E","R","$","M","E","R","B",null,"M","M","$","?","M","E","R","M","T","E","M","R","E","$","R","B",null,"M","?","?","M","T","E","R","E","T","E","?","M","R","$","R","B","B",null,"R","$","E","B"],"character_chosen":"THE_SILENT","items_purchased":["Chemical X","Orichalcum","Dagger Spray+1","Bag of Marbles","PiercingWail","Flying Knee+1"],"campfire_rested":1,"item_purchase_floors":[12,20,31,48,54,54],"current_hp_per_floor":[54,53,49,46,46,46,24,18,18,27,27,27,25,17,17,7,57,59,54,54,54,44,38,38,40,40,42,44,44,42,42,63,6,56,56,56,49,51,51,53,68,70,70,72,72,73,73,73,73,35,15,59,73,73,73,0],"gold":31,"neow_bonus":"RANDOM_COMMON_RELIC","is_prod":false,"is_daily":false,"chose_seed":false,"campfire_upgraded":5,"win_rate":0,"timestamp":1549586720,"path_taken":["M","?","M","M","?","R","E","M","T","E","R","?","M","E","R","BOSS","M","M","$","?","M","E","R","?","T","E","M","R","E","?","R","BOSS","M","?","?","M","?","E","R","E","T","E","?","?","R","$","R","BOSS","BOSS","R","$","E","BOSS"],"build_version":"2019-01-23","purchased_purges":2,"victory":false,"max_hp_per_floor":[66,66,66,66,66,66,66,66,66,73,73,73,73,73,73,73,73,73,73,73,73,73,73,73,73,73,73,73,73,73,73,73,73,73,73,73,73,73,73,73,73,73,73,73,73,73,73,73,73,73,73,73,73,73,73,73],"card_choices":[{"not_picked":["Backflip","Outmaneuver"],"picked":"Dagger Throw","floor":1},{"not_picked":["Tactician","Slice","Terror"],"picked":"SKIP","floor":2},{"not_picked":["Cloak And Dagger","Grand Finale"],"picked":"Dagger Throw","floor":3},{"not_picked":["Endless Agony","PiercingWail"],"picked":"Well Laid Plans","floor":4},{"not_picked":["Dagger Throw+1","Flechettes+1"],"picked":"Dagger Spray+1","floor":7},{"not_picked":["Slice+1","Terror"],"picked":"Skewer+1","floor":8},{"not_picked":["Underhanded Strike+1","Dodge and Roll","Slice+1"],"picked":"SKIP","floor":10},{"not_picked":["Underhanded Strike+1","Dodge and Roll","Slice+1"],"picked":"SKIP","floor":10},{"not_picked":["Catalyst","Deflect","Eviscerate+1"],"picked":"SKIP","floor":13},{"not_picked":["Dodge and Roll","Blur","Doppelganger"],"picked":"SKIP","floor":14},{"not_picked":["Grand Finale+1","Wraith Form v2"],"picked":"Glass Knife+1","floor":16},{"not_picked":["Heel Hook+1","All Out Attack+1","Dodge and Roll"],"picked":"SKIP","floor":18},{"not_picked":["Prepared","All Out Attack+1"],"picked":"Sucker Punch+1","floor":19},{"not_picked":["Finisher+1","Dodge and Roll"],"picked":"Heel Hook+1","floor":22},{"not_picked":["Acrobatics","Flechettes+1","Slice+1"],"picked":"SKIP","floor":23},{"not_picked":["Grand Finale+1","Acrobatics+1"],"picked":"PiercingWail","floor":25},{"not_picked":["Flechettes+1","Distraction","Slice+1"],"picked":"SKIP","floor":27},{"not_picked":["Bouncing Flask","Riddle With Holes+1"],"picked":"Leg Sweep","floor":28},{"not_picked":["Catalyst","Blade Dance","Deflect"],"picked":"SKIP","floor":30},{"not_picked":["Bullet Time","Doppelganger"],"picked":"Adrenaline","floor":33},{"not_picked":["Dagger Spray+1","Sucker Punch+1","Acrobatics+1"],"picked":"SKIP","floor":35},{"not_picked":["Purity","Trip"],"picked":"Dark Shackles","floor":36},{"not_picked":["Deflect","Noxious Fumes"],"picked":"Acrobatics+1","floor":38},{"not_picked":["Underhanded Strike+1","Concentrate+1"],"picked":"PiercingWail","floor":40},{"not_picked":["Riddle With Holes+1","All Out Attack+1"],"picked":"Adrenaline","floor":42},{"not_picked":["Doppelganger","Prepared"],"picked":"Heel Hook+1","floor":44},{"not_picked":["Crippling Poison","Choke+1","Sucker Punch+1"],"picked":"SKIP","floor":46},{"not_picked":["Dagger Throw+1","Quick Slash+1"],"picked":"PiercingWail","floor":55}],"player_experience":933889,"relics_obtained":[{"floor":5,"key":"Molten Egg 2"},{"floor":7,"key":"Girya"},{"floor":9,"key":"Blood Vial"},{"floor":10,"key":"Strawberry"},{"floor":14,"key":"Vajra"},{"floor":23,"key":"Bronze Scales"},{"floor":27,"key":"Lantern"},{"floor":30,"key":"Centennial Puzzle"},{"floor":37,"key":"Du-Vu Doll"},{"floor":39,"key":"Oddly Smooth Stone"},{"floor":40,"key":"Gambling Chip"},{"floor":42,"key":"Gremlin Horn"},{"floor":43,"key":"Pen Nib"},{"floor":44,"key":"Bag of Preparation"},{"floor":55,"key":"Shuriken"}],"event_choices":[{"damage_healed":0,"gold_gain":50,"player_choice":"Pray","damage_taken":0,"max_hp_gain":0,"max_hp_loss":0,"event_name":"Golden Shrine","floor":21,"gold_loss":0},{"damage_healed":0,"gold_gain":0,"player_choice":"Memory 1","damage_taken":0,"max_hp_gain":0,"max_hp_loss":0,"event_name":"SensoryStone","floor":36,"gold_loss":0},{"damage_healed":0,"gold_gain":0,"player_choice":"Fight","damage_taken":0,"max_hp_gain":0,"max_hp_loss":0,"event_name":"Mysterious Sphere","floor":37,"gold_loss":0},{"damage_healed":0,"gold_gain":0,"cards_transformed":["Strike_G"],"player_choice":"Transformed","damage_taken":0,"max_hp_gain":0,"max_hp_loss":0,"event_name":"Transmorgrifier","floor":45,"gold_loss":0,"cards_obtained":["Distraction"]}],"is_beta":false,"boss_relics":[{"not_picked":["Black Star","Orrery"],"picked":"Sozu"},{"not_picked":["White Beast Statue","Calling Bell"],"picked":"Eternal Feather"}],"items_purged_floors":[31,48],"is_endless":false,"potions_floor_spawned":[2,4,7,10,13,19,23,27,33,37,38,40,55],"killed_by":"The Heart","ascension_level":20}