{"gold_per_floor":[110,122,122,138,138,138,164,184,210,210,220,236,252,280,280,352,352,365,365,381,52,70,70,102,102,102,102,122,152,152,102,102,174,174,193,193,193,213,228,255,271,42,42,142,174,192,192,227,239,251,263,275,287,8,42,42],"floor_reached":56,"playtime":3717,"items_purged":["Strike_R","Strike_R","Strike_R","Strike_R"],"score":2288,"play_id":"16a6b865-e73d-4bfa-a04e-68fa012ee08f","local_time":"20181209221903","is_ascension_mode":true,"campfire_choices":[{"data":"Whirlwind","floor":6,"key":"SMITH"},{"floor":10,"key":"REST"},{"data":"Immolate","floor":15,"key":"SMITH"},{"floor":23,"key":"REST"},{"data":"Apotheosis","floor":25,"key":"SMITH"},{"data":"Demon Form","floor":30,"key":"SMITH"},{"data":"Disarm","floor":32,"key":"SMITH"},{"floor":47,"key":"RECALL"},{"data":"Feel No Pain","floor":49,"key":"SMITH"},{"data":"Disarm","floor":53,"key":"SMITH"}],"neow_cost":"NONE","seed_source_timestamp":30765095857721,"circlet_count":0,"master_deck":["AscendersBane","Strike_R","Defend_R","Defend_R","Defend_R","Defend_R","Bash+1","Clothesline","Armaments","Disarm+1","Demon Form+1","Anger","Immolate+1","Impervious","Havoc+1","Apotheosis+1","Shockwave","True Grit","Flame Barrier","Shrug It Off","Disarm+1","Shockwave","Shockwave+1","Impervious","Feel No Pain+1","Body Slam","Fiend Fire","Reaper","Impervious","Sword Boomerang+1","Dark Embrace","Shrug It Off","Entrench","Corruption","Shockwave"],"relics":["Burning Blood","Boot","Pen Nib","Smiling Mask","Runic Pyramid","Oddly Smooth Stone","Nunchaku","Thread and Needle","Sozu","FaceOfCleric","Pantograph","Charon\u0027s Ashes","Prayer Wheel","MawBank","Vajra","Lantern"],"potions_floor_usage":[5,16,24,41,56],"damage_taken":[{"damage":15,"enemies":"Small Slimes","floor":1,"turns":5},{"damage":3,"enemies":"Cultist","floor":2,"turns":4},{"damage":7,"enemies":"Jaw Worm","floor":4,"turns":3},{"damage":0,"enemies":"Large Slime","floor":5,"turns":2},{"damage":30,"enemies":"Gremlin Nob","floor":7,"turns":4},{"damage":31,"enemies":"Exordium Thugs","floor":8,"turns":5},{"damage":5,"enemies":"Blue Slaver","floor":11,"turns":7},{"damage":1,"enemies":"Lots of Slimes","floor":12,"turns":2},{"damage":14,"enemies":"Red Slaver","floor":13,"turns":4},{"damage":20,"enemies":"3 Sentries","floor":14,"turns":4},{"damage":12,"enemies":"Slime Boss","floor":16,"turns":7},{"damage":47,"enemies":"Shell Parasite","floor":18,"turns":7},{"damage":6,"enemies":"Spheric Guardian","floor":20,"turns":3},{"damage":9,"enemies":"Snake Plant","floor":22,"turns":6},{"damage":3,"enemies":"Gremlin Leader","floor":24,"turns":7},{"damage":1,"enemies":"Centurion and Healer","floor":28,"turns":4},{"damage":1,"enemies":"Book of Stabbing","floor":29,"turns":8},{"damage":1,"enemies":"Champ","floor":33,"turns":12},{"damage":0,"enemies":"Orb Walker","floor":35,"turns":5},{"damage":0,"enemies":"3 Darklings","floor":38,"turns":2},{"damage":0,"enemies":"Spire Growth","floor":39,"turns":5},{"damage":0,"enemies":"Nemesis","floor":40,"turns":5},{"damage":20,"enemies":"Transient","floor":41,"turns":6},{"damage":0,"enemies":"Mind Bloom Boss Battle","floor":44,"turns":6},{"damage":64,"enemies":"Reptomancer","floor":45,"turns":8},{"damage":0,"enemies":"Sphere and 2 Shapes","floor":46,"turns":2},{"damage":0,"enemies":"Nemesis","floor":48,"turns":7},{"damage":0,"enemies":"Time Eater","floor":50,"turns":11},{"damage":61,"enemies":"Donu and Deca","floor":51,"turns":11},{"damage":8,"enemies":"Shield and Spear","floor":55,"turns":6},{"damage":116,"enemies":"The Heart","floor":56,"turns":12}],"seed_played":"3544017106010233958","potions_obtained":[{"floor":4,"key":"SmokeBomb"},{"floor":12,"key":"Dexterity Potion"},{"floor":13,"key":"SteroidPotion"},{"floor":14,"key":"Strength Potion"},{"floor":20,"key":"Energy Potion"},{"floor":22,"key":"Ancient Potion"},{"floor":28,"key":"Fire Potion"}],"is_trial":false,"path_per_floor":["M","M","?","M","M","R","E","M","T","R","M","M","M","E","R","B",null,"M","?","M","$","M","R","E","R","T","?","M","E","R","$","R","B",null,"M","?","?","M","M","E","M","$","T","?","E","M","R","E","R","B","B",null,"R","$","E","B"],"character_chosen":"IRONCLAD","items_purchased":["Apotheosis","Shockwave","True Grit","Impervious","Corruption","Vajra"],"campfire_rested":2,"item_purchase_floors":[21,21,21,42,54,54],"current_hp_per_floor":[66,69,69,68,74,74,50,25,25,49,50,55,47,33,33,27,68,27,27,27,27,24,48,51,51,51,51,56,61,61,61,61,66,78,82,82,82,83,84,85,72,72,72,87,47,54,54,86,86,91,92,92,92,92,93,0],"gold":42,"neow_bonus":"TEN_PERCENT_HP_BONUS","is_prod":false,"is_daily":false,"chose_seed":false,"campfire_upgraded":7,"win_rate":0,"timestamp":1544390343,"path_taken":["M","M","?","?","M","R","E","M","T","R","M","M","M","E","R","BOSS","M","?","M","$","M","R","E","R","T","?","M","E","R","$","R","BOSS","M","?","?","?","M","E","M","?","T","?","E","M","R","E","R","BOSS","BOSS","R","$","E","BOSS"],"build_version":"2018-12-06","purchased_purges":4,"victory":false,"max_hp_per_floor":[82,82,82,82,82,82,82,82,82,82,82,82,82,82,82,82,82,82,82,82,82,82,82,82,82,82,82,82,82,82,82,82,82,82,82,82,82,83,84,85,86,86,86,87,88,89,89,90,90,91,92,92,92,92,93,93],"card_choices":[{"not_picked":["Bloodletting","Whirlwind"],"picked":"Clothesline","floor":1},{"not_picked":["Headbutt","Seeing Red"],"picked":"Whirlwind","floor":2},{"not_picked":["Headbutt","Warcry"],"picked":"Armaments","floor":4},{"not_picked":["Headbutt","Second Wind"],"picked":"Disarm","floor":7},{"not_picked":["Clash","Anger"],"picked":"Demon Form","floor":8},{"not_picked":["Metallicize","Combust"],"picked":"Anger","floor":11},{"not_picked":["Blood for Blood","Armaments","Clash"],"picked":"SKIP","floor":12},{"not_picked":["Spot Weakness","Power Through","Body Slam"],"picked":"SKIP","floor":13},{"not_picked":["Spot Weakness","Power Through","Body Slam"],"picked":"SKIP","floor":13},{"not_picked":["Corruption","Sword Boomerang"],"picked":"Immolate","floor":14},{"not_picked":["Fiend Fire","Double Tap"],"picked":"Impervious","floor":16},{"not_picked":["Dropkick","Sword Boomerang+1"],"picked":"Havoc+1","floor":18},{"not_picked":["Pommel Strike+1","Body Slam","Iron Wave"],"picked":"SKIP","floor":20},{"not_picked":["Seeing Red","Pommel Strike"],"picked":"Flame Barrier","floor":22},{"not_picked":["Dropkick","Fire Breathing"],"picked":"Shrug It Off","floor":24},{"not_picked":["Searing Blow","Wild Strike"],"picked":"Shockwave","floor":28},{"not_picked":["Clothesline","Pommel Strike"],"picked":"Shockwave+1","floor":29},{"not_picked":["Bludgeon","Limit Break"],"picked":"Impervious","floor":33},{"not_picked":["True Grit","Pommel Strike"],"picked":"Feel No Pain","floor":35},{"not_picked":["Havoc","Wild Strike"],"picked":"Body Slam","floor":38},{"not_picked":["Ghostly Armor+1","Clothesline+1"],"picked":"Fiend Fire","floor":39},{"not_picked":["Sword Boomerang+1","Uppercut+1"],"picked":"Reaper","floor":40},{"not_picked":["Thunderclap+1","Pommel Strike","Dropkick"],"picked":"SKIP","floor":41},{"not_picked":["Blood for Blood+1","Anger"],"picked":"Sword Boomerang+1","floor":44},{"not_picked":["Clash","Whirlwind","Searing Blow"],"picked":"SKIP","floor":45},{"not_picked":["Armaments","Wild Strike"],"picked":"Dark Embrace","floor":46},{"not_picked":["Clash","Metallicize"],"picked":"Shrug It Off","floor":46},{"not_picked":["Dropkick","Whirlwind"],"picked":"Entrench","floor":48},{"not_picked":["Reckless Charge+1","Flex"],"picked":"Shockwave","floor":55}],"player_experience":631925,"relics_obtained":[{"floor":7,"key":"Boot"},{"floor":9,"key":"Pen Nib"},{"floor":14,"key":"Smiling Mask"},{"floor":24,"key":"Oddly Smooth Stone"},{"floor":26,"key":"Nunchaku"},{"floor":29,"key":"Thread and Needle"},{"floor":40,"key":"Pantograph"},{"floor":44,"key":"Charon\u0027s Ashes"},{"floor":45,"key":"Prayer Wheel"},{"floor":48,"key":"MawBank"},{"floor":55,"key":"Lantern"}],"event_choices":[{"damage_healed":0,"gold_gain":0,"player_choice":"Upgraded","damage_taken":0,"max_hp_gain":0,"max_hp_loss":0,"event_name":"Upgrade Shrine","floor":3,"gold_loss":0,"cards_upgraded":["Bash"]},{"damage_healed":0,"gold_gain":0,"player_choice":"Ignored","damage_taken":0,"max_hp_gain":0,"max_hp_loss":0,"event_name":"The Mausoleum","floor":19,"gold_loss":0},{"damage_healed":0,"gold_gain":0,"player_choice":"Copied","damage_taken":0,"max_hp_gain":0,"max_hp_loss":0,"event_name":"Duplicator","floor":27,"gold_loss":0,"cards_obtained":["Disarm"]},{"cards_removed":["Whirlwind"],"damage_healed":0,"gold_gain":0,"player_choice":"Removed Attack","damage_taken":0,"max_hp_gain":0,"max_hp_loss":0,"event_name":"Falling","floor":36,"gold_loss":0},{"damage_healed":0,"gold_gain":0,"player_choice":"Trade","damage_taken":0,"relics_obtained":["FaceOfCleric"],"max_hp_gain":0,"max_hp_loss":0,"event_name":"FaceTrader","floor":37,"gold_loss":0},{"damage_healed":0,"gold_gain":0,"player_choice":"Fight","damage_taken":0,"max_hp_gain":0,"max_hp_loss":0,"event_name":"MindBloom","floor":44,"gold_loss":0}],"is_beta":false,"boss_relics":[{"not_picked":["Black Blood","Pandora\u0027s Box"],"picked":"Runic Pyramid"},{"not_picked":["Astrolabe","Calling Bell"],"picked":"Sozu"}],"items_purged_floors":[21,31,42,54],"is_endless":false,"potions_floor_spawned":[4,5,12,13,14,20,22,28,38,39,44,45,46],"killed_by":"The Heart","ascension_level":20}