{"gold_per_floor":[368,27,27,102,27,27,27,57,57,73,88,88,88,120,120,199,199,210,229,56,74,74,74,108,108,186,186,204,204,204,231,231,305,305,321,57,57,76,92,92,122,122,122,22,39,71,83,137,137,137,137,137,137,12,38,38],"floor_reached":57,"playtime":2535,"items_purged":["Strike_G","Strike_G","Strike_G+1"],"score":2837,"play_id":"b6f35ac0-4638-496c-8741-5c92851364ad","local_time":"20190617232514","is_ascension_mode":true,"campfire_choices":[{"data":"Catalyst","floor":6,"key":"SMITH"},{"floor":13,"key":"REST"},{"floor":15,"key":"REST"},{"floor":23,"key":"REST"},{"floor":25,"key":"REST"},{"floor":27,"key":"REST"},{"floor":32,"key":"REST"},{"floor":40,"key":"RECALL"},{"floor":42,"key":"REST"},{"floor":49,"key":"REST"},{"floor":53,"key":"REST"}],"neow_cost":"TEN_PERCENT_HP_LOSS","seed_source_timestamp":36410148392518,"circlet_count":0,"master_deck":["AscendersBane","Defend_G","Defend_G","Defend_G","Defend_G","Defend_G","Strike_G+1","Survivor","Neutralize","Dagger Throw","Noxious Fumes+1","Catalyst+1","Deadly Poison","Catalyst","Backflip","Burst","Catalyst","Night Terror","Crippling Poison","Corpse Explosion","Thinking Ahead","Wraith Form v2","PiercingWail+1","PiercingWail","Crippling Poison+1"],"relics":["Ring of the Snake","Lee\u0027s Waffle","Incense Burner","Art of War","Fusion Hammer","Oddly Smooth Stone","Vajra","Tiny Chest","Ninja Scroll","Mango","Bird Faced Urn","Cursed Key","Letter Opener","Kunai","Thread and Needle","Bronze Scales"],"potions_floor_usage":[12,21,28,28,39,55,56],"damage_taken":[{"damage":31,"enemies":"Jaw Worm","floor":1,"turns":10},{"damage":34,"enemies":"3 Sentries","floor":8,"turns":9},{"damage":0,"enemies":"2 Louse","floor":10,"turns":2},{"damage":0,"enemies":"Small Slimes","floor":11,"turns":2},{"damage":0,"enemies":"Exordium Wildlife","floor":12,"turns":1},{"damage":12,"enemies":"Lagavulin","floor":14,"turns":6},{"damage":5,"enemies":"The Guardian","floor":16,"turns":8},{"damage":0,"enemies":"Spheric Guardian","floor":18,"turns":3},{"damage":6,"enemies":"Shell Parasite","floor":19,"turns":2},{"damage":18,"enemies":"Snecko","floor":21,"turns":5},{"damage":29,"enemies":"Slavers","floor":24,"turns":7},{"damage":13,"enemies":"Cultist and Chosen","floor":28,"turns":7},{"damage":31,"enemies":"Gremlin Leader","floor":31,"turns":6},{"damage":29,"enemies":"Champ","floor":33,"turns":4},{"damage":2,"enemies":"3 Darklings","floor":35,"turns":2},{"damage":3,"enemies":"Orb Walker","floor":38,"turns":3},{"damage":0,"enemies":"Spire Growth","floor":39,"turns":3},{"damage":0,"enemies":"Giant Head","floor":41,"turns":6},{"damage":5,"enemies":"4 Shapes","floor":45,"turns":3},{"damage":3,"enemies":"Reptomancer","floor":46,"turns":3},{"damage":0,"enemies":"3 Darklings","floor":47,"turns":2},{"damage":19,"enemies":"2 Orb Walkers","floor":48,"turns":4},{"damage":7,"enemies":"Time Eater","floor":50,"turns":9},{"damage":55,"enemies":"Awakened One","floor":51,"turns":11},{"damage":0,"enemies":"Shield and Spear","floor":55,"turns":4},{"damage":71,"enemies":"The Heart","floor":56,"turns":9}],"seed_played":"-1387612580985833708","potions_obtained":[{"floor":8,"key":"Ancient Potion"},{"floor":10,"key":"SmokeBomb"},{"floor":14,"key":"GamblersBrew"},{"floor":24,"key":"SkillPotion"},{"floor":31,"key":"SkillPotion"},{"floor":38,"key":"Fire Potion"},{"floor":39,"key":"Fire Potion"},{"floor":46,"key":"Block Potion"}],"is_trial":false,"path_per_floor":["M","$","?","?","?","R","?","E","T","M","M","M","R","E","R","B",null,"M","M","$","M","?","R","E","R","T","R","M","T","T","E","R","B",null,"M","$","T","M","M","R","E","R","T","$","M","E","M","?","R","B","B",null,"R","$","E","B",null],"character_chosen":"THE_SILENT","items_purchased":["Noxious Fumes","Catalyst","Lee\u0027s Waffle","Oddly Smooth Stone","Thinking Ahead"],"campfire_rested":9,"item_purchase_floors":[2,2,2,20,36],"current_hp_per_floor":[28,67,67,56,56,56,36,2,2,2,2,2,22,10,30,25,57,57,51,51,33,33,53,24,44,44,64,51,51,65,34,58,31,69,67,67,67,64,64,64,66,81,81,81,76,75,75,60,81,80,29,68,81,81,81,14],"gold":38,"neow_bonus":"TWO_FIFTY_GOLD","is_prod":false,"is_daily":false,"chose_seed":false,"campfire_upgraded":1,"win_rate":0,"timestamp":1560806714,"path_taken":["M","$","?","?","?","R","?","E","T","M","M","M","R","E","R","BOSS","M","M","$","M","?","R","E","R","T","R","M","?","?","E","R","BOSS","M","$","?","M","M","R","E","R","T","$","M","E","M","?","R","BOSS","BOSS","R","$","E","BOSS"],"build_version":"2019-01-23","purchased_purges":3,"victory":true,"max_hp_per_floor":[60,67,67,67,67,67,67,67,67,67,67,67,67,67,67,67,67,67,67,67,67,67,67,67,67,67,67,67,67,81,81,81,81,81,81,81,81,81,81,81,81,81,81,81,81,81,81,81,81,81,81,81,81,81,81,81],"card_choices":[{"not_picked":["Outmaneuver","Underhanded Strike"],"picked":"Dagger Throw","floor":1},{"not_picked":["Accuracy","Acrobatics"],"picked":"Deadly Poison","floor":8},{"not_picked":["Setup","Outmaneuver","Slice"],"picked":"SKIP","floor":10},{"not_picked":["Bouncing Flask","Underhanded Strike"],"picked":"Catalyst","floor":11},{"not_picked":["Terror","Sucker Punch"],"picked":"Backflip","floor":14},{"not_picked":["After Image","Die Die Die"],"picked":"Burst","floor":16},{"not_picked":["Deadly Poison","Flying Knee"],"picked":"Catalyst","floor":18},{"not_picked":["Sucker Punch","Outmaneuver","Bane"],"picked":"SKIP","floor":19},{"not_picked":["Underhanded Strike+1","Flechettes","Masterful Stab"],"picked":"SKIP","floor":21},{"not_picked":["Dash","Concentrate+1","Flying Knee"],"picked":"SKIP","floor":24},{"not_picked":["Outmaneuver","Masterful Stab"],"picked":"Night Terror","floor":28},{"not_picked":["Bane+1","Finisher"],"picked":"Crippling Poison","floor":31},{"not_picked":["A Thousand Cuts","Venomology"],"picked":"Corpse Explosion","floor":33},{"not_picked":["Infinite Blades","Sucker Punch+1","Deflect"],"picked":"SKIP","floor":35},{"not_picked":["Reflex+1","Underhanded Strike","Cloak And Dagger+1"],"picked":"SKIP","floor":38},{"not_picked":["Dagger Throw","Flying Knee","Prepared"],"picked":"SKIP","floor":39},{"not_picked":["Finisher","Adrenaline"],"picked":"Wraith Form v2","floor":41},{"not_picked":["Dagger Spray","Quick Slash+1"],"picked":"PiercingWail+1","floor":45},{"not_picked":["Dagger Throw","Outmaneuver","Quick Slash+1"],"picked":"SKIP","floor":46},{"not_picked":["Dagger Spray","Dagger Throw"],"picked":"PiercingWail","floor":47},{"not_picked":["Deflect+1","Acrobatics+1"],"picked":"Crippling Poison+1","floor":48},{"not_picked":["Grand Finale","Accuracy","Riddle With Holes"],"picked":"SKIP","floor":55}],"player_experience":1404049,"relics_obtained":[{"floor":8,"key":"Incense Burner"},{"floor":14,"key":"Art of War"},{"floor":24,"key":"Vajra"},{"floor":26,"key":"Tiny Chest"},{"floor":29,"key":"Ninja Scroll"},{"floor":30,"key":"Mango"},{"floor":31,"key":"Bird Faced Urn"},{"floor":41,"key":"Letter Opener"},{"floor":46,"key":"Kunai"},{"floor":48,"key":"Thread and Needle"},{"floor":55,"key":"Bronze Scales"}],"event_choices":[{"damage_healed":0,"gold_gain":0,"player_choice":"Grow","damage_taken":0,"max_hp_gain":0,"max_hp_loss":0,"event_name":"Living Wall","floor":3,"gold_loss":0,"cards_upgraded":["Noxious Fumes"]},{"damage_healed":0,"gold_gain":75,"player_choice":"Gather Gold","damage_taken":11,"max_hp_gain":0,"max_hp_loss":0,"event_name":"World of Goop","floor":4,"gold_loss":0},{"cards_removed":["Strike_G"],"damage_healed":0,"gold_gain":0,"player_choice":"Card Removal","damage_taken":0,"max_hp_gain":0,"max_hp_loss":0,"event_name":"The Cleric","floor":5,"gold_loss":75},{"damage_healed":0,"gold_gain":0,"player_choice":"Entered Light","damage_taken":20,"max_hp_gain":0,"max_hp_loss":0,"event_name":"Shining Light","floor":7,"gold_loss":0,"cards_upgraded":["Strike_G","Strike_G"]},{"damage_healed":0,"gold_gain":0,"player_choice":"Ignored","damage_taken":0,"max_hp_gain":0,"max_hp_loss":0,"event_name":"The Mausoleum","floor":22,"gold_loss":0},{"damage_healed":0,"gold_gain":0,"player_choice":"Fight","damage_taken":0,"max_hp_gain":0,"max_hp_loss":0,"event_name":"Mysterious Sphere","floor":48,"gold_loss":0}],"is_beta":false,"boss_relics":[{"not_picked":["Sozu","Lizard Tail"],"picked":"Fusion Hammer"},{"not_picked":["Ring of the Serpent","Runic Dome"],"picked":"Cursed Key"}],"items_purged_floors":[36,44,54],"is_endless":false,"potions_floor_spawned":[8,10,14,16,18,19,24,31,38,39,46],"ascension_level":20}