{"gold_per_floor":[109,126,51,63,63,63,92,92,92,127,127,127,146,157,157,234,234,254,254,269,284,294,294,321,321,321,351,363,19,31,64,64,136,136,146,158,24,24,24,24,50,50,50,70,98,117,117,117,117,117,117,117,117,48,82,82],"floor_reached":57,"playtime":4231,"items_purged":["Strike_R","Strike_R"],"score":2710,"play_id":"4448c25a-995f-4cd0-bb35-03ad9375aac3","local_time":"20190205165927","is_ascension_mode":true,"campfire_choices":[{"data":"Bash","floor":6.0,"key":"SMITH"},{"floor":8.0,"key":"REST"},{"data":"Inflame","floor":12.0,"key":"SMITH"},{"floor":15.0,"key":"REST"},{"data":"Disarm","floor":23,"key":"SMITH"},{"data":"Uppercut","floor":25,"key":"SMITH"},{"data":"Limit Break","floor":32,"key":"SMITH"},{"data":"Heavy Blade","floor":40,"key":"SMITH"},{"floor":42,"key":"RECALL"},{"data":"Impervious","floor":49,"key":"SMITH"},{"data":"Evolve","floor":53,"key":"SMITH"}],"neow_cost":"NONE","seed_source_timestamp":11007321047590,"circlet_count":0,"master_deck":["AscendersBane","Defend_R","Defend_R","Defend_R","Bash+1","Headbutt","Infernal Blade","Inflame+1","Battle Trance","Reaper","Uppercut+1","Limit Break+1","Disarm+1","Rupture","Battle Trance","Impervious+1","Evolve+1","Heavy Blade+1","True Grit+1","Reaper","Intimidate+1","Shockwave+1","Body Slam+1","Dual Wield+1","Battle Trance","Limit Break","Shrug It Off"],"special_seed":0,"relics":["Burning Blood","Vajra","Bag of Marbles","Self Forming Clay","PreservedInsect","Velvet Choker","Dream Catcher","The Courier","Anchor","Mummified Hand","Boot","Astrolabe","Bag of Preparation","Lantern","Orichalcum","Paper Frog"],"potions_floor_usage":[55,56],"damage_taken":[{"damage":1.0,"enemies":"Small Slimes","floor":1.0,"turns":4.0},{"damage":9.0,"enemies":"2 Louse","floor":2.0,"turns":3.0},{"damage":4.0,"enemies":"Jaw Worm","floor":4.0,"turns":3.0},{"damage":55.0,"enemies":"3 Sentries","floor":7.0,"turns":14.0},{"damage":4.0,"enemies":"Gremlin Nob","floor":10.0,"turns":3.0},{"damage":0.0,"enemies":"Red Slaver","floor":13.0,"turns":1.0},{"damage":40.0,"enemies":"Large Slime","floor":14.0,"turns":10.0},{"damage":17.0,"enemies":"Slime Boss","floor":16.0,"turns":8.0},{"damage":21,"enemies":"Shell Parasite","floor":18,"turns":3},{"damage":11,"enemies":"Chosen","floor":20,"turns":5},{"damage":3,"enemies":"Centurion and Healer","floor":21,"turns":6},{"damage":5,"enemies":"Sentry and Sphere","floor":22,"turns":4},{"damage":36,"enemies":"Book of Stabbing","floor":24,"turns":6},{"damage":9,"enemies":"Gremlin Leader","floor":27,"turns":4},{"damage":4,"enemies":"3 Cultists","floor":28,"turns":4},{"damage":0,"enemies":"Centurion and Healer","floor":30,"turns":4},{"damage":14,"enemies":"Slavers","floor":31,"turns":4},{"damage":66,"enemies":"Collector","floor":33,"turns":6},{"damage":3,"enemies":"3 Shapes","floor":35,"turns":4},{"damage":8,"enemies":"3 Darklings","floor":36,"turns":4},{"damage":1,"enemies":"Nemesis","floor":41,"turns":5},{"damage":20,"enemies":"Maw","floor":44,"turns":8},{"damage":2,"enemies":"Giant Head","floor":45,"turns":5},{"damage":14,"enemies":"Sphere and 2 Shapes","floor":46,"turns":14},{"damage":81,"enemies":"Awakened One","floor":50,"turns":12},{"damage":68,"enemies":"Donu and Deca","floor":51,"turns":8},{"damage":81,"enemies":"Shield and Spear","floor":55,"turns":6},{"damage":154,"enemies":"The Heart","floor":56,"turns":9}],"seed_played":"3926055023300485472","potions_obtained":[{"floor":2.0,"key":"Dexterity Potion"},{"floor":4.0,"key":"Weak Potion"},{"floor":13.0,"key":"Weak Potion"},{"floor":16.0,"key":"SpeedPotion"},{"floor":28,"key":"Swift Potion"},{"floor":36,"key":"SkillPotion"},{"floor":44,"key":"PowerPotion"}],"is_trial":false,"path_per_floor":["M","M","$","M","?","R","E","R","T","E","?","R","M","M","R","B",null,"M","?","M","M","M","R","E","R","T","E","M","$","M","E","R","B",null,"M","M","$","?","?","R","E","R","T","M","E","M","$","?","R","B","B",null,"R","$","E","B",null],"character_chosen":"IRONCLAD","items_purchased":["Mummified Hand","Evolve","Bag of Preparation","Limit Break"],"campfire_rested":2,"item_purchase_floors":[29,29,37,54],"current_hp_per_floor":[73,70,70,72,65,65,16,38,38,40,40,40,46,22,44,49,69,63,63,58,75,75,75,54,54,54,75,75,75,75,75,75,48,68,75,75,75,65,65,65,70,70,70,71,71,71,71,71,71,71,71,71,71,71,71,71],"gold":82,"neow_bonus":"RANDOM_COMMON_RELIC","is_prod":false,"is_daily":false,"chose_seed":false,"campfire_upgraded":8,"win_rate":0,"timestamp":1549382367,"path_taken":["M","M","$","M","?","R","E","R","T","E","?","R","M","M","R","BOSS","M","?","?","M","M","R","E","R","T","E","M","$","M","E","R","BOSS","M","M","$","?","?","R","E","R","T","M","E","M","$","?","R","BOSS","BOSS","R","$","E","BOSS"],"build_version":"2019-01-23","purchased_purges":2,"victory":true,"max_hp_per_floor":[75,75,75,75,75,75,75,75,75,75,75,75,75,75,75,75,75,75,75,75,75,75,75,75,75,75,75,75,75,75,75,75,75,75,75,75,75,75,71,71,71,71,71,71,71,71,71,71,71,71,71,71,71,71,71,71],"card_choices":[{"not_picked":["True Grit","Wild Strike"],"picked":"Headbutt","floor":1.0},{"not_picked":["Sever Soul","Heavy Blade"],"picked":"Infernal Blade","floor":2.0},{"not_picked":["Body Slam","Sentinel"],"picked":"Inflame","floor":4.0},{"not_picked":["Warcry","Blood for Blood","Clash"],"picked":"SKIP","floor":7.0},{"not_picked":["Havoc","Thunderclap"],"picked":"Battle Trance","floor":10.0},{"not_picked":["Clash","Carnage"],"picked":"Reaper","floor":13.0},{"not_picked":["Reckless Charge","Body Slam"],"picked":"Uppercut","floor":14.0},{"not_picked":["Berserk","Fiend Fire"],"picked":"Limit Break","floor":16.0},{"not_picked":["Wild Strike","Anger"],"picked":"Disarm","floor":18},{"not_picked":["Iron Wave","Perfected Strike"],"picked":"Rupture","floor":20},{"not_picked":["Havoc","Iron Wave","Bloodletting"],"picked":"SKIP","floor":21},{"not_picked":["Cleave","Warcry+1"],"picked":"Battle Trance","floor":22},{"not_picked":["Havoc","Body Slam"],"picked":"Heavy Blade","floor":24},{"not_picked":["True Grit","Flex","Heavy Blade"],"picked":"SKIP","floor":27},{"not_picked":["Clash+1","Pommel Strike"],"picked":"Impervious","floor":28},{"not_picked":["Searing Blow","Iron Wave"],"picked":"Heavy Blade+1","floor":30},{"not_picked":["Sword Boomerang","Infernal Blade"],"picked":"True Grit+1","floor":31},{"not_picked":["Dark Embrace","Offering"],"picked":"Reaper","floor":33},{"not_picked":["Entrench","Anger","Sword Boomerang+1"],"picked":"SKIP","floor":35},{"not_picked":["Body Slam","Sentinel","Clothesline"],"picked":"SKIP","floor":36},{"not_picked":["Clash","Fire Breathing","Flex"],"picked":"SKIP","floor":41},{"not_picked":["Wild Strike+1","Fire Breathing+1"],"picked":"Dual Wield+1","floor":44},{"not_picked":["Seeing Red+1","Shockwave"],"picked":"Battle Trance","floor":45},{"not_picked":["Sword Boomerang","Twin Strike","Uppercut"],"picked":"SKIP","floor":46},{"not_picked":["Sentinel","Seeing Red+1"],"picked":"Shrug It Off","floor":55}],"player_experience":898107,"relics_obtained":[{"floor":7.0,"key":"Bag of Marbles"},{"floor":9.0,"key":"Self Forming Clay"},{"floor":10.0,"key":"PreservedInsect"},{"floor":24,"key":"Dream Catcher"},{"floor":26,"key":"The Courier"},{"floor":27,"key":"Anchor"},{"floor":31,"key":"Boot"},{"floor":41,"key":"Lantern"},{"floor":45,"key":"Orichalcum"},{"floor":55,"key":"Paper Frog"}],"event_choices":[{"cards_removed":["Strike_R"],"damage_healed":0.0,"max_hp_gain":0.0,"max_hp_loss":0.0,"gold_gain":0.0,"event_name":"Golden Wing","player_choice":"Card Removal","floor":5.0,"gold_loss":0.0,"damage_taken":7.0},{"damage_healed":0.0,"max_hp_gain":0.0,"max_hp_loss":0.0,"gold_gain":0.0,"event_name":"Liars Game","player_choice":"Ignored","floor":11.0,"gold_loss":0.0,"damage_taken":0.0},{"damage_healed":0,"gold_gain":0,"player_choice":"Ignored","damage_taken":0,"max_hp_gain":0,"max_hp_loss":0,"event_name":"N\u0027loth","floor":19,"gold_loss":0},{"damage_healed":0,"gold_gain":0,"player_choice":"Memory 3","damage_taken":10,"max_hp_gain":0,"max_hp_loss":0,"event_name":"SensoryStone","floor":38,"gold_loss":0},{"damage_healed":0,"gold_gain":0,"player_choice":"Max HP","damage_taken":0,"max_hp_gain":0,"max_hp_loss":4,"event_name":"Winding Halls","floor":39,"gold_loss":0},{"cards_removed":["Heavy Blade"],"damage_healed":0,"gold_gain":0,"player_choice":"Removed Attack","damage_taken":0,"max_hp_gain":0,"max_hp_loss":0,"event_name":"Falling","floor":48,"gold_loss":0}],"is_beta":false,"boss_relics":[{"not_picked":["Calling Bell","Sozu"],"picked":"Velvet Choker"},{"not_picked":["Cursed Key","Philosopher\u0027s Stone"],"picked":"Astrolabe"}],"items_purged_floors":[3,29],"is_endless":false,"potions_floor_spawned":[2,4,13,16,18,28,30,31,33,36,44,46],"ascension_level":20}