{"gold_per_floor":[117,267,30,49,59,59,84,84,84,84,104,135,135,146,146,146],"floor_reached":16,"playtime":980,"items_purged":["Doubt"],"score":220,"play_id":"8fadc068-a930-46f9-a8e7-75efd5502a63","local_time":"20190411234751","is_ascension_mode":true,"campfire_choices":[{"data":"Bash","floor":6,"key":"SMITH"},{"floor":8,"key":"REST"},{"data":"Body Slam","floor":13,"key":"SMITH"},{"data":"Body Slam","floor":15,"key":"SMITH"}],"neow_cost":"TEN_PERCENT_HP_LOSS","seed_source_timestamp":36840441344595,"circlet_count":0,"master_deck":["AscendersBane","Strike_R","Strike_R","Strike_R","Strike_R","Defend_R","Defend_R","Defend_R","Defend_R","Bash+1","Impervious","Body Slam+1","Disarm","Inflame","Body Slam+1","Exhume","Exhume","Ghostly Armor","Power Through","Shrug It Off"],"relics":["Burning Blood","Mercury Hourglass","Anchor","Blue Candle"],"potions_floor_usage":[12],"damage_taken":[{"damage":2,"enemies":"Jaw Worm","floor":1,"turns":5},{"damage":6,"enemies":"2 Louse","floor":4,"turns":3},{"damage":6,"enemies":"Cultist","floor":5,"turns":3},{"damage":65,"enemies":"3 Sentries","floor":7,"turns":14},{"damage":0,"enemies":"Looter","floor":11,"turns":4},{"damage":7,"enemies":"Lagavulin","floor":12,"turns":6},{"damage":0,"enemies":"Large Slime","floor":14,"turns":6},{"damage":40,"enemies":"Slime Boss","floor":16,"turns":7}],"seed_played":"-1974875044224603538","potions_obtained":[{"floor":5,"key":"Energy Potion"},{"floor":11,"key":"LiquidBronze"}],"is_trial":false,"path_per_floor":["M","?","$","M","M","R","E","R","T","?","M","E","R","M","R","B"],"character_chosen":"IRONCLAD","items_purchased":["Disarm","Inflame"],"campfire_rested":1,"item_purchase_floors":[3,3],"current_hp_per_floor":[68,68,68,68,68,68,9,29,29,29,35,34,34,40,40,0],"gold":146,"neow_bonus":"THREE_RARE_CARDS","is_prod":false,"is_daily":false,"chose_seed":false,"campfire_upgraded":3,"win_rate":0,"timestamp":1555019271,"path_taken":["M","?","$","M","M","R","E","R","T","?","M","E","R","M","R","BOSS"],"build_version":"2019-01-23","purchased_purges":1,"victory":false,"max_hp_per_floor":[68,68,68,68,68,68,68,68,68,68,68,68,68,68,68,68],"card_choices":[{"not_picked":["Exhume","Brutality"],"picked":"Impervious","floor":0},{"not_picked":["Warcry","Havoc"],"picked":"Body Slam","floor":1},{"not_picked":["Blood for Blood","True Grit","Body Slam"],"picked":"SKIP","floor":4},{"not_picked":["Body Slam","Sever Soul","True Grit"],"picked":"SKIP","floor":5},{"not_picked":["Sever Soul","True Grit"],"picked":"Body Slam","floor":5},{"not_picked":["Thunderclap","Dropkick"],"picked":"Exhume","floor":7},{"not_picked":["Headbutt","Havoc"],"picked":"Ghostly Armor","floor":11},{"not_picked":["Whirlwind","Metallicize"],"picked":"Power Through","floor":12},{"not_picked":["Combust","Carnage"],"picked":"Shrug It Off","floor":14}],"player_experience":1108372,"relics_obtained":[{"floor":7,"key":"Mercury Hourglass"},{"floor":9,"key":"Anchor"},{"floor":12,"key":"Blue Candle"}],"event_choices":[{"damage_healed":0,"gold_gain":150,"player_choice":"AGREE","damage_taken":0,"max_hp_gain":0,"max_hp_loss":0,"event_name":"Liars Game","floor":2,"gold_loss":0,"cards_obtained":["Doubt"]},{"damage_healed":0,"gold_gain":0,"cards_transformed":["Strike_R"],"player_choice":"Transformed","damage_taken":0,"max_hp_gain":0,"max_hp_loss":0,"event_name":"Transmorgrifier","floor":10,"gold_loss":0,"cards_obtained":["Exhume"]}],"is_beta":false,"boss_relics":[],"items_purged_floors":[3],"is_endless":false,"potions_floor_spawned":[5,11],"killed_by":"Slime Boss","ascension_level":20}