{"gold_per_floor":[113,126,126,144,18,18,50,50,77,92,92,117,117,148,148,241,241,257,257,257,56,56,96,96,96,173,173,188,188,206,242,242,337,337,355,371,371,392,45,76,76,99,99,99,122,137,137,151,151,151,151,151,151,52,85,85],"floor_reached":57,"playtime":4209,"items_purged":["Strike_B","Dualcast"],"score":2776,"play_id":"de031f80-5ebf-4d79-b27a-3618f7131313","local_time":"20190204171105","is_ascension_mode":true,"campfire_choices":[{"data":"Barrage","floor":6,"key":"SMITH"},{"floor":8,"key":"REST"},{"data":"Recycle","floor":15,"key":"SMITH"},{"data":"Fission","floor":25,"key":"SMITH"},{"floor":27,"key":"REST"},{"data":"Electrodynamics","floor":29,"key":"SMITH"},{"floor":32,"key":"REST"},{"data":"Defragment","floor":41,"key":"SMITH"},{"data":"Static Discharge","floor":44,"key":"SMITH"},{"data":"Coolheaded","floor":47,"key":"SMITH"},{"floor":49,"key":"RECALL"},{"floor":53,"key":"REST"}],"neow_cost":"NONE","seed_source_timestamp":11570577896858,"circlet_count":0,"master_deck":["AscendersBane","Zap+1","Cold Snap","Barrage+1","Ball Lightning","Coolheaded+1","Ball Lightning","Ball Lightning","Recycle+1","Fission+1","Electrodynamics+1","Conserve Battery","Rainbow","Undo","Static Discharge+1","Undo","Coolheaded","Glacier","Capacitor+1","Sunder","Meteor Strike","Coolheaded+1","Recycle","Defragment+1","All For One","Hologram+1","Parasite","Skim","Loop","Glacier+1"],"relics":["Cracked Core","Lantern","Omamori","Golden Idol","Centennial Puzzle","Pandora\u0027s Box","Necronomicon","Ornamental Fan","Bag of Marbles","Sundial","Bronze Scales","Snecko Eye","Mummified Hand","PreservedInsect","StoneCalendar","Turnip"],"potions_floor_usage":[10,12,12,16,23,33,40,55,56,56],"damage_taken":[{"damage":0,"enemies":"Cultist","floor":1,"turns":3},{"damage":0,"enemies":"2 Louse","floor":2,"turns":2},{"damage":0,"enemies":"Small Slimes","floor":4,"turns":2},{"damage":20,"enemies":"Lagavulin","floor":7,"turns":6},{"damage":7,"enemies":"3 Louse","floor":10,"turns":2},{"damage":8,"enemies":"3 Sentries","floor":12,"turns":5},{"damage":4,"enemies":"Gremlin Nob","floor":14,"turns":3},{"damage":33,"enemies":"Hexaghost","floor":16,"turns":9},{"damage":0,"enemies":"Chosen","floor":18,"turns":3},{"damage":21,"enemies":"Slavers","floor":23,"turns":5},{"damage":0,"enemies":"2 Thieves","floor":28,"turns":2},{"damage":0,"enemies":"Snecko","floor":30,"turns":4},{"damage":10,"enemies":"Gremlin Leader","floor":31,"turns":6},{"damage":4,"enemies":"Champ","floor":33,"turns":7},{"damage":0,"enemies":"3 Shapes","floor":35,"turns":2},{"damage":0,"enemies":"3 Darklings","floor":36,"turns":2},{"damage":0,"enemies":"Sphere and 2 Shapes","floor":38,"turns":2},{"damage":0,"enemies":"Giant Head","floor":40,"turns":5},{"damage":0,"enemies":"Spire Growth","floor":42,"turns":2},{"damage":0,"enemies":"4 Shapes","floor":45,"turns":2},{"damage":0,"enemies":"Writhing Mass","floor":46,"turns":2},{"damage":10,"enemies":"3 Darklings","floor":48,"turns":2},{"damage":0,"enemies":"Donu and Deca","floor":50,"turns":4},{"damage":33,"enemies":"Time Eater","floor":51,"turns":8},{"damage":54,"enemies":"Shield and Spear","floor":55,"turns":3},{"damage":10,"enemies":"The Heart","floor":56,"turns":8}],"seed_played":"-887966274635520300","potions_obtained":[{"floor":0,"key":"Fire Potion"},{"floor":0,"key":"Dexterity Potion"},{"floor":1,"key":"Explosive Potion"},{"floor":10,"key":"Regen Potion"},{"floor":12,"key":"LiquidBronze"},{"floor":18,"key":"PowerPotion"},{"floor":31,"key":"Dexterity Potion"},{"floor":36,"key":"Swift Potion"},{"floor":46,"key":"FearPotion"},{"floor":48,"key":"SpeedPotion"},{"floor":55,"key":"SteroidPotion"}],"is_trial":false,"path_per_floor":["M","M","?","M","$","R","E","R","T","M","?","E","?","E","R","B",null,"M","?","?","$","?","E","T","R","T","R","M","R","M","E","R","B",null,"M","M","?","M","$","E","R","M","T","R","M","M","R","M","R","B","B",null,"R","$","E","B",null],"character_chosen":"DEFECT","items_purchased":["Ball Lightning","Glacier","PowerPotion","Defragment","Mummified Hand","Swift Potion","Loop"],"campfire_rested":4,"item_purchase_floors":[5,21,21,39,39,54,54],"current_hp_per_floor":[64,64,64,64,64,64,44,65,65,58,63,69,69,65,65,32,65,65,44,44,44,44,23,23,23,23,45,45,45,45,35,57,53,70,70,70,70,70,70,70,70,70,70,70,70,70,70,60,60,60,27,64,76,76,22,12],"gold":85,"neow_bonus":"THREE_SMALL_POTIONS","is_prod":false,"is_daily":false,"chose_seed":false,"campfire_upgraded":7,"win_rate":0,"timestamp":1549296665,"path_taken":["M","M","?","?","$","R","E","R","T","M","?","E","?","E","R","BOSS","M","?","?","$","?","E","?","R","T","R","M","R","M","E","R","BOSS","M","M","?","M","$","E","R","M","T","R","?","M","R","M","R","BOSS","BOSS","R","$","E","BOSS"],"build_version":"2019-01-23","purchased_purges":2,"victory":true,"max_hp_per_floor":[71,71,71,71,71,71,71,71,71,71,76,76,76,76,76,76,76,76,76,76,76,76,76,76,76,76,76,76,76,76,76,76,76,76,76,76,76,76,76,76,76,76,76,76,76,76,76,76,76,76,76,76,76,76,76,76],"card_choices":[{"not_picked":["Leap","Sweeping Beam"],"picked":"Cold Snap","floor":1},{"not_picked":["Beam Cell","Go for the Eyes"],"picked":"Barrage","floor":2},{"not_picked":["Double Energy","Machine Learning","Leap"],"picked":"SKIP","floor":4},{"not_picked":["All For One","Stack"],"picked":"Coolheaded","floor":7},{"not_picked":["Compile Driver","Chaos"],"picked":"Ball Lightning","floor":10},{"not_picked":["Blizzard","Sweeping Beam"],"picked":"Ball Lightning","floor":12},{"not_picked":["BootSequence","Stack"],"picked":"Recycle","floor":14},{"not_picked":["Multi-Cast","Seek"],"picked":"Fission","floor":16},{"not_picked":["Turbo","Rebound","Leap"],"picked":"SKIP","floor":18},{"not_picked":["Streamline","Rip and Tear","Redo+1"],"picked":"SKIP","floor":23},{"not_picked":["Coolheaded","Genetic Algorithm"],"picked":"Capacitor+1","floor":28},{"not_picked":["Auto Shields","Hologram"],"picked":"Sunder","floor":30},{"not_picked":["Rip and Tear","Stack","Chill"],"picked":"SKIP","floor":31},{"not_picked":["Reboot","Core Surge"],"picked":"Meteor Strike","floor":33},{"not_picked":["Leap+1","Ball Lightning+1"],"picked":"Coolheaded+1","floor":35},{"not_picked":["Steam Power","Blizzard"],"picked":"Recycle","floor":36},{"not_picked":["Recycle","Stack","Rip and Tear"],"picked":"SKIP","floor":38},{"not_picked":["Cold Snap","Coolheaded","Rebound"],"picked":"SKIP","floor":40},{"not_picked":["Cold Snap","Coolheaded","Rebound"],"picked":"SKIP","floor":40},{"not_picked":["Redo","Conserve Battery"],"picked":"All For One","floor":42},{"not_picked":["Redo","Barrage"],"picked":"Hologram+1","floor":45},{"not_picked":["Streamline","Conserve Battery+1"],"picked":"Skim","floor":46},{"not_picked":["Steam","Cold Snap","Streamline"],"picked":"SKIP","floor":48},{"not_picked":["Coolheaded","Aggregate"],"picked":"Glacier+1","floor":55}],"player_experience":893898,"relics_obtained":[{"floor":7,"key":"Lantern"},{"floor":12,"key":"Omamori"},{"floor":14,"key":"Centennial Puzzle"},{"floor":19,"key":"Necronomicon"},{"floor":23,"key":"Ornamental Fan"},{"floor":24,"key":"Bag of Marbles"},{"floor":26,"key":"Sundial"},{"floor":31,"key":"Bronze Scales"},{"floor":40,"key":"PreservedInsect"},{"floor":43,"key":"StoneCalendar"},{"floor":55,"key":"Turnip"}],"event_choices":[{"damage_healed":0,"gold_gain":0,"player_choice":"Upgraded","damage_taken":0,"max_hp_gain":0,"max_hp_loss":0,"event_name":"Upgrade Shrine","floor":3,"gold_loss":0,"cards_upgraded":["Zap"]},{"damage_healed":0,"gold_gain":0,"player_choice":"Donut","damage_taken":0,"max_hp_gain":5,"max_hp_loss":0,"event_name":"Big Fish","floor":11,"gold_loss":0},{"damage_healed":0,"gold_gain":0,"player_choice":"Take Wound","damage_taken":0,"relics_obtained":["Golden Idol"],"max_hp_gain":0,"max_hp_loss":0,"event_name":"Golden Idol","floor":13,"gold_loss":0,"cards_obtained":["Injury"]},{"damage_healed":0,"gold_gain":0,"player_choice":"Obtained Book","damage_taken":21,"max_hp_gain":0,"max_hp_loss":0,"event_name":"Cursed Tome","floor":19,"gold_loss":0},{"damage_healed":0,"gold_gain":0,"cards_transformed":["Steam Power","Rip and Tear"],"player_choice":"Became Test Subject","damage_taken":0,"max_hp_gain":0,"max_hp_loss":0,"event_name":"Drug Dealer","floor":20,"gold_loss":0,"cards_obtained":["Undo","Coolheaded"]},{"damage_healed":0,"gold_gain":0,"player_choice":"0 cards matched","damage_taken":0,"max_hp_gain":0,"max_hp_loss":0,"event_name":"Match and Keep!","floor":37,"gold_loss":0,"cards_obtained":[]}],"is_beta":false,"boss_relics":[{"not_picked":["Busted Crown","Calling Bell"],"picked":"Pandora\u0027s Box"},{"not_picked":["Tiny House","Sozu"],"picked":"Snecko Eye"}],"items_purged_floors":[5,21],"is_endless":false,"potions_floor_spawned":[1,2,10,12,18,31,36,38,46,48,55],"ascension_level":20}