{"gold_per_floor":[112,130,14,25,41,74,85,85,85,115,40,67,67,67,67,162,162,185,210,52,52,52],"floor_reached":22,"playtime":1408,"items_purged":["Strike_R"],"score":408,"play_id":"44da1a4c-2087-40f7-a762-15634c97751e","local_time":"20190518004736","is_ascension_mode":true,"campfire_choices":[{"data":"Combust","floor":8.0,"key":"SMITH"},{"data":"True Grit","floor":13.0,"key":"SMITH"},{"data":"Shockwave","floor":15.0,"key":"SMITH"}],"neow_cost":"NONE","seed_source_timestamp":42466169688374,"circlet_count":0,"master_deck":["AscendersBane","Strike_R","Strike_R","Defend_R","Defend_R","Defend_R","Defend_R","Bash","Feel No Pain","Iron Wave","Shockwave+1","Combust+1","Rupture","Anger","Sword Boomerang","True Grit+1","Clothesline","Reaper","Shrug It Off","Impervious"],"special_seed":0,"relics":["Burning Blood","Pear","Mummified Hand","FossilizedHelix","Golden Idol","Philosopher\u0027s Stone"],"potions_floor_usage":[19],"damage_taken":[{"damage":4.0,"enemies":"Jaw Worm","floor":1.0,"turns":6.0},{"damage":2.0,"enemies":"2 Louse","floor":2.0,"turns":4.0},{"damage":11.0,"enemies":"Small Slimes","floor":4.0,"turns":6.0},{"damage":12.0,"enemies":"Exordium Wildlife","floor":5.0,"turns":8.0},{"damage":29.0,"enemies":"Gremlin Nob","floor":6.0,"turns":4.0},{"damage":9.0,"enemies":"Lots of Slimes","floor":7.0,"turns":3.0},{"damage":21.0,"enemies":"3 Sentries","floor":10.0,"turns":6.0},{"damage":15.0,"enemies":"Lagavulin","floor":12.0,"turns":6.0},{"damage":14.0,"enemies":"Hexaghost","floor":16.0,"turns":7.0},{"damage":13,"enemies":"Shell Parasite","floor":18,"turns":5},{"damage":37,"enemies":"3 Byrds","floor":19,"turns":4},{"damage":42,"enemies":"3 Cultists","floor":22,"turns":5}],"seed_played":"-3484068908484032100","potions_obtained":[{"floor":2.0,"key":"AttackPotion"},{"floor":4.0,"key":"Swift Potion"},{"floor":10.0,"key":"Poison Potion"},{"floor":18,"key":"SneckoOil"}],"is_trial":false,"path_per_floor":["M","M","$","M","M","E","M","R","T","E","?","E","R","?","R","B",null,"M","M","$","?","M"],"character_chosen":"IRONCLAD","items_purchased":["Shockwave","Impervious"],"campfire_rested":0,"item_purchase_floors":[3,20],"current_hp_per_floor":[70,74,74,69,63,50,47,47,47,32,32,23,23,23,23,15,62,55,30,30,30,0],"gold":52,"neow_bonus":"REMOVE_CARD","is_prod":false,"is_daily":false,"chose_seed":false,"campfire_upgraded":3,"win_rate":0,"timestamp":1558133256,"path_taken":["M","M","$","M","M","E","M","R","T","E","?","E","R","?","R","BOSS","M","M","$","?","M"],"build_version":"2019-01-23","purchased_purges":1,"victory":false,"max_hp_per_floor":[75,75,75,75,75,85,85,85,85,85,85,85,85,77,77,77,77,77,77,77,77,77],"card_choices":[{"not_picked":["Pommel Strike","Warcry"],"picked":"Feel No Pain","floor":1.0},{"not_picked":["Headbutt","Seeing Red"],"picked":"Iron Wave","floor":2.0},{"not_picked":["Pommel Strike","Cleave"],"picked":"Combust","floor":4.0},{"not_picked":["Sentinel","Fire Breathing"],"picked":"Rupture","floor":5.0},{"not_picked":["Ghostly Armor","Havoc"],"picked":"Anger","floor":6.0},{"not_picked":["Thunderclap","Blood for Blood"],"picked":"Sword Boomerang","floor":7.0},{"not_picked":["Burning Pact","Wild Strike"],"picked":"True Grit","floor":10.0},{"not_picked":["Perfected Strike","Iron Wave"],"picked":"Clothesline","floor":12.0},{"not_picked":["Bludgeon","Exhume"],"picked":"Reaper","floor":16.0},{"not_picked":["Ghostly Armor","Sword Boomerang","Heavy Blade"],"picked":"SKIP","floor":18},{"not_picked":["Iron Wave","Clothesline"],"picked":"Shrug It Off","floor":19}],"player_experience":1217131,"relics_obtained":[{"floor":6.0,"key":"Pear"},{"floor":9.0,"key":"Mummified Hand"},{"floor":12.0,"key":"FossilizedHelix"}],"event_choices":[{"cards_removed":["Strike_R"],"damage_healed":0.0,"max_hp_gain":0.0,"max_hp_loss":0.0,"gold_gain":0.0,"event_name":"The Cleric","player_choice":"Card Removal","floor":11.0,"gold_loss":75.0,"damage_taken":0.0},{"damage_healed":0.0,"max_hp_gain":0.0,"max_hp_loss":8.0,"gold_gain":0.0,"event_name":"Golden Idol","player_choice":"Lose Max HP","floor":14.0,"gold_loss":0.0,"damage_taken":0.0,"relics_obtained":["Golden Idol"]},{"damage_healed":0,"gold_gain":0,"player_choice":"Ignored","damage_taken":0,"max_hp_gain":0,"max_hp_loss":0,"event_name":"Ghosts","floor":21,"gold_loss":0}],"is_beta":false,"boss_relics":[{"not_picked":["Orrery","Calling Bell"],"picked":"Philosopher\u0027s Stone"}],"items_purged_floors":[3],"is_endless":false,"potions_floor_spawned":[2,4,10,18],"killed_by":"3 Cultists","ascension_level":20}