{"gold_per_floor":[115,127,52,32,45,45,373,388,459,459,459,484,497,507,507,579,579,596,596,596,615,635,664,664,697,724,724,750,762,787,215,215,215],"floor_reached":33,"playtime":1201,"items_purged":["Strike_G+1"],"score":730,"play_id":"2b2e4715-4a35-452b-bd7a-5c74074727cc","local_time":"20190609233507","is_ascension_mode":true,"campfire_choices":[{"data":"Neutralize","floor":6.0,"key":"SMITH"},{"data":"Dagger Spray","floor":10.0,"key":"SMITH"},{"data":"Bouncing Flask","floor":15.0,"key":"SMITH"},{"floor":24,"key":"REST"},{"floor":27,"key":"REST"},{"floor":32,"key":"REST"}],"neow_cost":"NONE","seed_source_timestamp":39948699329253,"circlet_count":0,"master_deck":["AscendersBane","Defend_G+1","Defend_G+1","Defend_G+1","Defend_G+1","Defend_G+1","Strike_G+1","Strike_G+1","Strike_G+1","Survivor","Neutralize+1","Dagger Spray+1","Flying Knee","Backstab","Bouncing Flask+1","Die Die Die","Corpse Explosion","Backstab","PiercingWail","Noxious Fumes"],"special_seed":0,"relics":["Ring of the Snake","Anchor","Old Coin","Letter Opener","Strawberry","Fusion Hammer","Bag of Preparation","Juzu Bracelet","Pen Nib","Kunai","Singing Bowl","Medical Kit"],"potions_floor_usage":[22,23,33,33],"damage_taken":[{"damage":2.0,"enemies":"Cultist","floor":1.0,"turns":5.0},{"damage":0.0,"enemies":"2 Louse","floor":2.0,"turns":3.0},{"damage":0.0,"enemies":"Small Slimes","floor":5.0,"turns":3.0},{"damage":16.0,"enemies":"3 Sentries","floor":7.0,"turns":10.0},{"damage":0.0,"enemies":"Looter","floor":8.0,"turns":2.0},{"damage":3.0,"enemies":"Gremlin Nob","floor":12.0,"turns":4.0},{"damage":9.0,"enemies":"Large Slime","floor":13.0,"turns":4.0},{"damage":5.0,"enemies":"Exordium Thugs","floor":14.0,"turns":3.0},{"damage":22.0,"enemies":"The Guardian","floor":16.0,"turns":10.0},{"damage":10,"enemies":"Spheric Guardian","floor":18,"turns":4},{"damage":1,"enemies":"2 Thieves","floor":21,"turns":3},{"damage":7,"enemies":"Chosen and Byrds","floor":22,"turns":5},{"damage":27,"enemies":"Book of Stabbing","floor":23,"turns":4},{"damage":15,"enemies":"Slavers","floor":25,"turns":4},{"damage":0,"enemies":"Gremlin Leader","floor":28,"turns":4},{"damage":0,"enemies":"Centurion and Healer","floor":29,"turns":3},{"damage":73,"enemies":"Collector","floor":33,"turns":8}],"seed_played":"-3576486152154175667","potions_obtained":[{"floor":1.0,"key":"GhostInAJar"},{"floor":4.0,"key":"Weak Potion"},{"floor":8.0,"key":"LiquidBronze"},{"floor":12.0,"key":"GamblersBrew"},{"floor":14.0,"key":"Dexterity Potion"},{"floor":18,"key":"Regen Potion"},{"floor":22,"key":"SpeedPotion"},{"floor":29,"key":"EssenceOfSteel"}],"is_trial":false,"path_per_floor":["M","M","?","?","M","R","E","M","T","R","?","E","M","M","R","B",null,"M","?","?","M","M","E","R","E","T","R","E","M","T","$","R","B"],"character_chosen":"THE_SILENT","items_purchased":["Singing Bowl","Medical Kit"],"campfire_rested":3,"item_purchase_floors":[31,31],"current_hp_per_floor":[57,57,57,57,57,57,41,41,41,41,41,45,36,31,31,9,57,47,47,47,46,53,26,47,32,32,53,53,53,53,53,73,0],"gold":215,"neow_bonus":"RANDOM_COMMON_RELIC","is_prod":false,"is_daily":false,"chose_seed":false,"campfire_upgraded":3,"win_rate":0,"timestamp":1560116107,"path_taken":["M","M","?","?","M","R","E","?","T","R","?","E","?","M","R","BOSS","M","?","?","?","M","E","R","E","T","R","E","M","?","$","R","BOSS"],"build_version":"2019-01-23","purchased_purges":1,"victory":false,"max_hp_per_floor":[66,66,66,66,66,66,66,66,66,66,66,73,73,73,73,73,73,73,73,73,73,73,73,73,73,73,73,73,73,73,73,73,73],"card_choices":[{"not_picked":["Escape Plan","Dodge and Roll"],"picked":"Dagger Spray","floor":1.0},{"not_picked":["Underhanded Strike","Expertise"],"picked":"Flying Knee","floor":2.0},{"not_picked":["Underhanded Strike","Reflex"],"picked":"Backstab","floor":5.0},{"not_picked":["Dagger Throw","Choke","Dagger Spray"],"picked":"SKIP","floor":7.0},{"not_picked":["Endless Agony","Catalyst"],"picked":"Bouncing Flask","floor":8.0},{"not_picked":["Backstab","Prepared","Terror"],"picked":"SKIP","floor":12.0},{"not_picked":["Poisoned Stab","Sucker Punch","Blade Dance"],"picked":"SKIP","floor":13.0},{"not_picked":["Outmaneuver","Caltrops"],"picked":"Die Die Die","floor":14.0},{"not_picked":["Grand Finale","Doppelganger"],"picked":"Corpse Explosion","floor":16.0},{"not_picked":["Prepared","Flying Knee","Dagger Throw"],"picked":"SKIP","floor":18},{"not_picked":["Slice","Prepared","Distraction"],"picked":"SKIP","floor":21},{"not_picked":["Poisoned Stab","Outmaneuver"],"picked":"PiercingWail","floor":22},{"not_picked":["Acrobatics","Riddle With Holes","Dagger Spray"],"picked":"SKIP","floor":23},{"not_picked":["Dash","Expertise+1"],"picked":"Noxious Fumes","floor":25},{"not_picked":["Slice","Accuracy","Outmaneuver"],"picked":"SKIP","floor":28},{"not_picked":["Tactician","Deadly Poison+1","Flying Knee"],"picked":"SKIP","floor":29}],"player_experience":1324361,"relics_obtained":[{"floor":7.0,"key":"Old Coin"},{"floor":9.0,"key":"Letter Opener"},{"floor":12.0,"key":"Strawberry"},{"floor":23,"key":"Bag of Preparation"},{"floor":25,"key":"Juzu Bracelet"},{"floor":26,"key":"Pen Nib"},{"floor":28,"key":"Kunai"}],"event_choices":[{"cards_removed":["Strike_G"],"damage_healed":0.0,"max_hp_gain":0.0,"max_hp_loss":0.0,"gold_gain":0.0,"event_name":"The Cleric","player_choice":"Card Removal","floor":3.0,"gold_loss":75.0,"damage_taken":0.0},{"damage_healed":0.0,"max_hp_gain":0.0,"max_hp_loss":0.0,"gold_gain":0.0,"event_name":"The Woman in Blue","player_choice":"Bought 1 Potion","floor":4.0,"gold_loss":0.0,"damage_taken":0.0},{"damage_healed":0.0,"max_hp_gain":0.0,"max_hp_loss":0.0,"gold_gain":0.0,"event_name":"Match and Keep!","player_choice":"0 cards matched","floor":11.0,"gold_loss":0.0,"damage_taken":0.0,"cards_obtained":[]},{"damage_healed":0,"gold_gain":0,"player_choice":"Simplicity","damage_taken":0,"max_hp_gain":0,"max_hp_loss":0,"event_name":"Back to Basics","floor":19,"gold_loss":0,"cards_upgraded":["Defend_G","Defend_G","Defend_G","Defend_G","Defend_G","Strike_G","Strike_G","Strike_G","Strike_G"]},{"damage_healed":0,"gold_gain":0,"player_choice":"1 cards matched","damage_taken":0,"max_hp_gain":0,"max_hp_loss":0,"event_name":"Match and Keep!","floor":20,"gold_loss":0,"cards_obtained":["Backstab"]}],"is_beta":false,"boss_relics":[{"not_picked":["Busted Crown","Sozu"],"picked":"Fusion Hammer"}],"items_purged_floors":[31],"is_endless":false,"potions_floor_spawned":[1,8,12,13,14,18,21,22,29],"killed_by":"Collector","ascension_level":20}