{"gold_per_floor":[113,113,129,146,19,54,54,54,54,81,98,115,115,133,133,235,235,248,248,258,9,9],"floor_reached":22,"playtime":1169,"items_purged":["Force Field"],"score":314,"play_id":"8ab74b26-d763-4320-ab2b-afd95d8bdee4","local_time":"20190614141053","is_ascension_mode":true,"campfire_choices":[{"floor":7,"key":"REST"},{"floor":13,"key":"REST"},{"data":"Lockon","floor":15,"key":"SMITH"}],"neow_cost":"NONE","seed_source_timestamp":941850625934232,"circlet_count":0,"master_deck":["AscendersBane","Zap","Dualcast+1","Genetic Algorithm","Beam Cell","Ball Lightning","Melter","Hologram","Leap+1","Beam Cell","Lockon+1","Rainbow","Streamline","Genetic Algorithm","Scrape","Genetic Algorithm","Rip and Tear","Doom and Gloom","Steam+1","Go for the Eyes","Rainbow","Recycle","Compile Driver"],"relics":["Cracked Core","Shuriken","Art of War","Blue Candle","Pandora\u0027s Box","War Paint"],"potions_floor_usage":[8],"damage_taken":[{"damage":0,"enemies":"Small Slimes","floor":1,"turns":3},{"damage":11,"enemies":"Jaw Worm","floor":3,"turns":3},{"damage":0,"enemies":"Cultist","floor":4,"turns":2},{"damage":35,"enemies":"Lagavulin","floor":6,"turns":5},{"damage":30,"enemies":"Gremlin Nob","floor":10,"turns":5},{"damage":1,"enemies":"Looter","floor":11,"turns":2},{"damage":7,"enemies":"Lots of Slimes","floor":12,"turns":5},{"damage":9,"enemies":"Red Slaver","floor":14,"turns":3},{"damage":10,"enemies":"The Guardian","floor":16,"turns":9},{"damage":11,"enemies":"2 Thieves","floor":18,"turns":3},{"damage":16,"enemies":"3 Byrds","floor":20,"turns":4},{"damage":50,"enemies":"Shelled Parasite and Fungi","floor":22,"turns":4}],"seed_played":"7783426772267005370","potions_obtained":[{"floor":6,"key":"FairyPotion"},{"floor":8,"key":"Fruit Juice"},{"floor":8,"key":"FearPotion"}],"is_trial":false,"path_per_floor":["M","?","M","M","$","E","R","?","T","E","M","M","R","M","R","B",null,"M","?","M","$","M"],"character_chosen":"DEFECT","items_purchased":["Melter","AttackPotion","War Paint","Compile Driver"],"campfire_rested":2,"item_purchase_floors":[5,5,21,21],"current_hp_per_floor":[75,59,48,48,48,13,37,42,42,12,11,4,30,21,21,11,68,57,57,41,41,0],"gold":9,"neow_bonus":"TEN_PERCENT_HP_BONUS","is_prod":false,"is_daily":false,"chose_seed":false,"campfire_upgraded":1,"win_rate":0,"timestamp":1560510653,"path_taken":["M","?","M","M","$","E","R","?","T","E","M","?","R","M","R","BOSS","M","?","M","$","M"],"build_version":"2019-06-13","purchased_purges":1,"victory":false,"max_hp_per_floor":[82,82,82,82,82,82,82,87,87,87,87,87,87,87,87,87,87,87,87,87,87,87],"card_choices":[{"not_picked":["Rebound","Leap"],"picked":"Genetic Algorithm","floor":1},{"not_picked":["Hologram","Chill"],"picked":"Beam Cell","floor":3},{"not_picked":["Tempest","Skim"],"picked":"Ball Lightning","floor":4},{"not_picked":["Turbo","Beam Cell"],"picked":"Hologram","floor":6},{"not_picked":["Auto Shields","Meteor Strike"],"picked":"Leap","floor":10},{"not_picked":["Streamline","Coolheaded","Hologram"],"picked":"SKIP","floor":11},{"not_picked":["Coolheaded","Recycle"],"picked":"Beam Cell","floor":12},{"not_picked":["Fusion","Cold Snap"],"picked":"Lockon","floor":14},{"not_picked":["Seek","Meteor Strike"],"picked":"Rainbow","floor":16},{"not_picked":["Steam","Static Discharge"],"picked":"Go for the Eyes","floor":18},{"not_picked":["Compile Driver","Redo"],"picked":"Recycle","floor":20}],"player_experience":807884,"relics_obtained":[{"floor":6,"key":"Shuriken"},{"floor":9,"key":"Art of War"},{"floor":10,"key":"Blue Candle"}],"event_choices":[{"damage_healed":0,"gold_gain":0,"player_choice":"Entered Light","damage_taken":16,"max_hp_gain":0,"max_hp_loss":0,"event_name":"Shining Light","floor":2,"gold_loss":0,"cards_upgraded":["Dualcast","Strike_B"]},{"damage_healed":0,"gold_gain":0,"player_choice":"Got Potions","damage_taken":0,"max_hp_gain":0,"max_hp_loss":0,"event_name":"Lab","floor":8,"gold_loss":0},{"damage_healed":0,"gold_gain":0,"player_choice":"Copied","damage_taken":0,"max_hp_gain":0,"max_hp_loss":0,"event_name":"Duplicator","floor":19,"gold_loss":0,"cards_obtained":["Rainbow"]}],"is_beta":true,"boss_relics":[{"not_picked":["Empty Cage","Philosopher\u0027s Stone"],"picked":"Pandora\u0027s Box"}],"items_purged_floors":[21],"is_endless":false,"potions_floor_spawned":[6,10,11,16,18],"killed_by":"Shelled Parasite and Fungi","ascension_level":12}