{"gold_per_floor":[119,131,10,10,10,10,44,58,58,91,105,105,30,30,30,126,126,142,155,173,173,98,98,98,118,118,131,160,176,176,196,196,300,300,310,385,405,405,66,66,86,86],"floor_reached":42,"playtime":1967,"items_purged":["Bash"],"score":682,"play_id":"bf601751-5365-409d-adb7-68b13c1db775","local_time":"20190302144346","is_ascension_mode":true,"campfire_choices":[{"data":"Searing Blow+1","floor":6,"key":"SMITH"},{"data":"Double Tap","floor":15,"key":"SMITH"},{"floor":23,"key":"REST"},{"floor":30,"key":"REST"},{"floor":32,"key":"REST"},{"data":"Warcry","floor":40,"key":"SMITH"}],"neow_cost":"NONE","seed_source_timestamp":61384013468042,"circlet_count":0,"master_deck":["Defend_R","Defend_R","Defend_R","Uppercut+1","Searing Blow+2","Flex","Battle Trance","Clash","Disarm","Double Tap+1","Sentinel","Dark Embrace+1","Infernal Blade","Bite","Bite","Bite","Bite","Bite","Body Slam+1","Fire Breathing+1","Fire Breathing+1","Dropkick","Fiend Fire","Feel No Pain+1","Demon Form+1","Warcry+1","Magnetism+1"],"relics":["Burning Blood","NeowsBlessing","Charon\u0027s Ashes","Frozen Egg 2","Question Card","Philosopher\u0027s Stone","Bird Faced Urn","Kunai","Lizard Tail","PreservedInsect"],"potions_floor_usage":[1,10,11,20,28,28,31,33,42],"damage_taken":[{"damage":0,"enemies":"Jaw Worm","floor":1,"turns":1},{"damage":0,"enemies":"2 Louse","floor":2,"turns":1},{"damage":0,"enemies":"Lagavulin","floor":7,"turns":1},{"damage":0,"enemies":"Cultist","floor":8,"turns":3},{"damage":25,"enemies":"3 Sentries","floor":10,"turns":7},{"damage":2,"enemies":"Exordium Wildlife","floor":11,"turns":3},{"damage":45,"enemies":"Slime Boss","floor":16,"turns":11},{"damage":24,"enemies":"Spheric Guardian","floor":18,"turns":4},{"damage":10,"enemies":"Chosen","floor":19,"turns":6},{"damage":32,"enemies":"Centurion and Healer","floor":20,"turns":5},{"damage":20,"enemies":"Chosen and Byrds","floor":25,"turns":5},{"damage":22,"enemies":"Cultist and Chosen","floor":27,"turns":6},{"damage":68,"enemies":"Book of Stabbing","floor":28,"turns":6},{"damage":12,"enemies":"3 Cultists","floor":29,"turns":4},{"damage":10,"enemies":"Snake Plant","floor":31,"turns":3},{"damage":56,"enemies":"Champ","floor":33,"turns":10},{"damage":10,"enemies":"3 Shapes","floor":35,"turns":6},{"damage":9,"enemies":"Orb Walker","floor":37,"turns":3},{"damage":68,"enemies":"Spire Growth","floor":41,"turns":5},{"damage":50,"enemies":"Sphere and 2 Shapes","floor":42,"turns":3}],"seed_played":"-590816508231943283","potions_obtained":[{"floor":1,"key":"Fruit Juice"},{"floor":7,"key":"GamblersBrew"},{"floor":10,"key":"Energy Potion"},{"floor":19,"key":"Dexterity Potion"},{"floor":20,"key":"Energy Potion"},{"floor":25,"key":"BloodPotion"},{"floor":28,"key":"Ancient Potion"},{"floor":31,"key":"Explosive Potion"},{"floor":41,"key":"GamblersBrew"}],"is_trial":false,"path_per_floor":["M","M","$","?","?","R","E","M","T","E","M","?","$","?","R","B",null,"M","M","M","?","?","R","?","M","T","M","E","M","R","M","R","B",null,"M","?","M","?","$","R","M","M"],"character_chosen":"IRONCLAD","items_purchased":["Flex","Disarm","PreservedInsect","Magnetism+1"],"campfire_rested":3,"item_purchase_floors":[3,13,39,39],"current_hp_per_floor":[83,85,85,85,85,85,85,85,85,66,70,70,70,70,70,31,72,54,50,24,24,24,49,49,53,53,51,8,12,29,35,52,40,54,58,53,58,58,58,58,35,0],"gold":86,"neow_bonus":"THREE_ENEMY_KILL","is_prod":false,"is_daily":false,"chose_seed":false,"campfire_upgraded":3,"win_rate":0,"timestamp":1551552226,"path_taken":["M","M","$","?","?","R","E","M","T","E","?","?","?","?","R","BOSS","M","M","?","?","?","R","?","M","T","M","E","M","R","?","R","BOSS","M","?","?","?","$","R","M","M"],"build_version":"2019-01-23","purchased_purges":1,"victory":false,"max_hp_per_floor":[85,85,85,85,85,85,85,85,85,85,85,85,85,85,85,85,85,85,85,85,85,85,85,59,59,59,59,59,59,59,59,59,59,59,59,59,59,59,59,59,59,59],"card_choices":[{"not_picked":["Cleave","Second Wind"],"picked":"Uppercut","floor":1},{"not_picked":["Dual Wield","Headbutt"],"picked":"Searing Blow","floor":2},{"not_picked":["Pommel Strike","True Grit","Anger"],"picked":"SKIP","floor":7},{"not_picked":["Pommel Strike","Fire Breathing","Perfected Strike"],"picked":"SKIP","floor":8},{"not_picked":["Sentinel","Havoc","Burning Pact"],"picked":"SKIP","floor":10},{"not_picked":["Twin Strike","Warcry","Wild Strike"],"picked":"Battle Trance","floor":11},{"not_picked":["Bludgeon","Barricade+1","Juggernaut+1"],"picked":"Dark Embrace+1","floor":16},{"not_picked":["Corruption+1","Anger","Clothesline+1","Armaments"],"picked":"SKIP","floor":18},{"not_picked":["Sever Soul","Carnage","Heavy Blade","Pommel Strike"],"picked":"SKIP","floor":19},{"not_picked":["Carnage","Rampage+1","Uppercut+1"],"picked":"Infernal Blade","floor":20},{"not_picked":["Clash","Rupture+1","Second Wind"],"picked":"Body Slam+1","floor":25},{"not_picked":["Carnage","Armaments+1","Sever Soul+1"],"picked":"Fire Breathing+1","floor":27},{"not_picked":["Hemokinesis","Armaments","Sentinel","Clothesline"],"picked":"SKIP","floor":28},{"not_picked":["Clash+1","Dual Wield","Infernal Blade"],"picked":"Fire Breathing+1","floor":29},{"not_picked":["Sword Boomerang+1","Shrug It Off","Thunderclap+1"],"picked":"Dropkick","floor":31},{"not_picked":["Juggernaut+1","Impervious","Offering"],"picked":"Fiend Fire","floor":33},{"not_picked":["Twin Strike","Body Slam+1","Iron Wave+1"],"picked":"Feel No Pain+1","floor":35},{"not_picked":["Sword Boomerang","Pommel Strike+1","Reckless Charge"],"picked":"Demon Form+1","floor":37},{"not_picked":["Twin Strike","Corruption+1","Perfected Strike","Havoc"],"picked":"SKIP","floor":41}],"player_experience":471390,"relics_obtained":[{"floor":7,"key":"Charon\u0027s Ashes"},{"floor":9,"key":"Frozen Egg 2"},{"floor":10,"key":"Question Card"},{"floor":26,"key":"Bird Faced Urn"},{"floor":28,"key":"Kunai"}],"event_choices":[{"damage_healed":0,"gold_gain":0,"player_choice":"Grow","damage_taken":0,"max_hp_gain":0,"max_hp_loss":0,"event_name":"Living Wall","floor":4,"gold_loss":0,"cards_upgraded":["Uppercut"]},{"damage_healed":0,"gold_gain":0,"player_choice":"Upgraded","damage_taken":0,"max_hp_gain":0,"max_hp_loss":0,"event_name":"Upgrade Shrine","floor":5,"gold_loss":0,"cards_upgraded":["Searing Blow"]},{"damage_healed":0,"gold_gain":0,"cards_transformed":["Strike_R"],"player_choice":"Transformed","damage_taken":0,"max_hp_gain":0,"max_hp_loss":0,"event_name":"Transmorgrifier","floor":12,"gold_loss":0,"cards_obtained":["Clash"]},{"damage_healed":0,"gold_gain":0,"player_choice":"2 cards matched","damage_taken":0,"max_hp_gain":0,"max_hp_loss":0,"event_name":"Match and Keep!","floor":14,"gold_loss":0,"cards_obtained":["Double Tap","Sentinel"]},{"damage_healed":0,"gold_gain":0,"player_choice":"Ignored","damage_taken":0,"max_hp_gain":0,"max_hp_loss":0,"event_name":"Ghosts","floor":21,"gold_loss":0},{"cards_removed":["Defend_R"],"damage_healed":0,"gold_gain":0,"player_choice":"Gave Gold","damage_taken":0,"max_hp_gain":0,"max_hp_loss":0,"event_name":"Beggar","floor":22,"gold_loss":75},{"damage_healed":0,"gold_gain":0,"player_choice":"Became a vampire","damage_taken":0,"max_hp_gain":0,"max_hp_loss":26,"event_name":"Vampires","floor":24,"gold_loss":0,"cards_obtained":["Bite","Bite","Bite","Bite","Bite"]},{"damage_healed":0,"gold_gain":75,"player_choice":"Touch","damage_taken":5,"max_hp_gain":0,"max_hp_loss":0,"event_name":"FaceTrader","floor":36,"gold_loss":0},{"damage_healed":0,"gold_gain":0,"player_choice":"1 cards matched","damage_taken":0,"max_hp_gain":0,"max_hp_loss":0,"event_name":"Match and Keep!","floor":38,"gold_loss":0,"cards_obtained":["Warcry"]}],"is_beta":false,"boss_relics":[{"not_picked":["Fusion Hammer","White Beast Statue"],"picked":"Philosopher\u0027s Stone"},{"not_picked":["Coffee Dripper","Cursed Key"],"picked":"Lizard Tail"}],"items_purged_floors":[3],"is_endless":false,"potions_floor_spawned":[1,7,10,19,20,25,28,31,41],"killed_by":"Sphere and 2 Shapes","ascension_level":9}