{"gold_per_floor":[112,187,207,207,207,207,236,236,263,298,316,316,47,58,58,163,163,180,190,216,216,227,227],"floor_reached":23,"playtime":957,"items_purged":["Regret"],"score":224,"play_id":"f180d7d0-03ae-4d7b-8213-0051f7a19df7","local_time":"20190325153212","is_ascension_mode":false,"campfire_choices":[{"data":"Bash","floor":6,"key":"SMITH"},{"floor":8,"key":"RECALL"},{"data":"Barricade","floor":12,"key":"SMITH"},{"data":"Limit Break","floor":15,"key":"SMITH"}],"neow_cost":"NONE","seed_source_timestamp":105660927802176,"circlet_count":0,"master_deck":["Strike_R","Strike_R","Strike_R","Strike_R","Strike_R","Defend_R","Defend_R","Defend_R","Defend_R","Bash+1","Cleave","Intimidate","Barricade+1","Inflame","Limit Break+1","Dark Embrace","Ghostly Armor","Body Slam+1","Havoc","Reckless Charge+1"],"relics":["Black Blood","NeowsBlessing","Boot","Dead Branch","Bag of Marbles","Kunai","Membership Card","Red Mask"],"potions_floor_usage":[10,18,20,22],"damage_taken":[{"damage":0,"enemies":"2 Louse","floor":1,"turns":1},{"damage":0,"enemies":"Jaw Worm","floor":3,"turns":1},{"damage":0,"enemies":"Gremlin Nob","floor":7,"turns":1},{"damage":13,"enemies":"3 Sentries","floor":10,"turns":6},{"damage":3,"enemies":"Small Slimes","floor":11,"turns":2},{"damage":7,"enemies":"Looter","floor":14,"turns":3},{"damage":30,"enemies":"Slime Boss","floor":16,"turns":10},{"damage":23,"enemies":"3 Byrds","floor":18,"turns":6},{"damage":34,"enemies":"2 Thieves","floor":19,"turns":4},{"damage":39,"enemies":"Masked Bandits","floor":20,"turns":5},{"damage":23,"enemies":"Centurion and Healer","floor":22,"turns":9},{"damage":22,"enemies":"Slavers","floor":23,"turns":2}],"seed_played":"-1119658365654695385","potions_obtained":[{"floor":3,"key":"Regen Potion"},{"floor":7,"key":"Explosive Potion"},{"floor":14,"key":"FairyPotion"},{"floor":16,"key":"AttackPotion"},{"floor":20,"key":"SkillPotion"}],"is_trial":false,"path_per_floor":["M","?","M","?","T","R","E","R","T","E","M","R","$","M","R","B",null,"M","M","?","?","M","E"],"character_chosen":"IRONCLAD","items_purchased":["Membership Card","Inflame"],"campfire_rested":0,"item_purchase_floors":[13,13],"current_hp_per_floor":[80,69,75,75,75,75,80,80,80,73,76,76,76,75,75,51,80,67,43,26,26,13,0],"gold":227,"neow_bonus":"THREE_ENEMY_KILL","is_prod":false,"is_daily":false,"chose_seed":false,"campfire_upgraded":3,"win_rate":0,"timestamp":1553538732,"path_taken":["M","?","M","?","?","R","E","R","T","E","M","R","$","M","R","BOSS","M","M","?","?","M","E"],"build_version":"2019-01-23","purchased_purges":1,"victory":false,"max_hp_per_floor":[80,80,80,80,80,80,80,80,80,80,80,80,80,80,80,80,80,80,80,80,80,80,80],"card_choices":[{"not_picked":["Clothesline","Pummel"],"picked":"Cleave","floor":1},{"not_picked":["Armaments","Sentinel"],"picked":"Intimidate","floor":3},{"not_picked":["Flex","Anger","Warcry"],"picked":"SKIP","floor":7},{"not_picked":["Anger","Clothesline"],"picked":"Barricade","floor":10},{"not_picked":["Iron Wave","Headbutt","Seeing Red"],"picked":"SKIP","floor":11},{"not_picked":["Sentinel","Ghostly Armor"],"picked":"Limit Break","floor":14},{"not_picked":["Brutality","Barricade"],"picked":"Dark Embrace","floor":16},{"not_picked":["Havoc","Warcry"],"picked":"Ghostly Armor","floor":18},{"not_picked":["Rampage+1","Anger"],"picked":"Body Slam+1","floor":19},{"not_picked":["Rupture","True Grit"],"picked":"Havoc","floor":20},{"not_picked":["Headbutt+1","Pommel Strike"],"picked":"Reckless Charge+1","floor":22}],"player_experience":530751,"relics_obtained":[{"floor":5,"key":"Dead Branch"},{"floor":7,"key":"Bag of Marbles"},{"floor":10,"key":"Kunai"},{"floor":20,"key":"Red Mask"}],"event_choices":[{"damage_healed":0,"gold_gain":75,"player_choice":"Gather Gold","damage_taken":11,"max_hp_gain":0,"max_hp_loss":0,"event_name":"World of Goop","floor":2,"gold_loss":0},{"damage_healed":0,"gold_gain":0,"player_choice":"Box","damage_taken":0,"relics_obtained":["Boot"],"max_hp_gain":0,"max_hp_loss":0,"event_name":"Big Fish","floor":4,"gold_loss":0,"cards_obtained":["Regret"]},{"damage_healed":0,"gold_gain":0,"player_choice":"Fought Bandits","damage_taken":0,"max_hp_gain":0,"max_hp_loss":0,"event_name":"Masked Bandits","floor":20,"gold_loss":0},{"damage_healed":0,"gold_gain":0,"player_choice":"Ignored","damage_taken":0,"max_hp_gain":0,"max_hp_loss":0,"event_name":"Cursed Tome","floor":21,"gold_loss":0}],"is_beta":false,"boss_relics":[{"not_picked":["Runic Pyramid","Snecko Eye"],"picked":"Black Blood"}],"items_purged_floors":[13],"is_endless":false,"potions_floor_spawned":[3,7,14,16,20],"killed_by":"Slavers","ascension_level":0}