{"gold_per_floor":[113,113,263,17,31,31,51,85,110,110,10,45,63,88,88,162,162,162,162,162,162,162,162,162,162,162,162,162,162,162,162,162,162,162,162,37,37,37,37,37,37,37,37,37,37,37,37,37,37,37,37,37,37,37,37,37],"floor_reached":57,"playtime":4224,"items_purged":["Doubt","Strike_B","Strike_B"],"score":3024,"play_id":"a954c9e9-ce3c-4e34-acf4-649022c615f6","local_time":"20190505210056","is_ascension_mode":true,"campfire_choices":[{"data":"Sweeping Beam","floor":6.0,"key":"SMITH"},{"floor":10.0,"key":"REST"},{"data":"Biased Cognition","floor":15.0,"key":"SMITH"},{"data":"Sweeping Beam","floor":23.0,"key":"SMITH"},{"data":"Hologram","floor":25.0,"key":"SMITH"},{"data":"Defend_B","floor":27.0,"key":"SMITH"},{"data":"Capacitor","floor":32.0,"key":"SMITH"},{"data":"Buffer","floor":41.0,"key":"SMITH"},{"floor":44.0,"key":"RECALL"},{"data":"Consume","floor":46.0,"key":"SMITH"},{"floor":49.0,"key":"REST"},{"data":"Amplify","floor":53.0,"key":"SMITH"}],"neow_cost":"NONE","seed_source_timestamp":25251581500475,"circlet_count":0,"master_deck":["AscendersBane","Strike_B","Defend_B+1","Defend_B","Defend_B","Defend_B+1","Zap+1","Dualcast+1","Sweeping Beam+1","Gash","Genetic Algorithm","Biased Cognition+1","Chill","Hologram+1","Compile Driver","Core Surge","Gash+1","Sweeping Beam+1","Chill+1","Cold Snap","Capacitor+1","Doom and Gloom","Loop+1","Buffer+1","Amplify+1","Coolheaded","Consume+1","Beam Cell","Coolheaded"],"special_seed":0,"relics":["Cracked Core","War Paint","Vajra","Regal Pillow","Juzu Bracelet","Happy Flower","Ectoplasm","Oddly Smooth Stone","Bottled Lightning","Red Mask","WingedGreaves","Runic Pyramid","Emotion Chip","FossilizedHelix","Art of War","Centennial Puzzle","Thread and Needle","Bag of Marbles"],"potions_floor_usage":[56,56],"damage_taken":[{"damage":2.0,"enemies":"Jaw Worm","floor":1.0,"turns":4.0},{"damage":11.0,"enemies":"2 Louse","floor":5.0,"turns":2.0},{"damage":0.0,"enemies":"Cultist","floor":7.0,"turns":2.0},{"damage":14.0,"enemies":"3 Sentries","floor":8.0,"turns":5.0},{"damage":8.0,"enemies":"Gremlin Nob","floor":12.0,"turns":3.0},{"damage":1.0,"enemies":"Exordium Wildlife","floor":13.0,"turns":3.0},{"damage":10.0,"enemies":"3 Sentries","floor":14.0,"turns":4.0},{"damage":26.0,"enemies":"The Guardian","floor":16.0,"turns":13.0},{"damage":4.0,"enemies":"Shell Parasite","floor":18.0,"turns":5.0},{"damage":0.0,"enemies":"3 Byrds","floor":19.0,"turns":6.0},{"damage":1.0,"enemies":"Centurion and Healer","floor":20.0,"turns":5.0},{"damage":0.0,"enemies":"Gremlin Leader","floor":24.0,"turns":6.0},{"damage":13.0,"enemies":"Masked Bandits","floor":28.0,"turns":4.0},{"damage":0.0,"enemies":"3 Cultists","floor":29.0,"turns":4.0},{"damage":0.0,"enemies":"Slavers","floor":30.0,"turns":4.0},{"damage":5.0,"enemies":"Snecko","floor":31.0,"turns":4.0},{"damage":4.0,"enemies":"Champ","floor":33.0,"turns":8.0},{"damage":5.0,"enemies":"Orb Walker","floor":35.0,"turns":4.0},{"damage":0.0,"enemies":"3 Darklings","floor":38.0,"turns":5.0},{"damage":0.0,"enemies":"Giant Head","floor":40.0,"turns":10.0},{"damage":20.0,"enemies":"2 Orb Walkers","floor":42.0,"turns":7.0},{"damage":0.0,"enemies":"Nemesis","floor":45.0,"turns":9.0},{"damage":0.0,"enemies":"Mind Bloom Boss Battle","floor":47.0,"turns":7.0},{"damage":10.0,"enemies":"Awakened One","floor":50.0,"turns":16.0},{"damage":0.0,"enemies":"Time Eater","floor":51.0,"turns":13.0},{"damage":0,"enemies":"Shield and Spear","floor":55,"turns":12},{"damage":37,"enemies":"The Heart","floor":56,"turns":14}],"seed_played":"-7041080390018086835","potions_obtained":[{"floor":5.0,"key":"PowerPotion"},{"floor":7.0,"key":"Swift Potion"},{"floor":12.0,"key":"SneckoOil"},{"floor":13.0,"key":"SkillPotion"},{"floor":18.0,"key":"Poison Potion"},{"floor":19.0,"key":"Dexterity Potion"},{"floor":33.0,"key":"PowerPotion"}],"is_trial":false,"path_per_floor":["M","?","?","$","M","R","M","E","T","R","$","E","M","E","R","B",null,"M","M","M","?","?","R","E","R","T","R","?","M","E","M","R","B",null,"M","$","?","M","?","E","R","?","T","R","E","R","?","?","R","B","B",null,"R","$","E","B",null],"character_chosen":"DEFECT","items_purchased":["Vajra"],"campfire_rested":2,"item_purchase_floors":[4],"current_hp_per_floor":[62,57,57,57,46,46,46,32,32,68,68,60,59,49,49,23,59,55,55,54,54,54,54,54,54,54,54,41,41,41,36,36,32,61,56,56,56,56,56,56,56,36,36,36,36,36,36,36,67,57,57,65,65,65,65,28],"gold":37,"neow_bonus":"UPGRADE_CARD","is_prod":false,"is_daily":false,"chose_seed":false,"campfire_upgraded":9,"win_rate":0,"timestamp":1557082856,"path_taken":["M","?","?","?","M","R","?","E","T","R","$","E","M","E","R","BOSS","M","M","M","?","?","R","E","R","T","R","?","M","E","M","R","BOSS","M","$","?","M","?","E","R","?","T","R","E","R","?","?","R","BOSS","BOSS","R","$","E","BOSS"],"build_version":"2019-01-23","purchased_purges":3,"victory":true,"max_hp_per_floor":[71,71,71,71,71,71,71,71,71,71,71,71,71,71,71,71,71,71,71,71,71,71,71,71,71,71,71,71,71,71,71,71,71,71,71,71,67,67,67,67,67,67,67,67,67,67,67,67,67,67,67,67,67,67,67,67],"card_choices":[{"not_picked":["Go for the Eyes","Steam Power"],"picked":"Sweeping Beam","floor":1.0},{"not_picked":["Beam Cell","Auto Shields"],"picked":"Gash","floor":5.0},{"not_picked":["Hologram","Chill"],"picked":"Genetic Algorithm","floor":7.0},{"not_picked":["Beam Cell","Skim"],"picked":"Biased Cognition","floor":8.0},{"not_picked":["Redo","Recycle"],"picked":"Chill","floor":12.0},{"not_picked":["Streamline","Go for the Eyes"],"picked":"Hologram","floor":13.0},{"not_picked":["Conserve Battery","Redo"],"picked":"Compile Driver","floor":14.0},{"not_picked":["Hyperbeam","Fission"],"picked":"Core Surge","floor":16.0},{"not_picked":["Leap","Storm"],"picked":"Gash+1","floor":18.0},{"not_picked":["Conserve Battery","Steam"],"picked":"Sweeping Beam","floor":19.0},{"not_picked":["Conserve Battery","Meteor Strike"],"picked":"Chill+1","floor":20.0},{"not_picked":["Stack","Sunder","Self Repair"],"picked":"SKIP","floor":24.0},{"not_picked":["Barrage+1","Tempest"],"picked":"Capacitor","floor":28.0},{"not_picked":["Aggregate","FTL"],"picked":"Doom and Gloom","floor":29.0},{"not_picked":["Reinforced Body","Melter+1"],"picked":"Loop+1","floor":30.0},{"not_picked":["Fusion","Melter+1","Beam Cell"],"picked":"SKIP","floor":31.0},{"not_picked":["Thunder Strike","Machine Learning"],"picked":"Buffer","floor":33.0},{"not_picked":["Sweeping Beam","Loop","Conserve Battery"],"picked":"SKIP","floor":35.0},{"not_picked":["Gash","Go for the Eyes","Hologram+1"],"picked":"SKIP","floor":38.0},{"not_picked":["Stack+1","Sweeping Beam"],"picked":"Amplify","floor":40.0},{"not_picked":["Gash","Darkness+1"],"picked":"Coolheaded","floor":42.0},{"not_picked":["Reinforced Body","Rip and Tear"],"picked":"Consume","floor":45.0},{"not_picked":["Lockon","Multi-Cast"],"picked":"Coolheaded","floor":55}],"player_experience":1205987,"relics_obtained":[{"floor":8.0,"key":"Regal Pillow"},{"floor":12.0,"key":"Juzu Bracelet"},{"floor":14.0,"key":"Happy Flower"},{"floor":24.0,"key":"Oddly Smooth Stone"},{"floor":26.0,"key":"Bottled Lightning"},{"floor":28.0,"key":"Red Mask"},{"floor":30.0,"key":"WingedGreaves"},{"floor":40.0,"key":"Emotion Chip"},{"floor":42.0,"key":"FossilizedHelix"},{"floor":43.0,"key":"Art of War"},{"floor":45.0,"key":"Centennial Puzzle"},{"floor":47.0,"key":"Thread and Needle"},{"floor":55,"key":"Bag of Marbles"}],"event_choices":[{"damage_healed":0.0,"max_hp_gain":0.0,"max_hp_loss":0.0,"gold_gain":0.0,"event_name":"Scrap Ooze","player_choice":"Success","floor":2.0,"gold_loss":0.0,"damage_taken":5.0,"relics_obtained":["War Paint"]},{"damage_healed":0.0,"max_hp_gain":0.0,"max_hp_loss":0.0,"gold_gain":150.0,"event_name":"Liars Game","player_choice":"AGREE","floor":3.0,"gold_loss":0.0,"damage_taken":0.0,"cards_obtained":["Doubt"]},{"damage_healed":0.0,"max_hp_gain":0.0,"max_hp_loss":0.0,"gold_gain":0.0,"event_name":"The Library","player_choice":"Read","floor":21.0,"gold_loss":0.0,"damage_taken":0.0,"cards_obtained":["Cold Snap"]},{"damage_healed":0.0,"max_hp_gain":0.0,"max_hp_loss":0.0,"gold_gain":0.0,"event_name":"Vampires","player_choice":"Ignored","floor":22.0,"gold_loss":0.0,"damage_taken":0.0},{"damage_healed":0.0,"max_hp_gain":0.0,"max_hp_loss":0.0,"gold_gain":0.0,"event_name":"Masked Bandits","player_choice":"Fought Bandits","floor":28.0,"gold_loss":0.0,"damage_taken":0.0},{"damage_healed":0.0,"max_hp_gain":0.0,"max_hp_loss":4.0,"gold_gain":0.0,"event_name":"Winding Halls","player_choice":"Max HP","floor":37.0,"gold_loss":0.0,"damage_taken":0.0},{"damage_healed":0.0,"max_hp_gain":0.0,"max_hp_loss":0.0,"gold_gain":222.0,"event_name":"Tomb of Lord Red Mask","player_choice":"Wore Mask","floor":39.0,"gold_loss":0.0,"damage_taken":0.0},{"damage_healed":0.0,"max_hp_gain":0.0,"max_hp_loss":0.0,"gold_gain":0.0,"event_name":"Mysterious Sphere","player_choice":"Fight","floor":42.0,"gold_loss":0.0,"damage_taken":0.0},{"damage_healed":0.0,"max_hp_gain":0.0,"max_hp_loss":0.0,"gold_gain":0.0,"event_name":"MindBloom","player_choice":"Fight","floor":47.0,"gold_loss":0.0,"damage_taken":0.0},{"damage_healed":0.0,"max_hp_gain":0.0,"max_hp_loss":0.0,"gold_gain":0.0,"cards_transformed":["Strike_B"],"event_name":"Transmorgrifier","player_choice":"Transformed","floor":48.0,"gold_loss":0.0,"damage_taken":0.0,"cards_obtained":["Beam Cell"]}],"is_beta":false,"boss_relics":[{"not_picked":["Eternal Feather","Empty Cage"],"picked":"Ectoplasm"},{"not_picked":["Black Star","Pandora\u0027s Box"],"picked":"Runic Pyramid"}],"items_purged_floors":[4,11,36],"is_endless":false,"potions_floor_spawned":[5,7,12,13,18,19,28,33,40,42,47],"ascension_level":20}