{"gold_per_floor":[119,119,132,149,74,99,99,122,122,147,147,173,199,218,218,323,323,305,305,17,34,34,67,67,82,109,34,65,65,76,91,91,91],"floor_reached":33,"playtime":1824,"items_purged":["Defend_R","Shame"],"score":328,"play_id":"4cd36d31-efbc-4dbf-a82f-9b291f54f572","local_time":"20190401095444","is_ascension_mode":false,"campfire_choices":[{"data":"Whirlwind","floor":7,"key":"SMITH"},{"data":"Bash","floor":15,"key":"SMITH"},{"floor":24,"key":"RECALL"},{"floor":32,"key":"REST"}],"neow_cost":"PERCENT_DAMAGE","seed_source_timestamp":689339198225476,"circlet_count":0,"master_deck":["Strike_R","Strike_R","Strike_R","Defend_R+1","Defend_R+1","Defend_R","Bash+1","Whirlwind+1","Anger","Dropkick","Iron Wave","Iron Wave","Shrug It Off","Clothesline","Feed","Headbutt","Cleave","Demon Form","Disarm+1","Mayhem","Metallicize","Battle Trance","Body Slam+1","Inflame","Iron Wave+1","Double Tap","Disarm"],"relics":["Burning Blood","Prayer Wheel","War Paint","Odd Mushroom","Paper Frog","Peace Pipe","Blood Vial","Black Star","Boot","MutagenicStrength","Dream Catcher","FossilizedHelix","Pen Nib","Strawberry","Thread and Needle"],"potions_floor_usage":[4,13,16,23,33],"damage_taken":[{"damage":1,"enemies":"Cultist","floor":1,"turns":3},{"damage":0,"enemies":"2 Louse","floor":3,"turns":1},{"damage":0,"enemies":"Small Slimes","floor":4,"turns":2},{"damage":18,"enemies":"Gremlin Nob","floor":6,"turns":4},{"damage":2,"enemies":"The Mushroom Lair","floor":8,"turns":3},{"damage":26,"enemies":"Lagavulin","floor":10,"turns":7},{"damage":14,"enemies":"Gremlin Nob","floor":13,"turns":4},{"damage":0,"enemies":"3 Louse","floor":14,"turns":1},{"damage":40,"enemies":"The Guardian","floor":16,"turns":11},{"damage":19,"enemies":"2 Thieves","floor":18,"turns":4},{"damage":0,"enemies":"Chosen","floor":21,"turns":6},{"damage":28,"enemies":"Book of Stabbing","floor":23,"turns":7},{"damage":0,"enemies":"3 Cultists","floor":25,"turns":3},{"damage":26,"enemies":"Gremlin Leader","floor":28,"turns":11},{"damage":3,"enemies":"Snake Plant","floor":30,"turns":5},{"damage":20,"enemies":"Sentry and Sphere","floor":31,"turns":7},{"damage":102,"enemies":"Collector","floor":33,"turns":12}],"seed_played":"7892366609478655105","potions_obtained":[{"floor":1,"key":"Swift Potion"},{"floor":6,"key":"SmokeBomb"},{"floor":10,"key":"Strength Potion"},{"floor":13,"key":"GamblersBrew"},{"floor":21,"key":"BloodPotion"},{"floor":28,"key":"Weak Potion"},{"floor":31,"key":"Ancient Potion"}],"is_trial":false,"path_per_floor":["M","?","M","M","$","E","R","?","T","E","?","T","E","M","R","B",null,"M","?","$","M","?","E","R","M","T","?","E","?","M","M","R","B"],"character_chosen":"IRONCLAD","items_purchased":["Mayhem"],"campfire_rested":1,"item_purchase_floors":[20],"current_hp_per_floor":[61,61,67,73,73,61,61,65,65,48,75,75,67,75,75,46,86,73,73,73,81,81,72,72,80,80,80,69,69,74,62,90,0],"gold":91,"neow_bonus":"ONE_RARE_RELIC","is_prod":false,"is_daily":false,"chose_seed":false,"campfire_upgraded":2,"win_rate":0,"timestamp":1554123284,"path_taken":["M","?","?","M","$","E","R","?","T","E","?","?","E","M","R","BOSS","M","?","$","M","?","E","R","?","T","?","E","?","M","M","R","BOSS"],"build_version":"2019-01-23","purchased_purges":2,"victory":false,"max_hp_per_floor":[80,80,80,80,80,80,80,80,80,83,83,83,83,83,83,86,86,86,86,86,86,86,89,89,89,89,89,96,96,96,96,96,96],"card_choices":[{"not_picked":["Power Through","Anger"],"picked":"Whirlwind","floor":1},{"not_picked":["True Grit","Evolve"],"picked":"Anger","floor":1},{"not_picked":["Havoc","Thunderclap"],"picked":"Dropkick","floor":3},{"not_picked":["Heavy Blade","True Grit"],"picked":"Iron Wave","floor":3},{"not_picked":["Spot Weakness","Wild Strike"],"picked":"Iron Wave","floor":4},{"not_picked":["Clash","Anger"],"picked":"Shrug It Off","floor":4},{"not_picked":["Hemokinesis","Spot Weakness"],"picked":"Clothesline","floor":6},{"not_picked":["Cleave","Sword Boomerang"],"picked":"Feed","floor":8},{"not_picked":["Burning Pact","Hemokinesis"],"picked":"Headbutt","floor":10},{"not_picked":["Clothesline","Flex"],"picked":"Cleave","floor":13},{"not_picked":["Twin Strike","Heavy Blade","Havoc"],"picked":"SKIP","floor":14},{"not_picked":["Combust","Feel No Pain","Second Wind"],"picked":"SKIP","floor":14},{"not_picked":["Offering","Immolate"],"picked":"Demon Form","floor":16},{"not_picked":["Rupture","Sword Boomerang"],"picked":"Disarm+1","floor":18},{"not_picked":["Headbutt","Clothesline+1","Wild Strike"],"picked":"SKIP","floor":18},{"not_picked":["Havoc","Clash","Body Slam"],"picked":"SKIP","floor":21},{"not_picked":["Pommel Strike","Seeing Red","Combust+1"],"picked":"SKIP","floor":21},{"not_picked":["Feed","Iron Wave"],"picked":"Metallicize","floor":23},{"not_picked":["Body Slam","Dual Wield"],"picked":"Battle Trance","floor":25},{"not_picked":["Wild Strike","Second Wind"],"picked":"Body Slam+1","floor":25},{"not_picked":["True Grit","Fiend Fire","Armaments"],"picked":"SKIP","floor":28},{"not_picked":["Entrench","Armaments"],"picked":"Inflame","floor":30},{"not_picked":["True Grit+1","Wild Strike+1","Headbutt"],"picked":"SKIP","floor":30},{"not_picked":["Wild Strike","Fire Breathing"],"picked":"Iron Wave+1","floor":31},{"not_picked":["Shrug It Off","Body Slam"],"picked":"Double Tap","floor":31},{"not_picked":["Perfected Strike","Thunderclap"],"picked":"Disarm","floor":32}],"player_experience":564185,"relics_obtained":[{"floor":6,"key":"War Paint"},{"floor":8,"key":"Odd Mushroom"},{"floor":9,"key":"Paper Frog"},{"floor":10,"key":"Peace Pipe"},{"floor":13,"key":"Blood Vial"},{"floor":23,"key":"Dream Catcher"},{"floor":23,"key":"FossilizedHelix"},{"floor":26,"key":"Pen Nib"},{"floor":28,"key":"Strawberry"},{"floor":28,"key":"Thread and Needle"}],"event_choices":[{"cards_removed":["Strike_R"],"damage_healed":0,"gold_gain":0,"player_choice":"Offered Basic","damage_taken":0,"max_hp_gain":0,"max_hp_loss":0,"event_name":"Bonfire Elementals","floor":2,"gold_loss":0},{"damage_healed":0,"gold_gain":0,"player_choice":"Fought Mushrooms","damage_taken":0,"max_hp_gain":0,"max_hp_loss":0,"event_name":"Mushrooms","floor":8,"gold_loss":0},{"damage_healed":27,"gold_gain":0,"player_choice":"Banana","damage_taken":0,"max_hp_gain":0,"max_hp_loss":0,"event_name":"Big Fish","floor":11,"gold_loss":0},{"damage_healed":0,"gold_gain":0,"player_choice":"Stole Relic","damage_taken":0,"relics_obtained":["Boot"],"max_hp_gain":0,"max_hp_loss":0,"event_name":"Addict","floor":19,"gold_loss":0,"cards_obtained":["Shame"]},{"damage_healed":0,"gold_gain":0,"player_choice":"Inject Mutagens","damage_taken":0,"relics_obtained":["MutagenicStrength"],"max_hp_gain":0,"max_hp_loss":0,"event_name":"Drug Dealer","floor":22,"gold_loss":0},{"cards_removed":["Strike_R"],"damage_healed":0,"gold_gain":0,"player_choice":"Gave Gold","damage_taken":0,"max_hp_gain":0,"max_hp_loss":0,"event_name":"Beggar","floor":27,"gold_loss":75},{"damage_healed":0,"gold_gain":0,"player_choice":"Ignored","damage_taken":0,"max_hp_gain":0,"max_hp_loss":0,"event_name":"Ghosts","floor":29,"gold_loss":0}],"is_beta":false,"boss_relics":[{"not_picked":["Astrolabe","Tiny House"],"picked":"Black Star"}],"items_purged_floors":[5,20],"is_endless":false,"potions_floor_spawned":[1,6,10,13,21,28,31],"killed_by":"Collector","ascension_level":0}