{"gold_per_floor":[109,31,31,31,47,81,81,114,114,114,134,147,174,174,174,251,251,262,276,276,326,346,346,380,380,380,380,142,155,255,272,272,345,345,362,362,374,55,70,70,95,95,95,110,144,144,144,175,175,175,175,175,175,12,45,45],"floor_reached":57,"playtime":5246,"items_purged":["Regret","Strike_B"],"score":3202,"play_id":"e42b79b2-20cd-4c1d-b04c-54b94a34a689","local_time":"20190413183739","is_ascension_mode":true,"campfire_choices":[{"data":"Defragment","floor":7,"key":"SMITH"},{"data":"Zap","floor":10,"key":"SMITH"},{"data":"Chaos","floor":15,"key":"SMITH"},{"data":"Fission","floor":23,"key":"SMITH"},{"data":"Biased Cognition","floor":25,"key":"SMITH"},{"data":"Self Repair","floor":27,"key":"SMITH"},{"floor":32,"key":"RECALL"},{"data":"Glacier","floor":40,"key":"SMITH"},{"data":"Defragment","floor":42,"key":"SMITH"},{"data":"Capacitor","floor":46,"key":"SMITH"},{"data":"Defragment","floor":49,"key":"SMITH"},{"data":"Dualcast","floor":53,"key":"SMITH"}],"neow_cost":"NONE","seed_source_timestamp":15956939972569,"circlet_count":0,"master_deck":["AscendersBane","Strike_B","Strike_B","Defend_B","Defend_B","Defend_B","Defend_B","Zap+1","Dualcast+1","Compile Driver","Defragment+1","Self Repair+1","Cold Snap","Chaos+1","Biased Cognition+1","Fission+1","Glacier+1","Core Surge","Coolheaded+1","Go for the Eyes+1","Amplify+1","Compile Driver+1","Chill+1","Defragment+1","Parasite","Defragment+1","Capacitor+1","Skim+1"],"relics":["Cracked Core","NeowsBlessing","Mercury Hourglass","Boot","FossilizedHelix","Pantograph","Dodecahedron","Cursed Key","Matryoshka","Toxic Egg 2","Mummified Hand","DataDisk","Thread and Needle","Ornamental Fan","White Beast Statue","Medical Kit","Cables","Lantern","Meat on the Bone","Bag of Preparation","StoneCalendar"],"potions_floor_usage":[8,24,30,30,41,45,55,56,56],"damage_taken":[{"damage":0,"enemies":"Cultist","floor":1,"turns":1},{"damage":0,"enemies":"Jaw Worm","floor":5,"turns":1},{"damage":0,"enemies":"Lagavulin","floor":6,"turns":1},{"damage":1,"enemies":"3 Sentries","floor":8,"turns":7},{"damage":0,"enemies":"Small Slimes","floor":11,"turns":2},{"damage":0,"enemies":"Exordium Wildlife","floor":12,"turns":5},{"damage":35,"enemies":"Gremlin Nob","floor":13,"turns":5},{"damage":0,"enemies":"Slime Boss","floor":16,"turns":6},{"damage":12,"enemies":"2 Thieves","floor":18,"turns":4},{"damage":0,"enemies":"Chosen","floor":19,"turns":6},{"damage":0,"enemies":"3 Cultists","floor":22,"turns":5},{"damage":0,"enemies":"Slavers","floor":24,"turns":6},{"damage":0,"enemies":"Centurion and Healer","floor":29,"turns":4},{"damage":0,"enemies":"Colosseum Slavers","floor":30,"turns":4},{"damage":0,"enemies":"Colosseum Nobs","floor":30,"turns":3},{"damage":0,"enemies":"Sentry and Sphere","floor":31,"turns":4},{"damage":11,"enemies":"Automaton","floor":33,"turns":15},{"damage":19,"enemies":"3 Darklings","floor":35,"turns":9},{"damage":0,"enemies":"3 Shapes","floor":37,"turns":4},{"damage":0,"enemies":"Jaw Worm Horde","floor":39,"turns":4},{"damage":0,"enemies":"Giant Head","floor":41,"turns":12},{"damage":0,"enemies":"Transient","floor":44,"turns":6},{"damage":0,"enemies":"Nemesis","floor":45,"turns":9},{"damage":0,"enemies":"Giant Head","floor":48,"turns":11},{"damage":0,"enemies":"Donu and Deca","floor":50,"turns":9},{"damage":6,"enemies":"Awakened One","floor":51,"turns":13},{"damage":0,"enemies":"Shield and Spear","floor":55,"turns":9},{"damage":51,"enemies":"The Heart","floor":56,"turns":12}],"seed_played":"-4116932306480884504","potions_obtained":[{"floor":5,"key":"Block Potion"},{"floor":13,"key":"Dexterity Potion"},{"floor":19,"key":"Explosive Potion"},{"floor":24,"key":"FearPotion"},{"floor":33,"key":"PowerPotion"},{"floor":35,"key":"Swift Potion"},{"floor":41,"key":"EssenceOfSteel"},{"floor":44,"key":"Swift Potion"},{"floor":45,"key":"Explosive Potion"},{"floor":48,"key":"FearPotion"},{"floor":55,"key":"Explosive Potion"}],"is_trial":false,"path_per_floor":["M","$","T","$","M","E","R","E","T","R","M","M","E","?","R","B",null,"M","M","?","?","M","R","E","R","T","R","$","M","?","M","R","B",null,"M","?","M","$","M","R","E","R","T","M","E","R","?","E","R","B","B",null,"R","$","E","B",null],"character_chosen":"DEFECT","items_purchased":["Defragment","DataDisk","Medical Kit","Skim+1","FocusPotion"],"campfire_rested":0,"item_purchase_floors":[2,28,38,54,54],"current_hp_per_floor":[64,64,64,64,64,64,64,70,70,70,70,71,43,43,43,71,71,66,71,71,71,71,71,71,71,71,71,71,71,71,71,71,70,71,71,71,71,71,71,71,71,71,71,71,71,71,71,71,71,71,71,71,71,71,71,42],"gold":45,"neow_bonus":"THREE_ENEMY_KILL","is_prod":false,"is_daily":false,"chose_seed":false,"campfire_upgraded":11,"win_rate":0,"timestamp":1555173459,"path_taken":["M","$","?","$","M","E","R","E","T","R","M","M","E","?","R","BOSS","M","M","?","?","?","R","E","R","T","R","$","M","?","M","R","BOSS","M","?","M","$","M","R","E","R","T","M","E","R","?","E","R","BOSS","BOSS","R","$","E","BOSS"],"build_version":"2019-01-23","purchased_purges":2,"victory":true,"max_hp_per_floor":[71,71,71,71,71,71,71,71,71,71,71,71,71,71,71,71,71,71,71,71,71,71,71,71,71,71,71,71,71,71,71,71,71,71,71,71,71,71,71,71,71,71,71,71,71,71,71,71,71,71,71,71,71,71,71,71],"card_choices":[{"not_picked":["Barrage","Coolheaded"],"picked":"Compile Driver","floor":1},{"not_picked":["Reinforced Body","Sunder"],"picked":"Self Repair","floor":5},{"not_picked":["Go for the Eyes","Gash"],"picked":"Cold Snap","floor":6},{"not_picked":["Skim","White Noise","Rip and Tear"],"picked":"SKIP","floor":8},{"not_picked":["Stack","Tempest","Turbo"],"picked":"SKIP","floor":11},{"not_picked":["Leap","Beam Cell"],"picked":"Chaos","floor":12},{"not_picked":["Scrape","Heatsinks"],"picked":"Biased Cognition","floor":13},{"not_picked":["Machine Learning","Meteor Strike"],"picked":"Fission","floor":16},{"not_picked":["Darkness","Go for the Eyes","Beam Cell"],"picked":"SKIP","floor":18},{"not_picked":["Steam","Coolheaded"],"picked":"Glacier","floor":19},{"not_picked":["Cold Snap","Conserve Battery","Beam Cell"],"picked":"SKIP","floor":22},{"not_picked":["Steam Power+1","Leap+1"],"picked":"Coolheaded+1","floor":24},{"not_picked":["Leap+1","Turbo+1","Conserve Battery+1"],"picked":"SKIP","floor":29},{"not_picked":["Redo+1","Rip and Tear"],"picked":"Go for the Eyes+1","floor":30},{"not_picked":["Storm","Stack+1","Rebound"],"picked":"SKIP","floor":31},{"not_picked":["Multi-Cast+1","Meteor Strike"],"picked":"Amplify+1","floor":33},{"not_picked":["Hologram+1","Gash"],"picked":"Compile Driver+1","floor":35},{"not_picked":["Tempest+1","Barrage","Stack+1"],"picked":"SKIP","floor":37},{"not_picked":["Ball Lightning","Melter+1"],"picked":"Chill+1","floor":39},{"not_picked":["Hyperbeam","Barrage"],"picked":"Defragment","floor":41},{"not_picked":["Heatsinks","Sunder"],"picked":"Defragment","floor":44},{"not_picked":["Blizzard","Barrage"],"picked":"Capacitor","floor":45},{"not_picked":["Go for the Eyes","Beam Cell","Genetic Algorithm+1"],"picked":"SKIP","floor":48},{"not_picked":["Gash","Steam Power+1","Leap+1"],"picked":"SKIP","floor":55}],"player_experience":1117033,"relics_obtained":[{"floor":3,"key":"Mercury Hourglass"},{"floor":6,"key":"Boot"},{"floor":8,"key":"FossilizedHelix"},{"floor":9,"key":"Pantograph"},{"floor":13,"key":"Dodecahedron"},{"floor":24,"key":"Matryoshka"},{"floor":26,"key":"Toxic Egg 2"},{"floor":26,"key":"Mummified Hand"},{"floor":30,"key":"Thread and Needle"},{"floor":30,"key":"Ornamental Fan"},{"floor":41,"key":"Cables"},{"floor":43,"key":"Lantern"},{"floor":45,"key":"Meat on the Bone"},{"floor":48,"key":"Bag of Preparation"},{"floor":55,"key":"StoneCalendar"}],"event_choices":[{"damage_healed":0,"gold_gain":0,"player_choice":"Ignored","damage_taken":0,"max_hp_gain":0,"max_hp_loss":0,"event_name":"Liars Game","floor":14,"gold_loss":0},{"damage_healed":0,"gold_gain":0,"player_choice":"Read","damage_taken":0,"max_hp_gain":0,"max_hp_loss":0,"event_name":"The Library","floor":20,"gold_loss":0,"cards_obtained":["Core Surge"]},{"damage_healed":0,"gold_gain":50,"player_choice":"Stole From Cult","damage_taken":0,"max_hp_gain":0,"max_hp_loss":0,"event_name":"Nest","floor":21,"gold_loss":0},{"damage_healed":0,"gold_gain":0,"player_choice":"Fight","damage_taken":0,"max_hp_gain":0,"max_hp_loss":0,"event_name":"Colosseum","floor":30,"gold_loss":0},{"damage_healed":0,"gold_gain":0,"player_choice":"Fought Nobs","damage_taken":0,"max_hp_gain":0,"max_hp_loss":0,"event_name":"Colosseum","floor":30,"gold_loss":0},{"damage_healed":0,"gold_gain":0,"player_choice":"Ignored","damage_taken":0,"max_hp_gain":0,"max_hp_loss":0,"event_name":"Tomb of Lord Red Mask","floor":36,"gold_loss":0},{"cards_removed":["Strike_B"],"damage_healed":0,"gold_gain":0,"player_choice":"Purged","damage_taken":0,"max_hp_gain":0,"max_hp_loss":0,"event_name":"Purifier","floor":47,"gold_loss":0}],"is_beta":false,"boss_relics":[{"not_picked":["Calling Bell","Pandora\u0027s Box"],"picked":"Cursed Key"},{"not_picked":["Runic Dome","Velvet Choker"],"picked":"White Beast Statue"}],"items_purged_floors":[28,38],"is_endless":false,"potions_floor_spawned":[5,13,19,24,33,35,37,39,41,44,45,48,55],"ascension_level":20}