{"gold_per_floor":[119,138,149,149,149,149,182,182,182,218,87,87],"floor_reached":12,"playtime":314,"items_purged":["Strike_B"],"score":222,"play_id":"38245018-efa7-4e2b-8d43-068cf62a644b","local_time":"20190518015915","is_ascension_mode":true,"campfire_choices":[{"data":"Zap","floor":6,"key":"SMITH"},{"data":"Hyperbeam","floor":8,"key":"SMITH"}],"neow_cost":"NONE","seed_source_timestamp":48085376666666,"circlet_count":0,"master_deck":["AscendersBane","Strike_B","Strike_B","Defend_B","Defend_B","Defend_B","Defend_B","Zap+1","Dualcast","Sweeping Beam","Gash","Hyperbeam+1"],"relics":["Cracked Core","NeowsBlessing","Golden Idol","Vajra","Frozen Egg 2","Ice Cream"],"potions_floor_usage":[7,10,12,12],"damage_taken":[{"damage":0,"enemies":"Cultist","floor":1,"turns":1},{"damage":0,"enemies":"Small Slimes","floor":2,"turns":1},{"damage":0,"enemies":"2 Louse","floor":3,"turns":1},{"damage":39,"enemies":"Gremlin Nob","floor":7,"turns":4},{"damage":0,"enemies":"3 Sentries","floor":10,"turns":1},{"damage":20,"enemies":"Lagavulin","floor":12,"turns":5}],"seed_played":"-8622855542280171813","potions_obtained":[{"floor":1,"key":"SkillPotion"},{"floor":2,"key":"Energy Potion"},{"floor":7,"key":"FocusPotion"}],"is_trial":false,"path_per_floor":["M","M","M","?","?","R","E","R","T","E","$","E"],"character_chosen":"DEFECT","items_purchased":["SkillPotion"],"campfire_rested":0,"item_purchase_floors":[11],"current_hp_per_floor":[64,64,64,64,57,57,18,18,18,18,18,0],"gold":87,"neow_bonus":"THREE_ENEMY_KILL","is_prod":false,"is_daily":false,"chose_seed":false,"campfire_upgraded":2,"win_rate":0,"timestamp":1558137555,"path_taken":["M","M","?","?","?","R","E","R","T","E","$","E"],"build_version":"2019-01-23","purchased_purges":1,"victory":false,"max_hp_per_floor":[71,71,71,64,64,64,64,64,64,64,64,64],"card_choices":[{"not_picked":["Tempest","Steam Power","Steam"],"picked":"SKIP","floor":1},{"not_picked":["Aggregate","Leap"],"picked":"Sweeping Beam","floor":2},{"not_picked":["Barrage","Conserve Battery"],"picked":"Gash","floor":3},{"not_picked":["Leap","Sweeping Beam"],"picked":"Hyperbeam","floor":7},{"not_picked":["Skim","Capacitor+1","BootSequence"],"picked":"SKIP","floor":10}],"player_experience":1221806,"relics_obtained":[{"floor":7,"key":"Vajra"},{"floor":9,"key":"Frozen Egg 2"},{"floor":10,"key":"Ice Cream"}],"event_choices":[{"damage_healed":0,"gold_gain":0,"player_choice":"Lose Max HP","damage_taken":0,"relics_obtained":["Golden Idol"],"max_hp_gain":0,"max_hp_loss":7,"event_name":"Golden Idol","floor":4,"gold_loss":0},{"cards_removed":["Strike_B"],"damage_healed":0,"gold_gain":0,"player_choice":"Card Removal","damage_taken":7,"max_hp_gain":0,"max_hp_loss":0,"event_name":"Golden Wing","floor":5,"gold_loss":0}],"is_beta":false,"boss_relics":[],"items_purged_floors":[11],"is_endless":false,"potions_floor_spawned":[1,2,7],"killed_by":"Lagavulin","ascension_level":20}