{"gold_per_floor":[113,125,140,140,140,171,171,185,185,204,219,219,229,329,329,329],"floor_reached":16,"playtime":591,"items_purged":[],"score":104,"play_id":"593863b7-7f80-4910-be08-d861a85953ae","local_time":"20190607222809","is_ascension_mode":false,"campfire_choices":[{"data":"Chill","floor":7,"key":"SMITH"},{"floor":12,"key":"REST"},{"data":"Beam Cell","floor":15,"key":"SMITH"}],"neow_cost":"NONE","seed_source_timestamp":1303895945482800,"circlet_count":0,"master_deck":["Strike_B","Strike_B","Strike_B","Strike_B","Defend_B+1","Defend_B","Defend_B","Defend_B+1","Zap","Dualcast","Chill+1","Beam Cell+1","Cold Snap","Creative AI","Recycle","Go for the Eyes","Cold Snap","Rebound"],"relics":["Eternal Feather","Question Card","Pear"],"potions_floor_usage":[],"damage_taken":[{"damage":9,"enemies":"Cultist","floor":1,"turns":4},{"damage":1,"enemies":"2 Louse","floor":2,"turns":4},{"damage":3,"enemies":"Jaw Worm","floor":3,"turns":5},{"damage":29,"enemies":"Lagavulin","floor":6,"turns":9},{"damage":33,"enemies":"Exordium Thugs","floor":8,"turns":7},{"damage":6,"enemies":"Large Slime","floor":10,"turns":7},{"damage":8,"enemies":"Blue Slaver","floor":11,"turns":3},{"damage":9,"enemies":"Red Slaver","floor":13,"turns":4},{"damage":0,"enemies":"The Guardian","floor":16,"turns":1}],"seed_played":"-8858797792363181047","potions_obtained":[{"floor":3,"key":"GamblersBrew"},{"floor":6,"key":"GamblersBrew"},{"floor":10,"key":"Regen Potion"}],"is_trial":false,"path_per_floor":["M","M","M","?","?","E","R","M","T","M","M","R","M","?","R","B"],"character_chosen":"DEFECT","items_purchased":[],"campfire_rested":1,"item_purchase_floors":[],"current_hp_per_floor":[66,65,62,47,75,46,52,19,29,23,15,49,40,40,49,49],"gold":329,"neow_bonus":"BOSS_RELIC","is_prod":false,"is_daily":false,"chose_seed":false,"campfire_upgraded":2,"win_rate":0,"timestamp":1559960889,"path_taken":["M","M","M","?","?","E","R","M","T","M","M","R","?","?","R","BOSS"],"build_version":"2019-01-23","purchased_purges":0,"victory":false,"max_hp_per_floor":[75,75,75,75,75,75,75,75,85,85,85,85,85,85,85,85],"card_choices":[{"not_picked":["Turbo","Loop"],"picked":"Chill","floor":1},{"not_picked":["Steam","Stack"],"picked":"Beam Cell","floor":2},{"not_picked":["Coolheaded","Leap"],"picked":"Cold Snap","floor":3},{"not_picked":["Stack","Hologram"],"picked":"Creative AI","floor":6},{"not_picked":["Streamline","Barrage","Gash"],"picked":"Recycle","floor":8},{"not_picked":["Ball Lightning","Stack","Amplify"],"picked":"Go for the Eyes","floor":10},{"not_picked":["Rebound","Recycle","Gash"],"picked":"Cold Snap","floor":11},{"not_picked":["Storm","Streamline","Genetic Algorithm"],"picked":"Rebound","floor":13}],"player_experience":662106,"relics_obtained":[{"floor":6,"key":"Question Card"},{"floor":9,"key":"Pear"}],"event_choices":[{"damage_healed":0,"gold_gain":0,"player_choice":"Entered Light","damage_taken":15,"max_hp_gain":0,"max_hp_loss":0,"event_name":"Shining Light","floor":4,"gold_loss":0,"cards_upgraded":["Defend_B","Defend_B"]},{"damage_healed":28,"gold_gain":0,"player_choice":"Full Heal","damage_taken":0,"max_hp_gain":0,"max_hp_loss":0,"event_name":"Wheel of Change","floor":5,"gold_loss":0},{"damage_healed":0,"gold_gain":100,"player_choice":"Pray","damage_taken":0,"max_hp_gain":0,"max_hp_loss":0,"event_name":"Golden Shrine","floor":14,"gold_loss":0}],"is_beta":false,"boss_relics":[],"items_purged_floors":[],"is_endless":false,"potions_floor_spawned":[3,6,10],"killed_by":"The Guardian","ascension_level":0}