{"gold_per_floor":[113,113,113,33,56,56,69,107,153,186,205,205,223,223,223,318,318,343,343,359,359,13,13],"floor_reached":23,"playtime":1359,"items_purged":["Slice"],"score":423,"play_id":"ff734439-e5ff-44b6-89bf-9713bb1b5e42","local_time":"20181125175928","is_ascension_mode":true,"campfire_choices":[{"data":"Skewer","floor":6,"key":"SMITH"},{"floor":12,"key":"REST"},{"data":"Cloak And Dagger","floor":15,"key":"SMITH"}],"neow_cost":"NONE","seed_source_timestamp":20127118128693,"circlet_count":0,"master_deck":["AscendersBane","Defend_G","Defend_G","Defend_G","Defend_G","Defend_G","Survivor","Neutralize","Skewer+1","Sucker Punch+1","Cloak And Dagger+1","PiercingWail","PiercingWail","Envenom","Dodge and Roll","Bite","Bite","Bite","Bite","Bite","Dash"],"relics":["Ring of the Snake","Potion Belt","Golden Idol","Lantern","Whetstone","Kunai","Tough Bandages","Snecko Eye","Toxic Egg 2"],"potions_floor_usage":[10,16,16,23],"damage_taken":[{"damage":0,"enemies":"Jaw Worm","floor":1,"turns":7},{"damage":0,"enemies":"2 Louse","floor":5,"turns":3},{"damage":0,"enemies":"Cultist","floor":7,"turns":4},{"damage":21,"enemies":"Gremlin Nob","floor":8,"turns":4},{"damage":17,"enemies":"Lagavulin","floor":10,"turns":6},{"damage":0,"enemies":"Exordium Thugs","floor":11,"turns":3},{"damage":0,"enemies":"Looter","floor":13,"turns":4},{"damage":31,"enemies":"Slime Boss","floor":16,"turns":18},{"damage":2,"enemies":"3 Byrds","floor":18,"turns":7},{"damage":14,"enemies":"Shell Parasite","floor":20,"turns":10},{"damage":44,"enemies":"Slavers","floor":23,"turns":4}],"seed_played":"896597640783829851","potions_obtained":[{"floor":5,"key":"EssenceOfSteel"},{"floor":8,"key":"FearPotion"},{"floor":11,"key":"EssenceOfSteel"},{"floor":20,"key":"GhostInAJar"}],"is_trial":false,"path_per_floor":["M","?","?","$","M","R","M","E","T","E","M","R","M","T","R","B",null,"M","?","M","?","$","E"],"character_chosen":"THE_SILENT","items_purchased":["Skewer","Toxic Egg 2"],"campfire_rested":1,"item_purchase_floors":[4,22],"current_hp_per_floor":[59,59,59,59,59,59,59,38,38,21,21,39,39,39,39,8,47,45,42,42,36,36,0],"gold":13,"neow_bonus":"RANDOM_COMMON_RELIC","is_prod":false,"is_daily":false,"chose_seed":false,"campfire_upgraded":2,"win_rate":0,"timestamp":1543165168,"path_taken":["M","?","?","$","M","R","M","E","T","E","M","R","?","?","R","BOSS","M","?","M","?","$","E"],"build_version":"2018-11-15","purchased_purges":1,"victory":false,"max_hp_per_floor":[66,60,60,60,60,60,60,60,60,60,60,60,60,60,60,60,60,60,42,42,42,42,42],"card_choices":[{"not_picked":["Prepared","Sucker Punch"],"picked":"Slice","floor":1},{"not_picked":["Bouncing Flask","Slice"],"picked":"Sucker Punch","floor":5},{"not_picked":["Dodge and Roll","Escape Plan","Riddle With Holes"],"picked":"SKIP","floor":7},{"not_picked":["Poisoned Stab","Accuracy","Night Terror"],"picked":"SKIP","floor":8},{"not_picked":["Catalyst","Noxious Fumes"],"picked":"Cloak And Dagger","floor":10},{"not_picked":["Quick Slash","Deflect"],"picked":"PiercingWail","floor":11},{"not_picked":["Deadly Poison","Prepared"],"picked":"PiercingWail","floor":13},{"not_picked":["Phantasmal Killer","Bullet Time"],"picked":"Envenom","floor":16},{"not_picked":["Acrobatics","Underhanded Strike"],"picked":"Dodge and Roll","floor":18},{"not_picked":["Dagger Spray","Infinite Blades"],"picked":"Dash","floor":20}],"player_experience":617257,"relics_obtained":[{"floor":8,"key":"Lantern"},{"floor":9,"key":"Whetstone"},{"floor":10,"key":"Kunai"},{"floor":14,"key":"Tough Bandages"}],"event_choices":[{"damage_healed":0,"gold_gain":0,"player_choice":"Lose Max HP","damage_taken":0,"relics_obtained":["Golden Idol"],"max_hp_gain":0,"max_hp_loss":6,"event_name":"Golden Idol","floor":2,"gold_loss":0},{"cards_removed":["Strike_G"],"damage_healed":0,"gold_gain":0,"player_choice":"Purged","damage_taken":0,"max_hp_gain":0,"max_hp_loss":0,"event_name":"Purifier","floor":3,"gold_loss":0},{"damage_healed":0,"gold_gain":0,"player_choice":"Became a vampire","damage_taken":0,"max_hp_gain":0,"max_hp_loss":18,"event_name":"Vampires","floor":19,"gold_loss":0,"cards_obtained":["Bite","Bite","Bite","Bite","Bite"]},{"damage_healed":0,"gold_gain":0,"player_choice":"Damaged","damage_taken":6,"max_hp_gain":0,"max_hp_loss":0,"event_name":"Wheel of Change","floor":21,"gold_loss":0}],"is_beta":false,"boss_relics":[{"not_picked":["Calling Bell","Coffee Dripper"],"picked":"Snecko Eye"}],"items_purged_floors":[22],"is_endless":false,"potions_floor_spawned":[5,8,11,20],"killed_by":"Slavers","ascension_level":20}