{"path_per_floor":["M","?","M","M","M","R","E","R","T","R","M","$","?","M","R","B",null,"M","M","?","M","$","R","M","R","T","M","?","R","M","?","R","B",null,"M","$","M","?","?","R","M"],"character_chosen":"IRONCLAD","items_purchased":["Rampage","Happy Flower"],"gold_per_floor":[118,118,133,150,169,169,195,195,195,195,208,97,97,112,112,208,208,224,241,241,257,2,2,21,21,21,41,41,41,57,57,57,160,160,173,48,59,59,59,59,70,70],"floor_reached":42,"campfire_rested":3,"playtime":2715,"current_hp_per_floor":[81,63,63,68,57,83,62,62,62,62,66,66,48,54,80,46,88,88,88,88,75,75,75,72,72,72,49,49,75,75,75,75,50,88,73,73,79,74,63,63,22,0],"items_purged":["Defend_R","Strike_R","Decay"],"gold":70,"score":460,"play_id":"17a3e6f7-1f0a-40c4-bbb3-19d735ed431b","local_time":"20180413180706","is_prod":false,"is_daily":false,"chose_seed":false,"is_ascension_mode":true,"campfire_upgraded":6,"timestamp":1523653626,"path_taken":["M","?","?","M","M","R","E","R","T","R","M","$","?","M","R","BOSS","M","M","?","M","$","R","M","R","T","M","?","R","M","?","R","BOSS","M","$","M","?","?","R","M","M"],"build_version":"2018-04-12","seed_source_timestamp":287131524254531,"purchased_purges":3,"victory":false,"master_deck":["Strike_R+1","Strike_R+1","Strike_R+1","Strike_R+1","Defend_R+1","Defend_R+1","Defend_R+1","Bash+1","Sword Boomerang","Rage+1","Whirlwind+1","Carnage","Clash","Rampage+1","Headbutt","Juggernaut+1","Inflame+1","Barricade","Flex","Flash of Steel","Panache","Madness+1","Madness"],"max_hp_per_floor":[88,88,88,88,88,88,88,88,88,88,88,88,88,88,88,88,88,88,88,88,88,88,88,88,88,88,88,88,88,88,88,88,88,88,88,88,88,88,88,88,88,88],"relics":["Burning Blood","Blue Candle","Dodecahedron","Pen Nib","Velvet Choker","Happy Flower","Pantograph","Runic Pyramid"],"card_choices":[{"not_picked":["Searing Blow","Clothesline"],"picked":"Sword Boomerang","floor":1},{"not_picked":["Feel No Pain","Rampage"],"picked":"Rage","floor":3},{"not_picked":["Intimidate","Sword Boomerang"],"picked":"Whirlwind","floor":4},{"not_picked":["Body Slam","Wild Strike"],"picked":"Carnage","floor":5},{"not_picked":["Iron Wave","Clothesline"],"picked":"Clash","floor":7},{"not_picked":["Anger","Body Slam"],"picked":"Headbutt","floor":14},{"not_picked":["Limit Break","Brutality"],"picked":"Juggernaut","floor":16},{"not_picked":["Thunderclap","Havoc"],"picked":"Inflame","floor":18},{"not_picked":["Berserk","Dark Embrace"],"picked":"Barricade","floor":33},{"not_picked":["True Grit","Pummel"],"picked":"Flex","floor":35},{"not_picked":["Blind","Madness"],"picked":"Flash of Steel","floor":38},{"not_picked":["Flash of Steel","Madness"],"picked":"Panache","floor":38}],"player_experience":267303,"potions_floor_usage":[7,7,16,19,21,24,33],"damage_taken":[{"damage":13,"enemies":"Jaw Worm","floor":1,"turns":4},{"damage":6,"enemies":"Cultist","floor":3,"turns":3},{"damage":1,"enemies":"2 Louse","floor":4,"turns":2},{"damage":17,"enemies":"Looter","floor":5,"turns":3},{"damage":39,"enemies":"Lagavulin","floor":7,"turns":6},{"damage":2,"enemies":"3 Louse","floor":11,"turns":2},{"damage":0,"enemies":"Exordium Wildlife","floor":14,"turns":2},{"damage":40,"enemies":"Hexaghost","floor":16,"turns":9},{"damage":0,"enemies":"Chosen","floor":18,"turns":3},{"damage":0,"enemies":"3 Byrds","floor":19,"turns":2},{"damage":19,"enemies":"Slaver and Parasite","floor":21,"turns":3},{"damage":9,"enemies":"Snake Plant","floor":24,"turns":3},{"damage":29,"enemies":"Centurion and Healer","floor":27,"turns":4},{"damage":6,"enemies":"3 Cultists","floor":30,"turns":3},{"damage":44,"enemies":"Collector","floor":33,"turns":4},{"damage":21,"enemies":"Orb Walker","floor":35,"turns":3},{"damage":0,"enemies":"3 Shapes","floor":37,"turns":2},{"damage":47,"enemies":"Maw","floor":41,"turns":8},{"damage":22,"enemies":"Sphere and 2 Shapes","floor":42,"turns":3}],"event_choices":[{"event_name":"Shining Light","player_choice":"Entered Light","floor":2,"damage_taken":0},{"event_name":"Scrap Ooze","player_choice":"success","floor":13,"damage_taken":18},{"event_name":"Back to Basics","player_choice":"Simplicity","floor":20,"damage_taken":0},{"event_name":"Forgotten Altar","player_choice":"Smashed Altar","floor":28,"damage_taken":0},{"event_name":"Ghosts","player_choice":"Ignored","floor":31,"damage_taken":0},{"event_name":"SensoryStone","player_choice":"Memory 2","floor":38,"damage_taken":0},{"event_name":"Winding Halls","player_choice":"Embrace Madness","floor":39,"damage_taken":0}],"boss_relics":[{"not_picked":["Calling Bell","Cursed Key"],"picked":"Velvet Choker"},{"not_picked":["White Beast Statue","Tiny House"],"picked":"Runic Pyramid"}],"potions_floor_spawned":[1,4,7,16,19,21,30],"seed_played":"-6992786770409048071","killed_by":"Sphere and 2 Shapes","ascension_level":3,"is_trial":false}