{"gold_per_floor":[211,286,300,37,53,53,12,43,43,58,58,86,86,86,86,158,158,177,188,238,238,238,238,238],"floor_reached":24,"playtime":1105,"items_purged":[],"score":429,"play_id":"6f7b57da-728c-47fc-909a-64303018ccb6","local_time":"20181230195411","is_ascension_mode":true,"campfire_choices":[{"data":"Zap","floor":6,"key":"SMITH"},{"data":"Go for the Eyes","floor":11,"key":"SMITH"},{"data":"Doom and Gloom","floor":13,"key":"SMITH"},{"data":"Capacitor","floor":15,"key":"SMITH"},{"floor":23,"key":"REST"}],"neow_cost":"NONE","seed_source_timestamp":25248536322386,"circlet_count":0,"master_deck":["AscendersBane","Zap+1","Dualcast","Go for the Eyes+1","Cold Snap+1","Doom and Gloom+1","Capacitor+1","FTL","Conserve Battery","Echo Form","Auto Shields","Multi-Cast","Heatsinks","Capacitor","Hologram","FTL","FTL","Steam","Conserve Battery","Coolheaded","Creative AI"],"relics":["Cracked Core","Happy Flower","Mango","Letter Opener","Orichalcum","Pandora\u0027s Box"],"potions_floor_usage":[8,10,24,24],"damage_taken":[{"damage":0,"enemies":"2 Louse","floor":1,"turns":2},{"damage":4,"enemies":"Small Slimes","floor":3,"turns":3},{"damage":7,"enemies":"Jaw Worm","floor":5,"turns":4},{"damage":6,"enemies":"3 Sentries","floor":8,"turns":7},{"damage":0,"enemies":"Looter","floor":10,"turns":3},{"damage":10,"enemies":"Gremlin Nob","floor":12,"turns":3},{"damage":13,"enemies":"The Guardian","floor":16,"turns":9},{"damage":11,"enemies":"3 Byrds","floor":18,"turns":4},{"damage":14,"enemies":"Shell Parasite","floor":19,"turns":5},{"damage":50,"enemies":"Slavers","floor":24,"turns":5}],"seed_played":"9184248588145165750","potions_obtained":[{"floor":1,"key":"Swift Potion"},{"floor":3,"key":"SkillPotion"},{"floor":12,"key":"Dexterity Potion"},{"floor":18,"key":"SpeedPotion"}],"is_trial":false,"path_per_floor":["M","?","M","$","M","R","$","E","T","M","R","E","R","?","R","B",null,"M","M","?","?","?","R","E"],"character_chosen":"DEFECT","items_purchased":["Happy Flower","Cold Snap","Doom and Gloom","FTL"],"campfire_rested":1,"item_purchase_floors":[4,4,4,7],"current_hp_per_floor":[64,53,49,49,42,42,42,50,50,50,50,40,40,14,14,1,64,53,39,39,39,14,41,0],"gold":238,"neow_bonus":"HUNDRED_GOLD","is_prod":false,"is_daily":false,"chose_seed":false,"campfire_upgraded":4,"win_rate":0,"timestamp":1546196051,"path_taken":["M","?","M","$","M","R","$","E","T","M","R","E","R","?","R","BOSS","M","M","?","?","?","R","E"],"build_version":"2018-12-20","purchased_purges":0,"victory":false,"max_hp_per_floor":[71,71,71,71,71,71,71,85,85,85,85,85,85,85,85,85,85,85,85,85,85,90,90,90],"card_choices":[{"not_picked":["Self Repair","Hologram","Steam"],"picked":"SKIP","floor":1},{"not_picked":["Chill","Barrage"],"picked":"Go for the Eyes","floor":3},{"not_picked":["Gash","Reprogram"],"picked":"Capacitor","floor":5},{"not_picked":["Streamline","Coolheaded"],"picked":"Conserve Battery","floor":8},{"not_picked":["Recycle","Hologram","Gash"],"picked":"SKIP","floor":10},{"not_picked":["Conserve Battery","Loop"],"picked":"Ball Lightning","floor":12},{"not_picked":["Reboot","Core Surge"],"picked":"Echo Form","floor":16},{"not_picked":["Barrage","Sweeping Beam"],"picked":"Steam","floor":18},{"not_picked":["Skim","Rebound"],"picked":"Conserve Battery","floor":19}],"player_experience":706863,"relics_obtained":[{"floor":8,"key":"Mango"},{"floor":9,"key":"Letter Opener"},{"floor":12,"key":"Orichalcum"}],"event_choices":[{"damage_healed":0,"gold_gain":75,"player_choice":"Gather Gold","damage_taken":11,"max_hp_gain":0,"max_hp_loss":0,"event_name":"World of Goop","floor":2,"gold_loss":0},{"damage_healed":0,"gold_gain":0,"player_choice":"Entered Light","damage_taken":26,"max_hp_gain":0,"max_hp_loss":0,"event_name":"Shining Light","floor":14,"gold_loss":0,"cards_upgraded":["Strike_B","Cold Snap"]},{"damage_healed":0,"gold_gain":50,"player_choice":"Stole From Cult","damage_taken":0,"max_hp_gain":0,"max_hp_loss":0,"event_name":"Nest","floor":20,"gold_loss":0},{"damage_healed":0,"gold_gain":0,"cards_transformed":["Ball Lightning","Rip and Tear"],"player_choice":"Became Test Subject","damage_taken":0,"max_hp_gain":0,"max_hp_loss":0,"event_name":"Drug Dealer","floor":21,"gold_loss":0,"cards_obtained":["Coolheaded","Creative AI"]},{"damage_healed":0,"gold_gain":0,"player_choice":"Shed Blood","damage_taken":30,"max_hp_gain":5,"max_hp_loss":0,"event_name":"Forgotten Altar","floor":22,"gold_loss":0}],"is_beta":false,"boss_relics":[{"not_picked":["Empty Cage","Black Star"],"picked":"Pandora\u0027s Box"}],"items_purged_floors":[],"is_endless":false,"potions_floor_spawned":[1,3,12,18],"killed_by":"Slavers","ascension_level":20}