{"gold_per_floor":[109,109,109,122,6,36,36,66,66,76,76,76,89,109,109,181,181,196,208,38,50,70,70,96,96,147,157,157],"floor_reached":28,"playtime":1221,"items_purged":[],"score":650,"play_id":"08798860-e244-4ae6-820e-fcdef21463cb","local_time":"20190417214740","is_ascension_mode":true,"campfire_choices":[{"data":"Zap","floor":7,"key":"SMITH"},{"data":"Sweeping Beam","floor":12,"key":"SMITH"},{"data":"Defragment","floor":15,"key":"SMITH"},{"floor":23,"key":"REST"},{"floor":25,"key":"REST"}],"neow_cost":"NONE","seed_source_timestamp":36472760284133,"circlet_count":0,"master_deck":["AscendersBane","Strike_B","Strike_B","Strike_B","Strike_B","Defend_B","Defend_B","Defend_B","Defend_B","Zap+1","Dualcast","Conserve Battery","Compile Driver","Defragment+1","Ball Lightning","Sweeping Beam+1","Coolheaded","Capacitor","Seek","Cold Snap","Hologram","Apotheosis","White Noise","Creative AI","Compile Driver"],"relics":["Cracked Core","NeowsBlessing","The Courier","Vajra","Smiling Mask","Dodecahedron","Bronze Scales","Nuclear Battery","Art of War","Lantern"],"potions_floor_usage":[8,16,24,28],"damage_taken":[{"damage":0,"enemies":"Cultist","floor":1,"turns":1},{"damage":0,"enemies":"Jaw Worm","floor":4,"turns":1},{"damage":0,"enemies":"Gremlin Nob","floor":6,"turns":1},{"damage":21,"enemies":"3 Sentries","floor":8,"turns":8},{"damage":6,"enemies":"Small Slimes","floor":10,"turns":3},{"damage":1,"enemies":"Looter","floor":13,"turns":3},{"damage":2,"enemies":"Large Slime","floor":14,"turns":3},{"damage":0,"enemies":"Hexaghost","floor":16,"turns":9},{"damage":8,"enemies":"Spheric Guardian","floor":18,"turns":4},{"damage":21,"enemies":"2 Thieves","floor":19,"turns":3},{"damage":8,"enemies":"Sentry and Sphere","floor":21,"turns":4},{"damage":9,"enemies":"Snecko","floor":22,"turns":6},{"damage":3,"enemies":"Book of Stabbing","floor":24,"turns":5},{"damage":24,"enemies":"3 Cultists","floor":27,"turns":4},{"damage":32,"enemies":"Slavers","floor":28,"turns":5}],"seed_played":"41358809611257295","potions_obtained":[{"floor":4,"key":"EssenceOfSteel"},{"floor":13,"key":"Dexterity Potion"},{"floor":16,"key":"SpeedPotion"},{"floor":27,"key":"Swift Potion"}],"is_trial":false,"path_per_floor":["M","?","T","M","$","E","R","E","T","M","?","R","M","M","R","B",null,"M","M","$","M","M","R","E","R","T","M","E"],"character_chosen":"DEFECT","items_purchased":["Defragment","Weak Potion","Apotheosis"],"campfire_rested":2,"item_purchase_floors":[5,5,20],"current_hp_per_floor":[64,38,38,38,38,38,38,17,17,11,16,16,15,13,13,13,60,52,31,31,23,14,36,33,55,55,31,0],"gold":157,"neow_bonus":"THREE_ENEMY_KILL","is_prod":false,"is_daily":false,"chose_seed":false,"campfire_upgraded":3,"win_rate":0,"timestamp":1555530460,"path_taken":["M","?","?","?","$","E","R","E","T","M","?","R","M","M","R","BOSS","M","M","$","M","M","R","E","R","T","M","E"],"build_version":"2019-01-23","purchased_purges":0,"victory":false,"max_hp_per_floor":[71,71,71,71,71,71,71,71,71,71,76,76,76,76,76,76,76,76,76,76,76,76,76,76,76,76,76,76],"card_choices":[{"not_picked":["Streamline","Tempest"],"picked":"Conserve Battery","floor":1},{"not_picked":["Rebound","Go for the Eyes"],"picked":"Compile Driver","floor":4},{"not_picked":["Turbo","Gash"],"picked":"Ball Lightning","floor":6},{"not_picked":["Hologram","Leap"],"picked":"Sweeping Beam","floor":8},{"not_picked":["Hello World","Heatsinks"],"picked":"Coolheaded","floor":10},{"not_picked":["Scrape","Sweeping Beam"],"picked":"Capacitor","floor":13},{"not_picked":["Beam Cell","Redo","Compile Driver"],"picked":"SKIP","floor":14},{"not_picked":["Core Surge","Meteor Strike"],"picked":"Seek","floor":16},{"not_picked":["Leap","Redo"],"picked":"Cold Snap","floor":18},{"not_picked":["Redo","Stack+1"],"picked":"Hologram","floor":19},{"not_picked":["Lockon","Recycle"],"picked":"White Noise","floor":21},{"not_picked":["Barrage","Chill","Lockon+1"],"picked":"SKIP","floor":22},{"not_picked":["Barrage","Rebound"],"picked":"Creative AI","floor":24},{"not_picked":["Hologram","Gash"],"picked":"Compile Driver","floor":27}],"player_experience":1162916,"relics_obtained":[{"floor":3,"key":"Vajra"},{"floor":6,"key":"Smiling Mask"},{"floor":8,"key":"Dodecahedron"},{"floor":9,"key":"Bronze Scales"},{"floor":24,"key":"Art of War"},{"floor":26,"key":"Lantern"}],"event_choices":[{"damage_healed":0,"gold_gain":0,"player_choice":"Success","damage_taken":26,"relics_obtained":["The Courier"],"max_hp_gain":0,"max_hp_loss":0,"event_name":"Scrap Ooze","floor":2,"gold_loss":0},{"damage_healed":0,"gold_gain":0,"player_choice":"Donut","damage_taken":0,"max_hp_gain":5,"max_hp_loss":0,"event_name":"Big Fish","floor":11,"gold_loss":0}],"is_beta":false,"boss_relics":[{"not_picked":["Tiny House","Philosopher\u0027s Stone"],"picked":"Nuclear Battery"}],"items_purged_floors":[],"is_endless":false,"potions_floor_spawned":[4,13,16,18,27],"killed_by":"Slavers","ascension_level":20}