{"gold_per_floor":[113,130,142,142,154,186,213,213,264,264,275,275,310,69,69,172,172,185,135,150,165,8,22,22,55,55,55,65,90,105,105,105,201,201,212,84,84,84,84,84,94,111,111,111,128,128,143,156,156,156],"floor_reached":50,"playtime":2977,"items_purged":["Defend_R","Bash","Defend_R"],"score":569,"play_id":"00548865-cd87-4300-b7b0-b654090bc1e0","local_time":"20190203193033","is_ascension_mode":false,"campfire_choices":[{"data":"Disarm","floor":8.0,"key":"SMITH"},{"data":"Cleave","floor":10.0,"key":"SMITH"},{"data":"Cleave","floor":15.0,"key":"SMITH"},{"data":"Exhume","floor":27.0,"key":"SMITH"},{"data":"Heavy Blade","floor":32.0,"key":"SMITH"},{"data":"Enlightenment","floor":40,"key":"SMITH"},{"floor":46,"key":"REST"},{"data":"Demon Form","floor":49,"key":"SMITH"}],"neow_cost":"PERCENT_DAMAGE","seed_source_timestamp":0,"circlet_count":0,"master_deck":["Defend_R+1","Defend_R+1","Cleave+1","Cleave+1","Clash","Clash","Thunderclap","Disarm+1","Iron Wave","Spot Weakness","Exhume+1","Heavy Blade+1","Ghostly Armor","Armaments+1","Inflame","Demon Form+1","Warcry+1","Enlightenment+1","Impatience","Shrug It Off","Fire Breathing+1"],"special_seed":0,"relics":["Black Blood","Dodecahedron","War Paint","Odd Mushroom","Smiling Mask","Vajra","Membership Card","Lantern","Meat on the Bone","Ornamental Fan","PreservedInsect","Empty Cage","Shuriken","Omamori"],"potions_floor_usage":[41,48,50,50],"damage_taken":[{"damage":1.0,"enemies":"Cultist","floor":1.0,"turns":3.0},{"damage":0.0,"enemies":"2 Louse","floor":2.0,"turns":2.0},{"damage":1.0,"enemies":"Jaw Worm","floor":3.0,"turns":3.0},{"damage":15.0,"enemies":"2 Fungi Beasts","floor":5.0,"turns":3.0},{"damage":16.0,"enemies":"Lagavulin","floor":6.0,"turns":5.0},{"damage":0.0,"enemies":"The Mushroom Lair","floor":7.0,"turns":2.0},{"damage":0.0,"enemies":"Large Slime","floor":11.0,"turns":5.0},{"damage":10.0,"enemies":"3 Sentries","floor":13.0,"turns":5.0},{"damage":0.0,"enemies":"Slime Boss","floor":16.0,"turns":5.0},{"damage":0.0,"enemies":"Chosen","floor":18.0,"turns":3.0},{"damage":0.0,"enemies":"2 Thieves","floor":20.0,"turns":2.0},{"damage":0.0,"enemies":"Chosen and Byrds","floor":21.0,"turns":5.0},{"damage":0.0,"enemies":"Cultist and Chosen","floor":23.0,"turns":5.0},{"damage":4.0,"enemies":"Slavers","floor":25.0,"turns":4.0},{"damage":6.0,"enemies":"Centurion and Healer","floor":28.0,"turns":5.0},{"damage":6.0,"enemies":"Book of Stabbing","floor":29.0,"turns":5.0},{"damage":2.0,"enemies":"3 Cultists","floor":30.0,"turns":3.0},{"damage":45.0,"enemies":"Champ","floor":33.0,"turns":14.0},{"damage":10,"enemies":"3 Shapes","floor":35,"turns":5},{"damage":10,"enemies":"3 Darklings","floor":41,"turns":4},{"damage":43,"enemies":"Maw","floor":42,"turns":7},{"damage":20,"enemies":"Sphere and 2 Shapes","floor":45,"turns":5},{"damage":9,"enemies":"Spire Growth","floor":47,"turns":4},{"damage":0,"enemies":"Maw","floor":48,"turns":6},{"damage":80,"enemies":"Donu and Deca","floor":50,"turns":5}],"seed_played":"-98682460492916107","potions_obtained":[{"floor":5.0,"key":"FearPotion"},{"floor":7.0,"key":"Block Potion"},{"floor":11.0,"key":"Swift Potion"},{"floor":12.0,"key":"EntropicBrew"},{"floor":12.0,"key":"Explosive Potion"},{"floor":21.0,"key":"Explosive Potion"},{"floor":23.0,"key":"EssenceOfSteel"},{"floor":28.0,"key":"Regen Potion"},{"floor":33.0,"key":"Energy Potion"},{"floor":41,"key":"SteroidPotion"},{"floor":42,"key":"SpeedPotion"},{"floor":47,"key":"Ancient Potion"}],"is_trial":false,"path_per_floor":["M","M","M","T","M","E","?","R","T","R","M","?","E","$","R","B",null,"M","$","M","M","$","M","?","E","T","R","M","E","M","?","R","B",null,"M","$","?","$","?","R","M","M","T","?","M","R","M","M","R","B"],"character_chosen":"IRONCLAD","items_purchased":["Membership Card","Lantern","Ghostly Armor","Shuriken"],"campfire_rested":1,"item_purchase_floors":[14,22,22,36],"current_hp_per_floor":[61,67,72,72,63,53,59,59,59,59,65,65,61,61,61,67,80,80,80,80,80,80,80,80,80,80,80,80,80,80,80,80,56,80,80,80,80,80,75,75,75,54,54,54,56,80,80,80,80,0],"gold":156,"neow_bonus":"REMOVE_TWO","is_prod":false,"is_daily":false,"chose_seed":false,"campfire_upgraded":7,"win_rate":0,"timestamp":1549236633,"path_taken":["M","M","M","?","M","E","?","R","T","R","M","?","E","$","R","BOSS","M","$","?","M","$","M","?","E","T","R","M","E","M","?","R","BOSS","M","$","?","$","?","R","M","M","T","?","M","R","M","M","R","BOSS"],"build_version":"2019-01-23","purchased_purges":3,"victory":false,"max_hp_per_floor":[80,80,80,80,80,80,80,80,80,80,80,80,80,80,80,80,80,80,80,80,80,80,80,80,80,80,80,80,80,80,80,80,80,80,80,80,80,80,80,80,80,80,80,80,80,80,80,80,80,80],"card_choices":[{"not_picked":["Headbutt","Pommel Strike"],"picked":"Cleave","floor":1.0},{"not_picked":["Pommel Strike","Reckless Charge"],"picked":"Cleave","floor":2.0},{"not_picked":["Clothesline","Carnage"],"picked":"Clash","floor":3.0},{"not_picked":["True Grit","Anger"],"picked":"Clash","floor":5.0},{"not_picked":["Fire Breathing","Anger"],"picked":"Thunderclap","floor":6.0},{"not_picked":["Warcry","Entrench"],"picked":"Disarm","floor":7.0},{"not_picked":["Uppercut","Flame Barrier"],"picked":"Iron Wave","floor":11.0},{"not_picked":["Heavy Blade","Uppercut"],"picked":"Spot Weakness","floor":13.0},{"not_picked":["Dark Embrace","Brutality"],"picked":"Exhume","floor":16.0},{"not_picked":["Armaments","Perfected Strike+1"],"picked":"Heavy Blade","floor":18.0},{"not_picked":["Flex","Perfected Strike"],"picked":"Ghostly Armor","floor":20.0},{"not_picked":["Wild Strike","Entrench"],"picked":"Armaments+1","floor":21.0},{"not_picked":["Burning Pact","Flex"],"picked":"Inflame","floor":23.0},{"not_picked":["Havoc","Metallicize","Thunderclap+1"],"picked":"SKIP","floor":25.0},{"not_picked":["Anger","Evolve","Wild Strike"],"picked":"SKIP","floor":28.0},{"not_picked":["Evolve+1","Twin Strike","Fiend Fire"],"picked":"SKIP","floor":29.0},{"not_picked":["Sentinel+1","Whirlwind","Heavy Blade"],"picked":"SKIP","floor":30.0},{"not_picked":["Reaper","Double Tap"],"picked":"Demon Form","floor":33.0},{"not_picked":["Havoc","Perfected Strike"],"picked":"Warcry+1","floor":35},{"not_picked":["Master of Strategy","Panacea"],"picked":"Enlightenment","floor":39},{"not_picked":["Secret Technique","Chrysalis"],"picked":"Impatience","floor":39},{"not_picked":["Armaments+1","Twin Strike+1","Perfected Strike+1"],"picked":"SKIP","floor":41},{"not_picked":["Twin Strike","Armaments+1","Pummel+1"],"picked":"SKIP","floor":42},{"not_picked":["Hemokinesis","Sword Boomerang"],"picked":"Shrug It Off","floor":45},{"not_picked":["Anger+1","Havoc+1","Spot Weakness"],"picked":"SKIP","floor":47},{"not_picked":["Anger+1","Havoc+1","Spot Weakness"],"picked":"SKIP","floor":47},{"not_picked":["True Grit+1","Pommel Strike+1"],"picked":"Fire Breathing+1","floor":48}],"player_experience":408421,"relics_obtained":[{"floor":4.0,"key":"Dodecahedron"},{"floor":6.0,"key":"War Paint"},{"floor":7.0,"key":"Odd Mushroom"},{"floor":9.0,"key":"Smiling Mask"},{"floor":13.0,"key":"Vajra"},{"floor":25.0,"key":"Meat on the Bone"},{"floor":26.0,"key":"Ornamental Fan"},{"floor":29.0,"key":"PreservedInsect"},{"floor":43,"key":"Omamori"}],"event_choices":[{"damage_healed":0.0,"max_hp_gain":0.0,"max_hp_loss":0.0,"gold_gain":0.0,"event_name":"Mushrooms","player_choice":"Fought Mushrooms","floor":7.0,"gold_loss":0.0,"damage_taken":0.0},{"damage_healed":0.0,"max_hp_gain":0.0,"max_hp_loss":0.0,"gold_gain":0.0,"event_name":"Lab","player_choice":"Got Potions","floor":12.0,"gold_loss":0.0,"damage_taken":0.0},{"damage_healed":0.0,"max_hp_gain":0.0,"max_hp_loss":0.0,"gold_gain":0.0,"event_name":"Vampires","player_choice":"Ignored","floor":24.0,"gold_loss":0.0,"damage_taken":0.0},{"cards_removed":["Strike_R"],"damage_healed":0.0,"max_hp_gain":0.0,"max_hp_loss":0.0,"gold_gain":0.0,"event_name":"Back to Basics","player_choice":"Elegance","floor":31.0,"gold_loss":0.0,"damage_taken":0.0},{"cards_removed":["Ghostly Armor"],"damage_healed":0,"gold_gain":0,"player_choice":"Removed Skill","damage_taken":0,"max_hp_gain":0,"max_hp_loss":0,"event_name":"Falling","floor":37,"gold_loss":0},{"damage_healed":0,"gold_gain":0,"player_choice":"Memory 2","damage_taken":5,"max_hp_gain":0,"max_hp_loss":0,"event_name":"SensoryStone","floor":39,"gold_loss":0},{"damage_healed":0,"gold_gain":0,"player_choice":"Ignored","damage_taken":0,"max_hp_gain":0,"max_hp_loss":0,"event_name":"Mysterious Sphere","floor":44,"gold_loss":0}],"is_beta":false,"boss_relics":[{"not_picked":["Pandora\u0027s Box","Tiny House"],"picked":"Black Blood"},{"not_picked":["Velvet Choker","Calling Bell"],"picked":"Empty Cage"}],"items_purged_floors":[14,19,22],"is_endless":false,"potions_floor_spawned":[5,7,11,13,21,23,28,33,41,42,47],"killed_by":"Donu and Deca","ascension_level":0}