{"gold_per_floor":[360,379,72,72,85,85,3,42,68,111,126,166,166,196,196,289,289,310,15,39,60,60,60,74,74],"floor_reached":25,"playtime":1158,"items_purged":["Strike_B"],"score":442,"play_id":"520f184d-72a0-4393-84e5-35455a3506d2","local_time":"20190505183605","is_ascension_mode":true,"campfire_choices":[{"data":"Zap","floor":6.0,"key":"SMITH"},{"floor":13.0,"key":"REST"},{"data":"Electrodynamics","floor":15.0,"key":"SMITH"},{"floor":23,"key":"REST"}],"neow_cost":"TEN_PERCENT_HP_LOSS","seed_source_timestamp":20466679909995,"circlet_count":0,"master_deck":["AscendersBane","Strike_B","Strike_B","Strike_B","Defend_B","Defend_B","Defend_B","Defend_B","Zap+1","Dualcast","Rip and Tear","Conserve Battery","Defragment","Sweeping Beam","Defragment","Electrodynamics+1","Amplify","Doom and Gloom","Defragment","Cold Snap"],"special_seed":0,"relics":["Cracked Core","ClockworkSouvenir","Golden Idol","PreservedInsect","Boot","Orichalcum","Pen Nib","Emotion Chip","Snecko Eye","Runic Capacitor"],"potions_floor_usage":[25,25],"damage_taken":[{"damage":2.0,"enemies":"2 Louse","floor":1.0,"turns":3.0},{"damage":0.0,"enemies":"Cultist","floor":2.0,"turns":3.0},{"damage":3.0,"enemies":"Small Slimes","floor":5.0,"turns":3.0},{"damage":24.0,"enemies":"Gremlin Nob","floor":8.0,"turns":4.0},{"damage":7.0,"enemies":"3 Sentries","floor":10.0,"turns":5.0},{"damage":14.0,"enemies":"3 Louse","floor":11.0,"turns":3.0},{"damage":8.0,"enemies":"Lagavulin","floor":12.0,"turns":5.0},{"damage":19.0,"enemies":"The Guardian","floor":16.0,"turns":9.0},{"damage":17,"enemies":"Shell Parasite","floor":18,"turns":3},{"damage":0,"enemies":"Chosen","floor":20,"turns":3},{"damage":24,"enemies":"Centurion and Healer","floor":21,"turns":3},{"damage":12,"enemies":"Snake Plant","floor":24,"turns":3},{"damage":19,"enemies":"Book of Stabbing","floor":25,"turns":3}],"seed_played":"7166460824696240826","potions_obtained":[{"floor":8.0,"key":"Regen Potion"},{"floor":11.0,"key":"Ancient Potion"},{"floor":12.0,"key":"Dexterity Potion"},{"floor":21,"key":"Dexterity Potion"}],"is_trial":false,"path_per_floor":["M","M","$","?","M","R","?","E","T","E","M","E","R","?","R","B",null,"M","$","M","M","?","R","M","E"],"character_chosen":"DEFECT","items_purchased":["ClockworkSouvenir","Defragment","Runic Capacitor"],"campfire_rested":2,"item_purchase_floors":[3,3,19],"current_hp_per_floor":[62,62,62,58,55,55,55,31,31,24,10,16,33,33,33,14,47,30,30,30,6,6,23,11,0],"gold":74,"neow_bonus":"TWO_FIFTY_GOLD","is_prod":false,"is_daily":false,"chose_seed":false,"campfire_upgraded":2,"win_rate":0,"timestamp":1557074165,"path_taken":["M","M","$","?","M","R","?","E","T","E","?","E","R","?","R","BOSS","M","$","M","M","?","R","M","E"],"build_version":"2019-01-23","purchased_purges":1,"victory":false,"max_hp_per_floor":[64,64,64,58,58,58,58,58,58,58,58,58,58,58,58,58,58,58,58,58,58,58,58,58,58],"card_choices":[{"not_picked":["Leap","Compile Driver"],"picked":"Rip and Tear","floor":1.0},{"not_picked":["Steam","Recycle"],"picked":"Conserve Battery","floor":2.0},{"not_picked":["Lockon","Gash"],"picked":"Sweeping Beam","floor":5.0},{"not_picked":["Leap","Rip and Tear","Recycle"],"picked":"SKIP","floor":8.0},{"not_picked":["Scrape","Sweeping Beam","Rip and Tear"],"picked":"SKIP","floor":10.0},{"not_picked":["Turbo","Conserve Battery"],"picked":"Defragment","floor":11.0},{"not_picked":["Compile Driver","Barrage"],"picked":"Electrodynamics","floor":12.0},{"not_picked":["Meteor Strike","Buffer"],"picked":"Amplify","floor":16.0},{"not_picked":["Turbo","Streamline"],"picked":"Doom and Gloom","floor":18},{"not_picked":["Melter","Stack","Barrage"],"picked":"SKIP","floor":20},{"not_picked":["Compile Driver+1","Hello World"],"picked":"Defragment","floor":21},{"not_picked":["Steam Power","Redo+1"],"picked":"Cold Snap","floor":24}],"player_experience":1202916,"relics_obtained":[{"floor":8.0,"key":"Boot"},{"floor":9.0,"key":"Orichalcum"},{"floor":10.0,"key":"Pen Nib"},{"floor":12.0,"key":"Emotion Chip"}],"event_choices":[{"damage_healed":0.0,"max_hp_gain":0.0,"max_hp_loss":6.0,"gold_gain":0.0,"event_name":"Golden Idol","player_choice":"Lose Max HP","floor":4.0,"gold_loss":0.0,"damage_taken":0.0,"relics_obtained":["Golden Idol"]},{"damage_healed":0.0,"max_hp_gain":0.0,"max_hp_loss":0.0,"gold_gain":0.0,"event_name":"WeMeetAgain","player_choice":"Paid Gold","floor":7.0,"gold_loss":82.0,"damage_taken":0.0,"relics_obtained":["PreservedInsect"]},{"damage_healed":0.0,"max_hp_gain":0.0,"max_hp_loss":0.0,"gold_gain":30.0,"event_name":"Dead Adventurer","player_choice":"Searched \u00271\u0027 times","floor":14.0,"gold_loss":0.0,"damage_taken":0.0},{"damage_healed":0,"gold_gain":0,"player_choice":"Ignored","damage_taken":0,"max_hp_gain":0,"max_hp_loss":0,"event_name":"Beggar","floor":22,"gold_loss":0}],"is_beta":false,"boss_relics":[{"not_picked":["Tiny House","Astrolabe"],"picked":"Snecko Eye"}],"items_purged_floors":[19],"is_endless":false,"potions_floor_spawned":[8,11,12,21,24],"killed_by":"Book of Stabbing","ascension_level":20}