{"gold_per_floor":[113,113,123,141,66,66,98,98,98,110,130,150,325,77,77,182,182,194,39,49,49,49,49,76,76,76,76],"floor_reached":27,"playtime":1167,"items_purged":["Strike_R","Defend_R"],"score":369,"play_id":"3edb8dc1-9c1e-4762-9e9b-447b9450fb13","local_time":"20190425133127","is_ascension_mode":true,"campfire_choices":[{"data":"Iron Wave","floor":6,"key":"SMITH"},{"floor":15,"key":"REST"},{"data":"Barricade","floor":23,"key":"SMITH"}],"neow_cost":"PERCENT_DAMAGE","seed_source_timestamp":600031686982647,"circlet_count":0,"master_deck":["AscendersBane","Defend_R","Defend_R","Defend_R","Bash","Shockwave","Iron Wave+1","Juggernaut+1","Iron Wave","Cleave","Doubt","Barricade+1","Heavy Blade+1","Dropkick+1","Bite","Bite","Bite","Bite","Uppercut","Magnetism"],"relics":["Black Blood","Du-Vu Doll","Incense Burner","Kunai","Odd Mushroom","Art of War","Potion Belt","Bottled Tornado"],"potions_floor_usage":[12],"damage_taken":[{"damage":10,"enemies":"Cultist","floor":1,"turns":5},{"damage":10,"enemies":"2 Louse","floor":3,"turns":2},{"damage":9,"enemies":"Jaw Worm","floor":4,"turns":4},{"damage":33,"enemies":"3 Sentries","floor":7,"turns":11},{"damage":5,"enemies":"2 Fungi Beasts","floor":10,"turns":5},{"damage":7,"enemies":"The Mushroom Lair","floor":11,"turns":4},{"damage":0,"enemies":"Blue Slaver","floor":12,"turns":4},{"damage":23,"enemies":"The Guardian","floor":16,"turns":12},{"damage":21,"enemies":"Spheric Guardian","floor":18,"turns":4},{"damage":28,"enemies":"Shell Parasite","floor":20,"turns":7},{"damage":77,"enemies":"Slavers","floor":24,"turns":8},{"damage":27,"enemies":"3 Cultists","floor":27,"turns":5}],"seed_played":"2603641920210870552","potions_obtained":[{"floor":7,"key":"LiquidBronze"},{"floor":10,"key":"Dexterity Potion"},{"floor":24,"key":"LiquidBronze"}],"is_trial":false,"path_per_floor":["M","$","M","M","$","R","E","?","T","M","?","M","?","$","R","B",null,"M","$","M","?","?","R","E","?","T","M"],"character_chosen":"IRONCLAD","items_purchased":["Blood Vial","Art of War"],"campfire_rested":1,"item_purchase_floors":[14,19],"current_hp_per_floor":[47,47,43,40,40,40,13,13,13,14,13,19,19,19,43,28,67,58,58,42,68,68,68,17,17,17,0],"gold":76,"neow_bonus":"ONE_RARE_RELIC","is_prod":false,"is_daily":false,"chose_seed":false,"campfire_upgraded":2,"win_rate":0,"timestamp":1556209887,"path_taken":["M","$","M","?","$","R","E","?","T","M","?","M","?","?","R","BOSS","M","$","M","?","?","R","E","?","T","M"],"build_version":"2019-01-23","purchased_purges":2,"victory":false,"max_hp_per_floor":[80,80,80,80,80,80,80,80,80,80,80,80,80,80,80,80,80,80,80,80,80,80,80,80,80,80,80],"card_choices":[{"not_picked":["True Grit","Thunderclap","Wild Strike"],"picked":"SKIP","floor":1},{"not_picked":["Wild Strike","Clothesline"],"picked":"Shockwave","floor":3},{"not_picked":["Berserk","Flex"],"picked":"Iron Wave","floor":4},{"not_picked":["Pommel Strike","Thunderclap"],"picked":"Juggernaut","floor":7},{"not_picked":["Intimidate","Clothesline"],"picked":"Iron Wave","floor":10},{"not_picked":["Entrench","Blood for Blood"],"picked":"Cleave","floor":11},{"not_picked":["Perfected Strike","Power Through","Rupture"],"picked":"SKIP","floor":12},{"not_picked":["Immolate","Demon Form"],"picked":"Barricade","floor":16},{"not_picked":["Twin Strike","Inflame"],"picked":"Heavy Blade+1","floor":18},{"not_picked":["Spot Weakness","Clash"],"picked":"Dropkick+1","floor":20},{"not_picked":["Second Wind","Fiend Fire"],"picked":"Uppercut","floor":24}],"player_experience":656035,"relics_obtained":[{"floor":7,"key":"Incense Burner"},{"floor":9,"key":"Kunai"},{"floor":11,"key":"Odd Mushroom"},{"floor":24,"key":"Potion Belt"},{"floor":26,"key":"Bottled Tornado"}],"event_choices":[{"damage_healed":0,"gold_gain":0,"player_choice":"Grow","damage_taken":0,"max_hp_gain":0,"max_hp_loss":0,"event_name":"Living Wall","floor":8,"gold_loss":0,"cards_upgraded":["Juggernaut"]},{"damage_healed":0,"gold_gain":0,"player_choice":"Fought Mushrooms","damage_taken":0,"max_hp_gain":0,"max_hp_loss":0,"event_name":"Mushrooms","floor":11,"gold_loss":0},{"damage_healed":0,"gold_gain":175,"player_choice":"AGREE","damage_taken":0,"max_hp_gain":0,"max_hp_loss":0,"event_name":"Liars Game","floor":13,"gold_loss":0,"cards_obtained":["Doubt"]},{"damage_healed":26,"gold_gain":0,"player_choice":"Heal","damage_taken":0,"max_hp_gain":0,"max_hp_loss":0,"event_name":"The Library","floor":21,"gold_loss":0},{"damage_healed":0,"gold_gain":0,"player_choice":"Became a vampire (Vial)","damage_taken":0,"max_hp_gain":0,"max_hp_loss":0,"event_name":"Vampires","floor":22,"relics_lost":["Blood Vial"],"gold_loss":0,"cards_obtained":["Bite","Bite","Bite","Bite","Bite"]},{"damage_healed":0,"gold_gain":0,"cards_transformed":["Bite"],"player_choice":"Transformed","damage_taken":0,"max_hp_gain":0,"max_hp_loss":0,"event_name":"Transmorgrifier","floor":25,"gold_loss":0,"cards_obtained":["Magnetism"]}],"is_beta":false,"boss_relics":[{"not_picked":["Pandora\u0027s Box","White Beast Statue"],"picked":"Black Blood"}],"items_purged_floors":[5,14],"is_endless":false,"potions_floor_spawned":[7,10,24],"killed_by":"3 Cultists","ascension_level":10}