{"gold_per_floor":[99,49,49,49,49,49,49,49,49,49,49,49,49,25,25,25,25,25,25,25,25,25,25],"floor_reached":23,"playtime":2128,"items_purged":[],"score":207,"play_id":"d1776d8e-2e35-42e4-8fbc-6cb3acb10acd","local_time":"20190514214401","is_ascension_mode":true,"campfire_choices":[{"floor":6,"key":"REST"},{"data":"Body Slam","floor":10,"key":"SMITH"},{"floor":15,"key":"REST"}],"neow_cost":"NONE","seed_source_timestamp":2935577253478544,"circlet_count":0,"master_deck":["Strike_R","Strike_R","Strike_R","Strike_R","Strike_R+1","Defend_R+1","Defend_R","Defend_R","Defend_R","Body Slam+1","Thunderclap","Pommel Strike","Regret","True Grit","Pommel Strike","Ghostly Armor","Pommel Strike","Headbutt","Barricade","Armaments","Flame Barrier","Shrug It Off","Thunderclap","Body Slam"],"relics":["Ectoplasm","Mummified Hand","Happy Flower","Oddly Smooth Stone","Philosopher\u0027s Stone"],"potions_floor_usage":[16,16,20,20],"damage_taken":[{"damage":0,"enemies":"Cultist","floor":1,"turns":3},{"damage":6,"enemies":"Jaw Worm","floor":3,"turns":4},{"damage":0,"enemies":"Small Slimes","floor":4,"turns":3},{"damage":41,"enemies":"Lagavulin","floor":8,"turns":8},{"damage":2,"enemies":"Exordium Wildlife","floor":11,"turns":4},{"damage":0,"enemies":"2 Fungi Beasts","floor":12,"turns":2},{"damage":3,"enemies":"Lots of Slimes","floor":13,"turns":3},{"damage":36,"enemies":"Hexaghost","floor":16,"turns":10},{"damage":20,"enemies":"Spheric Guardian","floor":18,"turns":4},{"damage":6,"enemies":"3 Byrds","floor":19,"turns":5},{"damage":0,"enemies":"3 Cultists","floor":20,"turns":5},{"damage":20,"enemies":"Chosen and Byrds","floor":21,"turns":6},{"damage":16,"enemies":"Snake Plant","floor":22,"turns":5},{"damage":31,"enemies":"Slavers","floor":23,"turns":1}],"seed_played":"8404714425881150688","potions_obtained":[{"floor":3,"key":"GamblersBrew"},{"floor":8,"key":"Ancient Potion"},{"floor":12,"key":"Energy Potion"},{"floor":18,"key":"Block Potion"},{"floor":19,"key":"Swift Potion"},{"floor":22,"key":"Block Potion"}],"is_trial":false,"path_per_floor":["M","?","M","M","?","R","?","E","T","R","M","M","M","$","R","B",null,"M","M","M","M","M","E"],"character_chosen":"IRONCLAD","items_purchased":["Headbutt"],"campfire_rested":2,"item_purchase_floors":[14],"current_hp_per_floor":[80,80,74,74,58,80,80,39,39,39,37,37,34,34,58,22,80,60,54,54,34,18,0],"gold":25,"neow_bonus":"BOSS_RELIC","is_prod":false,"is_daily":false,"chose_seed":false,"campfire_upgraded":1,"win_rate":0,"timestamp":1557884641,"path_taken":["M","?","M","M","?","R","?","E","T","R","?","M","M","$","R","BOSS","M","M","M","M","M","E"],"build_version":"2019-01-23","purchased_purges":0,"victory":false,"max_hp_per_floor":[80,80,80,80,80,80,80,80,80,80,80,80,80,80,80,80,80,80,80,80,80,80,80],"card_choices":[{"not_picked":["Armaments","Pummel"],"picked":"Body Slam","floor":1},{"not_picked":["Flex","Clash"],"picked":"Thunderclap","floor":3},{"not_picked":["Perfected Strike","Combust"],"picked":"Pommel Strike","floor":4},{"not_picked":["Impervious","Cleave"],"picked":"True Grit","floor":8},{"not_picked":["Rupture","Shockwave"],"picked":"Pommel Strike","floor":11},{"not_picked":["Clash","Perfected Strike"],"picked":"Ghostly Armor","floor":12},{"not_picked":["Blood for Blood","Clothesline"],"picked":"Pommel Strike","floor":13},{"not_picked":["Impervious","Juggernaut"],"picked":"Barricade","floor":16},{"not_picked":["Seeing Red+1","Sword Boomerang"],"picked":"Armaments","floor":18},{"not_picked":["Warcry","Twin Strike+1"],"picked":"Flame Barrier","floor":19},{"not_picked":["Perfected Strike","Heavy Blade"],"picked":"Shrug It Off","floor":20},{"not_picked":["True Grit","Whirlwind"],"picked":"Thunderclap","floor":21},{"not_picked":["Thunderclap","True Grit"],"picked":"Body Slam","floor":22}],"player_experience":9650,"relics_obtained":[{"floor":8,"key":"Happy Flower"},{"floor":9,"key":"Oddly Smooth Stone"}],"event_choices":[{"cards_removed":["Bash"],"damage_healed":0,"gold_gain":0,"player_choice":"Card Removal","damage_taken":0,"max_hp_gain":0,"max_hp_loss":0,"event_name":"The Cleric","floor":2,"gold_loss":50},{"damage_healed":0,"gold_gain":0,"player_choice":"Entered Light","damage_taken":16,"max_hp_gain":0,"max_hp_loss":0,"event_name":"Shining Light","floor":5,"gold_loss":0,"cards_upgraded":["Defend_R","Strike_R"]},{"damage_healed":0,"gold_gain":0,"player_choice":"Box","damage_taken":0,"relics_obtained":["Mummified Hand"],"max_hp_gain":0,"max_hp_loss":0,"event_name":"Big Fish","floor":7,"gold_loss":0,"cards_obtained":["Regret"]}],"is_beta":false,"boss_relics":[{"not_picked":["Runic Dome","Coffee Dripper"],"picked":"Philosopher\u0027s Stone"}],"items_purged_floors":[],"is_endless":false,"potions_floor_spawned":[3,8,12,13,18,19,22],"killed_by":"Slavers","ascension_level":1}