{"gold_per_floor":[109,109,124,16,16,16,51,51,51,83,155,63,63,80,80,80],"floor_reached":16,"playtime":677,"items_purged":["Strike_G"],"score":212,"play_id":"265ef2b4-e2c3-4a70-83b0-f7590fa7f48d","local_time":"20190601164838","is_ascension_mode":true,"campfire_choices":[{"data":"Neutralize","floor":6,"key":"SMITH"},{"data":"Flying Knee","floor":8,"key":"SMITH"},{"data":"Strike_G","floor":13,"key":"PURGE"},{"floor":15,"key":"REST"}],"neow_cost":"NONE","seed_source_timestamp":14233391989037,"circlet_count":0,"master_deck":["AscendersBane","Defend_G","Defend_G","Defend_G","Defend_G","Defend_G","Strike_G","Strike_G","Survivor","Neutralize+1","Skewer+1","Dagger Throw","Flying Knee+1","Backflip","Backflip","Well Laid Plans+1","Backstab"],"relics":["Ring of the Snake","Smiling Mask","Frozen Egg 2","Peace Pipe","Gremlin Horn"],"potions_floor_usage":[10,16],"damage_taken":[{"damage":4,"enemies":"Jaw Worm","floor":1,"turns":8},{"damage":0,"enemies":"Small Slimes","floor":3,"turns":2},{"damage":18,"enemies":"Lagavulin","floor":7,"turns":7},{"damage":17,"enemies":"3 Sentries","floor":10,"turns":8},{"damage":0,"enemies":"2 Louse","floor":14,"turns":2},{"damage":43,"enemies":"Slime Boss","floor":16,"turns":6}],"seed_played":"648466267098459038","potions_obtained":[{"floor":1,"key":"Strength Potion"},{"floor":7,"key":"SkillPotion"}],"is_trial":false,"path_per_floor":["M","?","M","$","?","R","E","R","T","E","T","$","R","M","R","B"],"character_chosen":"THE_SILENT","items_purchased":["Flying Knee","Backflip","Well Laid Plans+1"],"campfire_rested":1,"item_purchase_floors":[4,4,12],"current_hp_per_floor":[55,55,55,55,55,55,37,37,37,20,20,20,20,20,39,0],"gold":80,"neow_bonus":"REMOVE_CARD","is_prod":false,"is_daily":false,"chose_seed":false,"campfire_upgraded":2,"win_rate":0,"timestamp":1559400518,"path_taken":["M","?","M","$","?","R","E","R","T","E","?","$","R","M","R","BOSS"],"build_version":"2019-01-23","purchased_purges":1,"victory":false,"max_hp_per_floor":[66,66,66,66,66,66,66,66,66,66,66,66,66,66,66,66],"card_choices":[{"not_picked":["Terror","Dagger Throw"],"picked":"Skewer","floor":1},{"not_picked":["Reflex","Setup"],"picked":"Dagger Throw","floor":3},{"not_picked":["Reflex","Dagger Throw","Outmaneuver"],"picked":"SKIP","floor":7},{"not_picked":["Poisoned Stab","Unload"],"picked":"Backflip","floor":10},{"not_picked":["Acrobatics","Deflect"],"picked":"Backstab","floor":14}],"player_experience":1270666,"relics_obtained":[{"floor":7,"key":"Smiling Mask"},{"floor":9,"key":"Frozen Egg 2"},{"floor":10,"key":"Peace Pipe"},{"floor":11,"key":"Gremlin Horn"}],"event_choices":[{"damage_healed":0,"gold_gain":0,"player_choice":"Grow","damage_taken":0,"max_hp_gain":0,"max_hp_loss":0,"event_name":"Living Wall","floor":2,"gold_loss":0,"cards_upgraded":["Skewer"]},{"damage_healed":0,"gold_gain":0,"player_choice":"Ignored","damage_taken":0,"max_hp_gain":0,"max_hp_loss":0,"event_name":"Liars Game","floor":5,"gold_loss":0}],"is_beta":false,"boss_relics":[],"items_purged_floors":[12],"is_endless":false,"potions_floor_spawned":[1,7],"killed_by":"Slime Boss","ascension_level":20}