{"gold_per_floor":[111,111,111,129,155,181,192,192,215,11,11,43,43,43,43,117,117,136,66,82,82,101,101,133,133,133,133,148,183,183,35,35,114,114,134,149,198,214,229,229,304,304,304,332,351,153,165,165,165,165],"floor_reached":51,"playtime":2662,"items_purged":[],"score":1237,"play_id":"4efbe6e7-cd00-4ae5-a4a3-63951ca1133c","local_time":"20190517073145","is_ascension_mode":true,"campfire_choices":[{"data":"Rampage","floor":8,"key":"SMITH"},{"data":"Anger","floor":11,"key":"SMITH"},{"data":"Bash","floor":15,"key":"SMITH"},{"data":"Seeing Red","floor":23,"key":"SMITH"},{"floor":30,"key":"REST"},{"floor":32,"key":"REST"},{"floor":40,"key":"REST"},{"data":"Heavy Blade","floor":42,"key":"SMITH"},{"data":"Body Slam","floor":49,"key":"SMITH"}],"neow_cost":"NONE","seed_source_timestamp":2477725324992380,"circlet_count":0,"master_deck":["AscendersBane","Strike_R+1","Strike_R+1","Defend_R+1","Defend_R+1","Defend_R+1","Bash+1","Impervious+1","Rampage+1","Shrug It Off","Spot Weakness","Anger+1","Seeing Red+1","Brutality","Wild Strike+1","Disarm","Dropkick","Inflame","Blood for Blood","Evolve","Double Tap","Heavy Blade+1","Shrug It Off","Warcry+1","Body Slam+1","Juggernaut","Clothesline"],"relics":["Black Blood","PreservedInsect","Darkstone Periapt","Blood Vial","Bag of Preparation","Thread and Needle","Busted Crown","Lantern","Enchiridion","Art of War","Anchor","Bronze Scales","Ancient Tea Set","Shuriken","Oddly Smooth Stone"],"potions_floor_usage":[6,16,24,24,33,35,39,47,47,48],"damage_taken":[{"damage":3,"enemies":"2 Louse","floor":1,"turns":4},{"damage":4,"enemies":"Small Slimes","floor":4,"turns":4},{"damage":16,"enemies":"Gremlin Nob","floor":6,"turns":3},{"damage":0,"enemies":"Cultist","floor":7,"turns":4},{"damage":7,"enemies":"Lagavulin","floor":12,"turns":5},{"damage":22,"enemies":"The Guardian","floor":16,"turns":10},{"damage":12,"enemies":"Shell Parasite","floor":18,"turns":4},{"damage":9,"enemies":"2 Thieves","floor":20,"turns":4},{"damage":14,"enemies":"Snake Plant","floor":22,"turns":4},{"damage":9,"enemies":"Book of Stabbing","floor":24,"turns":4},{"damage":31,"enemies":"Shelled Parasite and Fungi","floor":28,"turns":4},{"damage":1,"enemies":"Gremlin Leader","floor":29,"turns":4},{"damage":33,"enemies":"Collector","floor":33,"turns":6},{"damage":20,"enemies":"3 Darklings","floor":35,"turns":5},{"damage":0,"enemies":"Orb Walker","floor":36,"turns":3},{"damage":7,"enemies":"Writhing Mass","floor":38,"turns":5},{"damage":42,"enemies":"Transient","floor":39,"turns":5},{"damage":3,"enemies":"Giant Head","floor":44,"turns":5},{"damage":5,"enemies":"4 Shapes","floor":45,"turns":6},{"damage":7,"enemies":"Jaw Worm Horde","floor":47,"turns":4},{"damage":1,"enemies":"Spire Growth","floor":48,"turns":2},{"damage":54,"enemies":"Time Eater","floor":50,"turns":9}],"seed_played":"3278275636936740849","potions_obtained":[{"floor":4,"key":"Strength Potion"},{"floor":12,"key":"Swift Potion"},{"floor":20,"key":"Regen Potion"},{"floor":22,"key":"LiquidBronze"},{"floor":29,"key":"SkillPotion"},{"floor":33,"key":"SteroidPotion"},{"floor":38,"key":"SkillPotion"},{"floor":45,"key":"GamblersBrew"},{"floor":47,"key":"SmokeBomb"}],"is_trial":false,"path_per_floor":["M","?","?","M","T","E","M","R","T","$","R","E","?","?","R","B",null,"M","$","M","?","M","R","E","?","T","?","M","E","R","$","R","B",null,"M","M","T","M","M","R","?","R","T","E","M","$","M","M","R","B",null],"character_chosen":"IRONCLAD","items_purchased":["Bag of Preparation","Anger","Disarm","Bronze Scales","Juggernaut","Energy Potion"],"campfire_rested":3,"item_purchase_floors":[10,10,19,31,46,46],"current_hp_per_floor":[71,64,64,66,66,56,62,62,62,62,62,63,48,48,48,34,65,61,61,60,60,54,54,65,49,49,49,26,33,55,55,75,48,68,60,72,72,75,43,65,58,58,58,67,74,74,75,75,75,31],"gold":165,"neow_bonus":"ONE_RANDOM_RARE_CARD","is_prod":false,"is_daily":false,"chose_seed":false,"campfire_upgraded":6,"win_rate":0,"timestamp":1558089105,"path_taken":["M","?","?","?","?","E","M","R","T","$","R","E","?","?","R","BOSS","M","$","M","?","M","R","E","?","T","?","M","E","R","$","R","BOSS","M","M","?","M","M","R","?","R","T","E","M","$","M","?","R","BOSS"],"build_version":"2019-01-23","purchased_purges":0,"victory":true,"max_hp_per_floor":[75,75,75,75,75,75,75,75,75,75,75,75,75,75,75,75,75,75,75,75,75,75,75,75,75,75,75,75,75,75,75,75,75,75,75,75,75,75,75,75,75,75,75,75,75,75,75,75,75,75],"card_choices":[{"not_picked":["Body Slam","Dropkick"],"picked":"Rampage","floor":1},{"not_picked":["Rupture","Twin Strike","Clash"],"picked":"SKIP","floor":4},{"not_picked":["Clash","Rampage"],"picked":"Shrug It Off","floor":6},{"not_picked":["Havoc","Warcry"],"picked":"Spot Weakness","floor":7},{"not_picked":["Combust","Flex","Dual Wield"],"picked":"SKIP","floor":12},{"not_picked":["Reaper","Double Tap"],"picked":"Brutality","floor":16},{"not_picked":[],"picked":"Wild Strike+1","floor":18},{"not_picked":[],"picked":"Dropkick","floor":20},{"not_picked":[],"picked":"Inflame","floor":22},{"not_picked":["Armaments"],"picked":"SKIP","floor":24},{"not_picked":[],"picked":"Blood for Blood","floor":28},{"not_picked":[],"picked":"Evolve","floor":29},{"not_picked":[],"picked":"Double Tap","floor":33},{"not_picked":[],"picked":"Heavy Blade","floor":35},{"not_picked":["Seeing Red"],"picked":"SKIP","floor":36},{"not_picked":[],"picked":"Shrug It Off","floor":38},{"not_picked":["Thunderclap"],"picked":"SKIP","floor":39},{"not_picked":[],"picked":"Warcry+1","floor":44},{"not_picked":[],"picked":"Body Slam","floor":45},{"not_picked":[],"picked":"Clothesline","floor":47}],"player_experience":744407,"relics_obtained":[{"floor":5,"key":"PreservedInsect"},{"floor":6,"key":"Darkstone Periapt"},{"floor":9,"key":"Blood Vial"},{"floor":12,"key":"Thread and Needle"},{"floor":24,"key":"Lantern"},{"floor":25,"key":"Enchiridion"},{"floor":26,"key":"Art of War"},{"floor":29,"key":"Anchor"},{"floor":37,"key":"Ancient Tea Set"},{"floor":43,"key":"Shuriken"},{"floor":44,"key":"Oddly Smooth Stone"}],"event_choices":[{"cards_removed":["Strike_R"],"damage_healed":0,"gold_gain":0,"player_choice":"Card Removal","damage_taken":7,"max_hp_gain":0,"max_hp_loss":0,"event_name":"Golden Wing","floor":2,"gold_loss":0},{"cards_removed":["Defend_R"],"damage_healed":0,"gold_gain":0,"player_choice":"Offered Basic","damage_taken":0,"max_hp_gain":0,"max_hp_loss":0,"event_name":"Bonfire Elementals","floor":3,"gold_loss":0},{"damage_healed":0,"gold_gain":0,"player_choice":"Entered Light","damage_taken":15,"max_hp_gain":0,"max_hp_loss":0,"event_name":"Shining Light","floor":13,"gold_loss":0,"cards_upgraded":["Strike_R","Impervious"]},{"damage_healed":0,"gold_gain":0,"cards_transformed":["Strike_R"],"player_choice":"Transformed","damage_taken":0,"max_hp_gain":0,"max_hp_loss":0,"event_name":"Transmorgrifier","floor":14,"gold_loss":0,"cards_obtained":["Seeing Red"]},{"damage_healed":0,"gold_gain":0,"player_choice":"Simplicity","damage_taken":0,"max_hp_gain":0,"max_hp_loss":0,"event_name":"Back to Basics","floor":21,"gold_loss":0,"cards_upgraded":["Strike_R","Strike_R","Defend_R","Defend_R","Defend_R"]},{"damage_healed":0,"gold_gain":0,"player_choice":"Obtained Book","damage_taken":16,"max_hp_gain":0,"max_hp_loss":0,"event_name":"Cursed Tome","floor":25,"gold_loss":0},{"cards_removed":["Strike_R"],"damage_healed":0,"gold_gain":0,"player_choice":"Purged","damage_taken":0,"max_hp_gain":0,"max_hp_loss":0,"event_name":"Purifier","floor":27,"gold_loss":0},{"damage_healed":0,"gold_gain":75,"player_choice":"Touch","damage_taken":7,"max_hp_gain":0,"max_hp_loss":0,"event_name":"FaceTrader","floor":41,"gold_loss":0}],"is_beta":false,"boss_relics":[{"not_picked":["Runic Dome","Empty Cage"],"picked":"Busted Crown"},{"not_picked":["Velvet Choker","Orrery"],"picked":"Black Blood"}],"items_purged_floors":[],"is_endless":false,"potions_floor_spawned":[4,12,20,22,29,33,38,45,47,48],"ascension_level":14}