{"gold_per_floor":[112,122,11,11,31,31,56,56,111,126,161,224,240,274,274,349,349,363,375,33,33,63,95,95,108,138,138,153,153,180,199,199,276,276,295,295,312,312,65,65,91,91,91,108,508,542,542,559,559,559,559],"floor_reached":51,"playtime":4024,"items_purged":["Strike_G"],"score":1601,"play_id":"97d5eed1-2d27-4e98-977d-4e09b837db3f","local_time":"20181122234338","is_ascension_mode":true,"campfire_choices":[{"data":"Deadly Poison","floor":6.0,"key":"SMITH"},{"data":"Deadly Poison","floor":8.0,"key":"SMITH"},{"data":"Dagger Spray","floor":15.0,"key":"SMITH"},{"floor":24,"key":"REST"},{"floor":27,"key":"REST"},{"floor":29,"key":"REST"},{"floor":32,"key":"REST"},{"data":"After Image","floor":40,"key":"SMITH"},{"data":"Footwork","floor":42,"key":"SMITH"},{"data":"Catalyst","floor":47,"key":"SMITH"},{"floor":49,"key":"RECALL"}],"neow_cost":"NONE","seed_source_timestamp":37887034478554,"circlet_count":0,"master_deck":["AscendersBane","Defend_G","Defend_G","Defend_G","Defend_G","Defend_G","Strike_G","Strike_G","Strike_G","Survivor","Neutralize+1","Deadly Poison+1","Catalyst+1","Dagger Spray+1","Deadly Poison+1","Crippling Poison","Dagger Spray+1","Footwork+1","Corpse Explosion","Escape Plan","Dodge and Roll","Calculated Gamble","Cloak And Dagger","After Image+1","Backflip+1","Cloak And Dagger","Escape Plan","Backflip","Infinite Blades","Noxious Fumes+1"],"special_seed":0,"relics":["Ring of the Serpent","Bag of Preparation","Shovel","Sundial","Unceasing Top","Philosopher\u0027s Stone","Dead Branch","Red Mask","Kunai","Tiny Chest","PreservedInsect","Centennial Puzzle","Juzu Bracelet","Strawberry","Old Coin","Regal Pillow"],"potions_floor_usage":[16,22,23,30,33,51],"damage_taken":[{"damage":0.0,"enemies":"2 Louse","floor":1.0,"turns":4.0},{"damage":0.0,"enemies":"Jaw Worm","floor":2.0,"turns":5.0},{"damage":0.0,"enemies":"Small Slimes","floor":5.0,"turns":2.0},{"damage":6.0,"enemies":"Gremlin Nob","floor":7.0,"turns":4.0},{"damage":0.0,"enemies":"2 Fungi Beasts","floor":10.0,"turns":2.0},{"damage":9.0,"enemies":"3 Sentries","floor":11.0,"turns":6.0},{"damage":0.0,"enemies":"Gremlin Nob","floor":12.0,"turns":3.0},{"damage":2.0,"enemies":"Large Slime","floor":13.0,"turns":5.0},{"damage":8.0,"enemies":"Gremlin Nob","floor":14.0,"turns":3.0},{"damage":16,"enemies":"The Guardian","floor":16,"turns":8},{"damage":0,"enemies":"Chosen","floor":18,"turns":4},{"damage":0,"enemies":"Spheric Guardian","floor":19,"turns":2},{"damage":2,"enemies":"Masked Bandits","floor":22,"turns":2},{"damage":47,"enemies":"Gremlin Leader","floor":23,"turns":6},{"damage":6,"enemies":"Centurion and Healer","floor":25,"turns":5},{"damage":0,"enemies":"Snake Plant","floor":28,"turns":4},{"damage":22,"enemies":"Slavers","floor":30,"turns":4},{"damage":0,"enemies":"3 Cultists","floor":31,"turns":2},{"damage":11,"enemies":"Automaton","floor":33,"turns":9},{"damage":5,"enemies":"Orb Walker","floor":35,"turns":5},{"damage":0,"enemies":"3 Shapes","floor":37,"turns":2},{"damage":0,"enemies":"Giant Head","floor":41,"turns":9},{"damage":0,"enemies":"Jaw Worm Horde","floor":44,"turns":2},{"damage":15,"enemies":"Mind Bloom Boss Battle","floor":45,"turns":6},{"damage":0,"enemies":"Nemesis","floor":46,"turns":7},{"damage":0,"enemies":"4 Shapes","floor":48,"turns":4},{"damage":14,"enemies":"Time Eater","floor":50,"turns":15},{"damage":38,"enemies":"Awakened One","floor":51,"turns":14}],"seed_played":"-5581430224560755533","potions_obtained":[{"floor":2.0,"key":"GhostInAJar"},{"floor":7.0,"key":"AttackPotion"},{"floor":13.0,"key":"AttackPotion"},{"floor":16,"key":"Fire Potion"},{"floor":19,"key":"SteroidPotion"},{"floor":25,"key":"PowerPotion"},{"floor":28,"key":"SteroidPotion"},{"floor":30,"key":"Swift Potion"},{"floor":31,"key":"LiquidBronze"},{"floor":35,"key":"FearPotion"},{"floor":37,"key":"GhostInAJar"}],"is_trial":false,"path_per_floor":["M","M","$","?","M","R","E","R","T","M","E","?","M","E","R","B",null,"M","M","$","?","?","E","R","M","T","R","M","R","E","M","R","B",null,"M","?","M","?","$","R","E","R","T","M","?","E","R","M","R","B","B"],"character_chosen":"THE_SILENT","items_purchased":["Dagger Spray","Fire Potion","Dead Branch","Centennial Puzzle"],"campfire_rested":4,"item_purchase_floors":[3,3,20,39],"current_hp_per_floor":[59,59,59,59,59,59,53,53,53,53,44,44,42,34,34,18,54,54,54,54,54,52,5,24,18,18,37,37,56,34,34,53,42,60,55,55,55,55,55,55,55,55,62,62,47,47,47,47,47,33,0],"gold":559,"neow_bonus":"UPGRADE_CARD","is_prod":false,"is_daily":false,"chose_seed":false,"campfire_upgraded":6,"win_rate":0,"timestamp":1542926618,"path_taken":["M","M","$","?","M","R","E","R","T","M","E","?","M","E","R","BOSS","M","M","$","?","?","E","R","M","T","R","M","R","E","M","R","BOSS","M","?","?","?","$","R","E","R","T","M","?","E","R","M","R","BOSS","BOSS"],"build_version":"2018-11-15","purchased_purges":1,"victory":false,"max_hp_per_floor":[66,66,66,66,66,66,66,66,66,66,66,66,66,66,66,66,66,66,66,66,66,66,66,66,66,66,66,66,66,66,66,66,66,66,66,66,66,63,63,63,63,63,70,70,70,70,70,70,70,70,70],"card_choices":[{"not_picked":["Dodge and Roll","Outmaneuver"],"picked":"Deadly Poison","floor":1.0},{"not_picked":["Blade Dance","Tactician"],"picked":"Catalyst","floor":2.0},{"not_picked":["Acrobatics","Deflect"],"picked":"Deadly Poison","floor":5.0},{"not_picked":["Distraction","Tactician","Outmaneuver"],"picked":"SKIP","floor":7.0},{"not_picked":["Prepared","Masterful Stab"],"picked":"Crippling Poison","floor":10.0},{"not_picked":["Dagger Throw","Calculated Gamble"],"picked":"Dagger Spray","floor":11.0},{"not_picked":["Deadly Poison","Quick Slash"],"picked":"Footwork","floor":12.0},{"not_picked":["Quick Slash","Prepared","Flying Knee"],"picked":"SKIP","floor":13.0},{"not_picked":["Quick Slash","Outmaneuver","Skewer"],"picked":"SKIP","floor":14.0},{"not_picked":["Tools of the Trade","A Thousand Cuts"],"picked":"Corpse Explosion","floor":16},{"not_picked":["Bane","Outmaneuver","Blade Dance"],"picked":"SKIP","floor":18},{"not_picked":["Poisoned Stab","Slice"],"picked":"Escape Plan","floor":19},{"not_picked":["Deadly Poison+1","Slice","Crippling Poison"],"picked":"SKIP","floor":23},{"not_picked":["Skewer","Prepared"],"picked":"Dodge and Roll","floor":25},{"not_picked":["Grand Finale","Eviscerate"],"picked":"Calculated Gamble","floor":28},{"not_picked":["Distraction","Dash+1"],"picked":"Cloak And Dagger","floor":30},{"not_picked":["Flying Knee","Sucker Punch","Skewer"],"picked":"SKIP","floor":31},{"not_picked":["Corpse Explosion","Wraith Form v2"],"picked":"After Image","floor":33},{"not_picked":["Blade Dance","Flying Knee"],"picked":"Backflip+1","floor":35},{"not_picked":["Quick Slash+1","Reflex"],"picked":"Cloak And Dagger","floor":37},{"not_picked":["Dagger Spray","Underhanded Strike","Expertise"],"picked":"SKIP","floor":41},{"not_picked":["Deadly Poison+1","Flechettes+1"],"picked":"Escape Plan","floor":44},{"not_picked":["Accuracy+1","Crippling Poison"],"picked":"Backflip","floor":45},{"not_picked":["All Out Attack","Burst"],"picked":"Infinite Blades","floor":46},{"not_picked":["Dagger Spray+1","Eviscerate+1"],"picked":"Noxious Fumes+1","floor":48}],"player_experience":600578,"relics_obtained":[{"floor":7.0,"key":"Bag of Preparation"},{"floor":11.0,"key":"Shovel"},{"floor":12.0,"key":"Sundial"},{"floor":14.0,"key":"Unceasing Top"},{"floor":22,"key":"Red Mask"},{"floor":23,"key":"Kunai"},{"floor":26,"key":"Tiny Chest"},{"floor":30,"key":"PreservedInsect"},{"floor":41,"key":"Juzu Bracelet"},{"floor":43,"key":"Strawberry"},{"floor":45,"key":"Old Coin"},{"floor":46,"key":"Regal Pillow"}],"event_choices":[{"damage_healed":0.0,"max_hp_gain":0.0,"max_hp_loss":0.0,"gold_gain":0.0,"event_name":"Living Wall","player_choice":"Grow","floor":4.0,"gold_loss":0.0,"damage_taken":0.0,"cards_upgraded":["Dagger Spray"]},{"damage_healed":0.0,"max_hp_gain":0.0,"max_hp_loss":0.0,"gold_gain":0.0,"event_name":"Dead Adventurer","player_choice":"Searched \u00271\u0027 times","floor":12.0,"gold_loss":0.0,"damage_taken":0.0},{"damage_healed":0,"gold_gain":0,"player_choice":"Ignored","damage_taken":0,"max_hp_gain":0,"max_hp_loss":0,"event_name":"Cursed Tome","floor":21,"gold_loss":0},{"damage_healed":0,"gold_gain":0,"player_choice":"Fought Bandits","damage_taken":0,"max_hp_gain":0,"max_hp_loss":0,"event_name":"Masked Bandits","floor":22,"gold_loss":0},{"cards_removed":["Strike_G"],"damage_healed":0,"gold_gain":0,"player_choice":"Purged","damage_taken":0,"max_hp_gain":0,"max_hp_loss":0,"event_name":"Purifier","floor":36,"gold_loss":0},{"damage_healed":0,"gold_gain":0,"player_choice":"Max HP","damage_taken":0,"max_hp_gain":0,"max_hp_loss":3,"event_name":"Winding Halls","floor":38,"gold_loss":0},{"damage_healed":0,"gold_gain":0,"player_choice":"Fight","damage_taken":0,"max_hp_gain":0,"max_hp_loss":0,"event_name":"MindBloom","floor":45,"gold_loss":0}],"is_beta":false,"boss_relics":[{"not_picked":["Empty Cage","Lizard Tail"],"picked":"Philosopher\u0027s Stone"},{"not_picked":["HoveringKite","Pandora\u0027s Box"],"picked":"Ring of the Serpent"}],"items_purged_floors":[39],"is_endless":false,"potions_floor_spawned":[2,7,13,16,19,25,28,30,31,35,37,44,46],"killed_by":"Awakened One","ascension_level":20}