{"gold_per_floor":[110,123,141,141,157,157,183,183,210,210,241,259,259,274,274,351,351,309,324,112,131,143,143,159,159,159,184,184,209,209,222,222,222],"floor_reached":33,"playtime":2033,"items_purged":["Strike_R"],"score":598,"play_id":"fa35eae2-fced-4dee-add7-941e8b04ed26","local_time":"20190409213824","is_ascension_mode":true,"campfire_choices":[{"data":"Sword Boomerang","floor":6.0,"key":"SMITH"},{"data":"Flame Barrier","floor":8.0,"key":"SMITH"},{"data":"Disarm","floor":10.0,"key":"SMITH"},{"floor":13.0,"key":"REST"},{"data":"Disarm","floor":15.0,"key":"SMITH"},{"floor":23,"key":"REST"},{"data":"Inflame","floor":28,"key":"SMITH"},{"data":"Inflame","floor":30,"key":"SMITH"},{"floor":32,"key":"REST"}],"neow_cost":"NONE","seed_source_timestamp":29841348178614,"circlet_count":0,"master_deck":["AscendersBane","Strike_R","Strike_R","Strike_R","Strike_R","Defend_R","Defend_R","Defend_R","Defend_R","Bash+1","Feel No Pain","Disarm+1","Sword Boomerang+1","Flame Barrier+1","Feel No Pain","Disarm+1","Headbutt","Feed","Ghostly Armor","Shrug It Off","Inflame+1","Twin Strike","Inflame+1","Flex","Reaper","Pommel Strike+1"],"special_seed":0,"relics":["Burning Blood","Oddly Smooth Stone","Happy Flower","Runic Pyramid","Bird Faced Urn","Ornamental Fan","Molten Egg 2"],"potions_floor_usage":[18,27,27,33],"damage_taken":[{"damage":1.0,"enemies":"Cultist","floor":1.0,"turns":3.0},{"damage":18.0,"enemies":"Jaw Worm","floor":2.0,"turns":6.0},{"damage":7.0,"enemies":"2 Louse","floor":3.0,"turns":4.0},{"damage":8.0,"enemies":"Looter","floor":5.0,"turns":5.0},{"damage":18.0,"enemies":"3 Sentries","floor":7.0,"turns":16.0},{"damage":26.0,"enemies":"Gremlin Nob","floor":11.0,"turns":5.0},{"damage":9.0,"enemies":"Lots of Slimes","floor":12.0,"turns":4.0},{"damage":0.0,"enemies":"3 Louse","floor":14.0,"turns":3.0},{"damage":19.0,"enemies":"Hexaghost","floor":16.0,"turns":12.0},{"damage":21,"enemies":"2 Thieves","floor":18,"turns":5},{"damage":31,"enemies":"Spheric Guardian","floor":19,"turns":12},{"damage":16,"enemies":"Centurion and Healer","floor":21,"turns":11},{"damage":3,"enemies":"Snake Plant","floor":22,"turns":6},{"damage":0,"enemies":"Chosen and Byrds","floor":24,"turns":7},{"damage":7,"enemies":"Gremlin Leader","floor":27,"turns":5},{"damage":48,"enemies":"Book of Stabbing","floor":29,"turns":8},{"damage":24,"enemies":"Cultist and Chosen","floor":31,"turns":10},{"damage":97,"enemies":"Champ","floor":33,"turns":11}],"seed_played":"7707167571304305574","potions_obtained":[{"floor":2.0,"key":"Ancient Potion"},{"floor":3.0,"key":"Energy Potion"},{"floor":14.0,"key":"LiquidBronze"},{"floor":16.0,"key":"Fire Potion"},{"floor":18,"key":"SpeedPotion"},{"floor":21,"key":"Explosive Potion"},{"floor":24,"key":"SteroidPotion"},{"floor":31,"key":"Energy Potion"}],"is_trial":false,"path_per_floor":["M","M","M","?","M","R","E","R","T","R","E","M","R","M","R","B",null,"M","M","$","M","M","R","M","?","T","E","R","E","R","M","R","B"],"character_chosen":"IRONCLAD","items_purchased":["Shrug It Off","Inflame"],"campfire_rested":3,"item_purchase_floors":[20,20],"current_hp_per_floor":[73,61,60,49,47,47,35,35,35,35,15,12,34,40,40,27,63,48,26,26,16,22,46,55,55,55,63,63,36,36,39,66,0],"gold":222,"neow_bonus":"UPGRADE_CARD","is_prod":false,"is_daily":false,"chose_seed":false,"campfire_upgraded":6,"win_rate":0,"timestamp":1554838704,"path_taken":["M","M","M","?","M","R","E","R","T","R","E","M","R","?","R","BOSS","M","M","$","M","M","R","M","?","T","E","R","E","R","?","R","BOSS"],"build_version":"2019-01-23","purchased_purges":1,"victory":false,"max_hp_per_floor":[75,75,75,75,75,75,75,75,75,75,75,75,75,75,75,75,75,75,78,78,78,81,81,84,84,84,87,87,90,90,93,93,93],"card_choices":[{"not_picked":["Pommel Strike","Heavy Blade"],"picked":"Feel No Pain","floor":1.0},{"not_picked":["Heavy Blade","Cleave"],"picked":"Disarm","floor":2.0},{"not_picked":["Warcry","Flex"],"picked":"Sword Boomerang","floor":3.0},{"not_picked":["Armaments","Ghostly Armor"],"picked":"Flame Barrier","floor":5.0},{"not_picked":["Double Tap","Sword Boomerang"],"picked":"Feel No Pain","floor":7.0},{"not_picked":["Heavy Blade","Rupture","Sentinel"],"picked":"SKIP","floor":11.0},{"not_picked":["Uppercut","Combust"],"picked":"Disarm","floor":12.0},{"not_picked":["True Grit","Wild Strike"],"picked":"Headbutt","floor":14.0},{"not_picked":["Offering","Exhume"],"picked":"Feed","floor":16.0},{"not_picked":["Clash","Sword Boomerang","Entrench"],"picked":"SKIP","floor":18},{"not_picked":["Cleave","Hemokinesis"],"picked":"Ghostly Armor","floor":19},{"not_picked":["Evolve","Rupture"],"picked":"Twin Strike","floor":21},{"not_picked":["Flex","Bloodletting+1"],"picked":"Inflame","floor":22},{"not_picked":["Body Slam","Cleave"],"picked":"Flex","floor":24},{"not_picked":["Searing Blow","Feed"],"picked":"Reaper","floor":27},{"not_picked":["Twin Strike","Perfected Strike","Evolve"],"picked":"SKIP","floor":29},{"not_picked":["Twin Strike","Perfected Strike","Evolve"],"picked":"SKIP","floor":29},{"not_picked":["Twin Strike+1","Warcry"],"picked":"Pommel Strike+1","floor":31}],"player_experience":1096692,"relics_obtained":[{"floor":7.0,"key":"Oddly Smooth Stone"},{"floor":11.0,"key":"Happy Flower"},{"floor":26,"key":"Bird Faced Urn"},{"floor":27,"key":"Ornamental Fan"},{"floor":29,"key":"Molten Egg 2"}],"event_choices":[{"damage_healed":0.0,"max_hp_gain":0.0,"max_hp_loss":0.0,"gold_gain":0.0,"event_name":"Wheel of Change","player_choice":"Damaged","floor":4.0,"gold_loss":0.0,"damage_taken":11.0},{"damage_healed":0,"gold_gain":0,"player_choice":"Got Potions","damage_taken":0,"max_hp_gain":0,"max_hp_loss":0,"event_name":"Lab","floor":25,"gold_loss":0}],"is_beta":false,"boss_relics":[{"not_picked":["Tiny House","Runic Cube"],"picked":"Runic Pyramid"}],"items_purged_floors":[20],"is_endless":false,"potions_floor_spawned":[2,3,14,16,18,21,24,31],"killed_by":"Champ","ascension_level":20}