{"gold_per_floor":[215,290,308,38,38,65,65,93,93,122,122,133,150,173,173,247,247,262,112,112,132,146,146,175,175,175,207,224,224,243,270,270,343,343,362,376,25,45,61,89,89,0,23,38,38,57,70,88,88,88,88,88,88,37,65,65],"floor_reached":57,"playtime":5246,"items_purged":["Strike_G","Slice+1"],"score":2728,"play_id":"68cc9a4f-9687-438e-bc74-324abc1992d8","local_time":"20190418003334","is_ascension_mode":true,"campfire_choices":[{"floor":7,"key":"REST"},{"floor":11,"key":"REST"},{"data":"Neutralize","floor":15,"key":"SMITH"},{"data":"Wraith Form v2","floor":23,"key":"SMITH"},{"data":"Bouncing Flask","floor":25,"key":"SMITH"},{"floor":29,"key":"REST"},{"floor":32,"key":"REST"},{"floor":41,"key":"REST"},{"floor":45,"key":"REST"},{"floor":49,"key":"RECALL"},{"floor":53,"key":"REST"}],"neow_cost":"NONE","seed_source_timestamp":42392804621834,"circlet_count":0,"master_deck":["AscendersBane","Defend_G","Defend_G","Defend_G","Defend_G","Defend_G","Survivor","Neutralize+1","Infinite Blades","Poisoned Stab","Well Laid Plans","Deadly Poison","Poisoned Stab","PiercingWail","Wraith Form v2+1","Bouncing Flask+1","Escape Plan","Backflip","Calculated Gamble","Dash","Deadly Poison","Calculated Gamble","Footwork+1","Well Laid Plans","Corpse Explosion","Dagger Spray+1","Dagger Spray+1","Escape Plan","Leg Sweep","PiercingWail","Night Terror","Backflip","Deflect+1","Acrobatics"],"relics":["Ring of the Snake","OrangePellets","Anchor","Darkstone Periapt","Mercury Hourglass","Boot","Odd Mushroom","Sozu","Dream Catcher","Torii","Ancient Tea Set","Astrolabe","Bag of Marbles","Art of War","Red Mask","Oddly Smooth Stone"],"potions_floor_usage":[6,16,24],"damage_taken":[{"damage":3,"enemies":"Small Slimes","floor":1,"turns":4},{"damage":1,"enemies":"2 Louse","floor":3,"turns":3},{"damage":36,"enemies":"Lagavulin","floor":6,"turns":8},{"damage":34,"enemies":"3 Sentries","floor":8,"turns":11},{"damage":7,"enemies":"Lagavulin","floor":10,"turns":6},{"damage":0,"enemies":"Jaw Worm","floor":12,"turns":3},{"damage":1,"enemies":"Exordium Wildlife","floor":13,"turns":4},{"damage":0,"enemies":"The Mushroom Lair","floor":14,"turns":3},{"damage":9,"enemies":"Hexaghost","floor":16,"turns":8},{"damage":19,"enemies":"Chosen","floor":18,"turns":5},{"damage":2,"enemies":"2 Thieves","floor":21,"turns":5},{"damage":0,"enemies":"Snake Plant","floor":22,"turns":4},{"damage":11,"enemies":"Gremlin Leader","floor":24,"turns":9},{"damage":2,"enemies":"Slavers","floor":27,"turns":6},{"damage":9,"enemies":"Centurion and Healer","floor":28,"turns":6},{"damage":0,"enemies":"Sentry and Sphere","floor":30,"turns":5},{"damage":0,"enemies":"Gremlin Leader","floor":31,"turns":7},{"damage":11,"enemies":"Champ","floor":33,"turns":11},{"damage":0,"enemies":"3 Shapes","floor":35,"turns":5},{"damage":0,"enemies":"3 Darklings","floor":36,"turns":3},{"damage":7,"enemies":"Writhing Mass","floor":38,"turns":8},{"damage":9,"enemies":"4 Shapes","floor":39,"turns":4},{"damage":49,"enemies":"Giant Head","floor":40,"turns":11},{"damage":0,"enemies":"3 Darklings","floor":44,"turns":2},{"damage":1,"enemies":"Writhing Mass","floor":46,"turns":6},{"damage":0,"enemies":"Maw","floor":47,"turns":7},{"damage":7,"enemies":"Transient","floor":48,"turns":6},{"damage":23,"enemies":"Awakened One","floor":50,"turns":22},{"damage":12,"enemies":"Donu and Deca","floor":51,"turns":9},{"damage":22,"enemies":"Shield and Spear","floor":55,"turns":9},{"damage":47,"enemies":"The Heart","floor":56,"turns":17}],"seed_played":"2903740807275009944","potions_obtained":[{"floor":1,"key":"Regen Potion"},{"floor":12,"key":"Energy Potion"},{"floor":13,"key":"Poison Potion"},{"floor":14,"key":"Regen Potion"}],"is_trial":false,"path_per_floor":["M","?","M","$","?","E","R","E","T","E","R","M","M","?","R","B",null,"M","$","?","M","M","R","E","R","T","E","M","R","M","E","R","B",null,"M","M","$","M","M","E","R","?","T","M","R","M","M","M","R","B","B",null,"R","$","E","B",null],"character_chosen":"THE_SILENT","items_purchased":["OrangePellets","Well Laid Plans","Bouncing Flask","Bag of Marbles","Leg Sweep","Acrobatics"],"campfire_rested":7,"item_purchase_floors":[4,4,19,37,37,54],"current_hp_per_floor":[56,45,44,44,49,28,49,15,15,8,29,29,28,28,28,19,58,39,39,39,37,37,37,41,41,41,39,30,51,51,51,71,60,68,68,68,68,61,52,3,24,24,24,24,45,44,44,37,37,14,2,54,71,71,49,2],"gold":65,"neow_bonus":"HUNDRED_GOLD","is_prod":false,"is_daily":false,"chose_seed":false,"campfire_upgraded":3,"win_rate":0,"timestamp":1555540414,"path_taken":["M","?","M","$","?","E","R","E","T","E","R","M","M","?","R","BOSS","M","$","?","M","M","R","E","R","T","E","M","R","M","E","R","BOSS","M","M","$","M","M","E","R","?","T","M","R","M","M","M","R","BOSS","BOSS","R","$","E","BOSS"],"build_version":"2019-01-23","purchased_purges":2,"victory":true,"max_hp_per_floor":[66,66,66,66,71,71,71,71,71,71,71,71,71,71,71,71,71,71,71,71,71,71,71,71,71,71,71,71,71,71,71,71,71,71,71,71,71,71,71,71,71,71,71,71,71,71,71,71,71,71,71,71,71,71,71,71],"card_choices":[{"not_picked":["Dodge and Roll","Underhanded Strike"],"picked":"Infinite Blades","floor":1},{"not_picked":["Flying Knee","Blade Dance"],"picked":"Poisoned Stab","floor":3},{"not_picked":["Deflect","Slice","Prepared"],"picked":"SKIP","floor":6},{"not_picked":["Venomology","Concentrate"],"picked":"Deadly Poison","floor":8},{"not_picked":["Unload","Masterful Stab"],"picked":"Poisoned Stab","floor":10},{"not_picked":["Endless Agony","Infinite Blades","Slice"],"picked":"SKIP","floor":12},{"not_picked":["Quick Slash","Choke"],"picked":"Backstab","floor":13},{"not_picked":["Concentrate","Backflip"],"picked":"PiercingWail","floor":14},{"not_picked":["Malaise","Grand Finale"],"picked":"Wraith Form v2","floor":16},{"not_picked":["Predator","Dagger Throw","Slice"],"picked":"SKIP","floor":18},{"not_picked":["Dagger Throw","Poisoned Stab"],"picked":"Calculated Gamble","floor":21},{"not_picked":["Concentrate","Bane"],"picked":"Dash","floor":22},{"not_picked":["Accuracy","Tactician+1","Concentrate"],"picked":"SKIP","floor":24},{"not_picked":["Finisher","Quick Slash","Storm of Steel"],"picked":"SKIP","floor":27},{"not_picked":["Acrobatics","Outmaneuver"],"picked":"Deadly Poison","floor":28},{"not_picked":["Blade Dance","Deadly Poison"],"picked":"Calculated Gamble","floor":29},{"not_picked":["Reflex","Cloak And Dagger"],"picked":"Footwork+1","floor":30},{"not_picked":["Prepared","Slice","Outmaneuver+1"],"picked":"SKIP","floor":31},{"not_picked":["Slice+1","Endless Agony"],"picked":"Well Laid Plans","floor":32},{"not_picked":["Glass Knife","Unload"],"picked":"Corpse Explosion","floor":33},{"not_picked":["Prepared","Predator","Sucker Punch"],"picked":"SKIP","floor":35},{"not_picked":["Dash","Well Laid Plans+1"],"picked":"Escape Plan","floor":36},{"not_picked":["Reflex","Terror+1","Underhanded Strike+1"],"picked":"SKIP","floor":38},{"not_picked":["Reflex","Terror+1","Underhanded Strike+1"],"picked":"SKIP","floor":38},{"not_picked":["Concentrate","Doppelganger"],"picked":"PiercingWail","floor":39},{"not_picked":["Dodge and Roll+1","Prepared"],"picked":"Night Terror","floor":40},{"not_picked":["Flying Knee","Acrobatics"],"picked":"Backflip","floor":41},{"not_picked":["Poisoned Stab","Slice","Heel Hook"],"picked":"SKIP","floor":44},{"not_picked":["Quick Slash","Choke+1"],"picked":"Deflect+1","floor":45},{"not_picked":["Quick Slash+1","Slice+1","Underhanded Strike+1"],"picked":"SKIP","floor":46},{"not_picked":["Bane","Poisoned Stab","Distraction"],"picked":"SKIP","floor":47},{"not_picked":["Accuracy","Caltrops","Outmaneuver"],"picked":"SKIP","floor":48},{"not_picked":["Dagger Throw","Envenom","Slice"],"picked":"SKIP","floor":55}],"player_experience":1167702,"relics_obtained":[{"floor":6,"key":"Anchor"},{"floor":8,"key":"Darkstone Periapt"},{"floor":9,"key":"Mercury Hourglass"},{"floor":10,"key":"Boot"},{"floor":14,"key":"Odd Mushroom"},{"floor":26,"key":"Dream Catcher"},{"floor":27,"key":"Torii"},{"floor":31,"key":"Ancient Tea Set"},{"floor":40,"key":"Art of War"},{"floor":55,"key":"Oddly Smooth Stone"}],"event_choices":[{"damage_healed":0,"gold_gain":75,"player_choice":"Gather Gold","damage_taken":11,"max_hp_gain":0,"max_hp_loss":0,"event_name":"World of Goop","floor":2,"gold_loss":0},{"damage_healed":0,"gold_gain":0,"player_choice":"Donut","damage_taken":0,"max_hp_gain":5,"max_hp_loss":0,"event_name":"Big Fish","floor":5,"gold_loss":0},{"damage_healed":0,"gold_gain":0,"player_choice":"Fought Mushrooms","damage_taken":0,"max_hp_gain":0,"max_hp_loss":0,"event_name":"Mushrooms","floor":14,"gold_loss":0},{"damage_healed":0,"gold_gain":0,"cards_transformed":["Strike_G","Strike_G"],"player_choice":"Became Test Subject","damage_taken":0,"max_hp_gain":0,"max_hp_loss":0,"event_name":"Drug Dealer","floor":20,"gold_loss":0,"cards_obtained":["Escape Plan","Backflip"]},{"damage_healed":0,"gold_gain":0,"player_choice":"Paid","damage_taken":0,"relics_obtained":["Red Mask"],"max_hp_gain":0,"max_hp_loss":0,"event_name":"Tomb of Lord Red Mask","floor":42,"gold_loss":89}],"is_beta":false,"boss_relics":[{"not_picked":["WristBlade","Snecko Eye"],"picked":"Sozu"},{"not_picked":["Black Star","Busted Crown"],"picked":"Astrolabe"}],"items_purged_floors":[19,37],"is_endless":false,"potions_floor_spawned":[1,12,13,14,22,27,28,30,31,33,36,40,47,55],"ascension_level":20}