{"gold_per_floor":[111,111,111,111,123,151,151,184,184,184,109,136,136,86,86,185,185,203,203,203,27,39,39,68,68,94,19,19,53,53,81,81,177,177,188,44,64,64,80,80,112,131,154,187,187,187,203,78,78,78],"floor_reached":51,"playtime":2663,"items_purged":["Strike_R","Strike_R","Strike_R"],"score":1312,"play_id":"43735ca5-c7bf-4d92-bd9f-da5f48608d3a","local_time":"20190503162628","is_ascension_mode":true,"campfire_choices":[{"data":"Whirlwind","floor":7.0,"key":"SMITH"},{"data":"Rampage","floor":10.0,"key":"SMITH"},{"data":"Shockwave","floor":13.0,"key":"SMITH"},{"data":"Defend_R","floor":15.0,"key":"SMITH"},{"floor":23.0,"key":"REST"},{"data":"Demon Form","floor":25.0,"key":"SMITH"},{"floor":28.0,"key":"REST"},{"data":"Battle Trance","floor":32.0,"key":"SMITH"},{"floor":40,"key":"REST"},{"floor":46,"key":"REST"},{"floor":49,"key":"REST"}],"neow_cost":"NONE","seed_source_timestamp":1300184609302922,"circlet_count":0,"master_deck":["AscendersBane","Defend_R+1","Defend_R+1","Defend_R+1","Bash+1","Dropkick","Whirlwind+1","Feel No Pain","Rampage+1","Shockwave+1","Demon Form+1","Rampage+1","Reckless Charge+1","Cleave+1","Shrug It Off+1","Battle Trance+1","Barricade","Evolve+1","Uppercut+1","Shrug It Off+1"],"special_seed":0,"relics":["Black Blood","NeowsBlessing","Juzu Bracelet","FaceOfCleric","StoneCalendar","Centennial Puzzle","Lantern","Molten Egg 2","Nilry\u0027s Codex","Matryoshka","Boot","Anchor","Torii","Pear","Philosopher\u0027s Stone","Omamori","Pen Nib","Blood Vial","War Paint","Bag of Marbles"],"potions_floor_usage":[35,37,41,50],"damage_taken":[{"damage":0.0,"enemies":"Cultist","floor":1.0,"turns":1.0},{"damage":0.0,"enemies":"Small Slimes","floor":5.0,"turns":1.0},{"damage":0.0,"enemies":"Lagavulin","floor":6.0,"turns":1.0},{"damage":16.0,"enemies":"3 Sentries","floor":8.0,"turns":6.0},{"damage":14.0,"enemies":"Lagavulin","floor":12.0,"turns":6.0},{"damage":22.0,"enemies":"The Guardian","floor":16.0,"turns":9.0},{"damage":24.0,"enemies":"Shell Parasite","floor":18.0,"turns":5.0},{"damage":13.0,"enemies":"Spheric Guardian","floor":22.0,"turns":4.0},{"damage":39.0,"enemies":"Book of Stabbing","floor":24.0,"turns":7.0},{"damage":6.0,"enemies":"Gremlin Leader","floor":29.0,"turns":5.0},{"damage":11.0,"enemies":"Slavers","floor":31.0,"turns":6.0},{"damage":38.0,"enemies":"Collector","floor":33.0,"turns":8.0},{"damage":36,"enemies":"3 Darklings","floor":35,"turns":7},{"damage":2,"enemies":"3 Shapes","floor":37,"turns":4},{"damage":45,"enemies":"Transient","floor":39,"turns":5},{"damage":38,"enemies":"Reptomancer","floor":41,"turns":6},{"damage":28,"enemies":"3 Darklings","floor":42,"turns":5},{"damage":28,"enemies":"Nemesis","floor":44,"turns":5},{"damage":10,"enemies":"Maw","floor":47,"turns":6},{"damage":61,"enemies":"Time Eater","floor":50,"turns":7}],"seed_played":"2922602183657304038","potions_obtained":[{"floor":5.0,"key":"EssenceOfSteel"},{"floor":18.0,"key":"Weak Potion"},{"floor":29.0,"key":"BloodPotion"},{"floor":33.0,"key":"SpeedPotion"},{"floor":35,"key":"Swift Potion"},{"floor":42,"key":"FairyPotion"},{"floor":47,"key":"Explosive Potion"}],"is_trial":false,"path_per_floor":["M","T","?","?","M","E","R","E","T","R","$","E","R","?","R","B",null,"M","?","?","$","M","R","E","R","T","?","R","E","$","E","R","B",null,"M","$","M","?","M","R","E","M","T","E","?","R","M","$","R","B",null],"character_chosen":"IRONCLAD","items_purchased":["Reckless Charge+1","Omamori"],"campfire_rested":5,"item_purchase_floors":[21,36],"current_hp_per_floor":[78,78,78,62,69,76,76,67,67,67,67,60,60,60,60,45,75,62,62,46,46,44,70,42,42,42,42,68,73,73,83,83,56,90,65,65,74,100,66,97,80,63,63,48,48,80,83,83,108,58],"gold":78,"neow_bonus":"THREE_ENEMY_KILL","is_prod":false,"is_daily":false,"chose_seed":false,"campfire_upgraded":6,"win_rate":0,"timestamp":1556911588,"path_taken":["M","?","?","?","M","E","R","E","T","R","$","E","R","?","R","BOSS","M","?","?","$","M","R","E","R","T","?","R","E","?","E","R","BOSS","M","$","M","?","M","R","E","M","T","E","?","R","M","$","R","BOSS"],"build_version":"2019-01-23","purchased_purges":3,"victory":true,"max_hp_per_floor":[80,80,80,80,81,82,82,83,83,83,83,84,84,84,84,85,85,86,86,86,86,87,87,88,88,88,88,88,89,89,100,100,101,101,102,102,103,103,104,104,105,106,106,107,107,107,108,108,108,109],"card_choices":[{"not_picked":["Perfected Strike","Iron Wave"],"picked":"Dropkick","floor":1.0},{"not_picked":["Burning Pact","Warcry"],"picked":"Whirlwind","floor":5.0},{"not_picked":["Pummel","Seeing Red"],"picked":"Feel No Pain","floor":6.0},{"not_picked":["True Grit","Clash"],"picked":"Rampage","floor":8.0},{"not_picked":["Entrench","Burning Pact"],"picked":"Shockwave","floor":12.0},{"not_picked":["Brutality","Exhume"],"picked":"Demon Form","floor":16.0},{"not_picked":["Twin Strike+1","Whirlwind+1"],"picked":"Rampage+1","floor":18.0},{"not_picked":["Searing Blow+1","Entrench","Fire Breathing"],"picked":"SKIP","floor":22.0},{"not_picked":["Entrench","Pommel Strike+1"],"picked":"Cleave+1","floor":24.0},{"not_picked":["Power Through","Carnage+1"],"picked":"Shrug It Off+1","floor":29.0},{"not_picked":["Pommel Strike+1","True Grit"],"picked":"Battle Trance","floor":31.0},{"not_picked":["Double Tap","Reaper+1"],"picked":"Barricade","floor":33.0},{"not_picked":["Warcry","True Grit","Clash+1"],"picked":"SKIP","floor":35},{"not_picked":["Thunderclap+1","Clash+1"],"picked":"Evolve+1","floor":37},{"not_picked":["Perfected Strike+1","Clothesline+1","Carnage+1"],"picked":"SKIP","floor":39},{"not_picked":["Anger+1","Iron Wave+1"],"picked":"Uppercut+1","floor":41},{"not_picked":["Rupture","Twin Strike+1","Battle Trance"],"picked":"SKIP","floor":42},{"not_picked":["True Grit","Warcry"],"picked":"Shrug It Off+1","floor":44},{"not_picked":["Rage","Flex","Rupture+1"],"picked":"SKIP","floor":47}],"player_experience":690544,"relics_obtained":[{"floor":2.0,"key":"Juzu Bracelet"},{"floor":6.0,"key":"StoneCalendar"},{"floor":8.0,"key":"Centennial Puzzle"},{"floor":9.0,"key":"Lantern"},{"floor":12.0,"key":"Molten Egg 2"},{"floor":20.0,"key":"Nilry\u0027s Codex"},{"floor":24.0,"key":"Matryoshka"},{"floor":26.0,"key":"Boot"},{"floor":26.0,"key":"Anchor"},{"floor":29.0,"key":"Torii"},{"floor":31.0,"key":"Pear"},{"floor":41,"key":"Pen Nib"},{"floor":43,"key":"Blood Vial"},{"floor":43,"key":"War Paint"},{"floor":44,"key":"Bag of Marbles"}],"event_choices":[{"damage_healed":0.0,"max_hp_gain":0.0,"max_hp_loss":0.0,"gold_gain":0.0,"event_name":"FaceTrader","player_choice":"Trade","floor":3.0,"gold_loss":0.0,"damage_taken":0.0,"relics_obtained":["FaceOfCleric"]},{"damage_healed":0.0,"max_hp_gain":0.0,"max_hp_loss":0.0,"gold_gain":0.0,"event_name":"Shining Light","player_choice":"Entered Light","floor":4.0,"gold_loss":0.0,"damage_taken":16.0,"cards_upgraded":["Defend_R","Bash"]},{"cards_removed":["Strike_R"],"damage_healed":0.0,"max_hp_gain":0.0,"max_hp_loss":0.0,"gold_gain":0.0,"event_name":"The Cleric","player_choice":"Card Removal","floor":14.0,"gold_loss":50.0,"damage_taken":0.0},{"damage_healed":0.0,"max_hp_gain":0.0,"max_hp_loss":0.0,"gold_gain":0.0,"event_name":"Ghosts","player_choice":"Ignored","floor":19.0,"gold_loss":0.0,"damage_taken":0.0},{"damage_healed":0.0,"max_hp_gain":0.0,"max_hp_loss":0.0,"gold_gain":0.0,"event_name":"Cursed Tome","player_choice":"Obtained Book","floor":20.0,"gold_loss":0.0,"damage_taken":16.0},{"cards_removed":["Strike_R"],"damage_healed":0.0,"max_hp_gain":0.0,"max_hp_loss":0.0,"gold_gain":0.0,"event_name":"Beggar","player_choice":"Gave Gold","floor":27.0,"gold_loss":75.0,"damage_taken":0.0},{"damage_healed":26,"gold_gain":0,"player_choice":"Writhe","damage_taken":0,"max_hp_gain":0,"max_hp_loss":0,"event_name":"Winding Halls","floor":38,"gold_loss":0,"cards_obtained":["Writhe"]},{"cards_removed":["Defend_R"],"damage_healed":0,"gold_gain":0,"player_choice":"Removed Skill","damage_taken":0,"max_hp_gain":0,"max_hp_loss":0,"event_name":"Falling","floor":45,"gold_loss":0}],"is_beta":false,"boss_relics":[{"not_picked":["Sozu","Astrolabe"],"picked":"Black Blood"},{"not_picked":["Runic Dome","White Beast Statue"],"picked":"Philosopher\u0027s Stone"}],"items_purged_floors":[11,21,48],"is_endless":false,"potions_floor_spawned":[5,18,29,33,35,42,47],"ascension_level":12}