{"gold_per_floor":[112,112,123,137,155,183,199,69,69,69,103,122,122,138,138,212,212,223,223,138,148,59,59,86,86,139,165,182,41,54,68,68,145,145,156,167,167,179,195,221,12,28,28,44,44,44,56,85,85,85,85,85,85,85,115,115],"floor_reached":57,"playtime":3223,"items_purged":["Strike_G","Injury","Grand Finale"],"score":3211,"play_id":"21045a1d-a5d9-46fb-b715-bc6f8d0d1a27","local_time":"20190615214956","is_ascension_mode":true,"campfire_choices":[{"data":"Crippling Poison","floor":10.0,"key":"SMITH"},{"data":"Catalyst","floor":13.0,"key":"SMITH"},{"data":"Catalyst","floor":15.0,"key":"SMITH"},{"data":"Well Laid Plans","floor":23.0,"key":"SMITH"},{"floor":25.0,"key":"REST"},{"data":"Burst","floor":32.0,"key":"SMITH"},{"data":"Wraith Form v2","floor":45.0,"key":"SMITH"},{"floor":49.0,"key":"RECALL"},{"data":"Backflip","floor":53.0,"key":"SMITH"}],"neow_cost":"TEN_PERCENT_HP_LOSS","seed_source_timestamp":33477273499098,"circlet_count":0,"master_deck":["AscendersBane","Survivor","Neutralize","Poisoned Stab","Catalyst+1","Dagger Throw","Crippling Poison+1","Catalyst+1","Backflip+1","PiercingWail","Deadly Poison","Tools of the Trade","Burst+1","Well Laid Plans+1","Blur+1","Catalyst+1","Noxious Fumes","Adrenaline+1","Acrobatics+1","Terror+1","Storm of Steel+1","Flechettes","Finisher","Wraith Form v2+1","Acrobatics+1","PiercingWail+1","Dodge and Roll+1","Crippling Poison+1","Master of Strategy+1","Backflip+1","Calculated Gamble+1"],"special_seed":0,"relics":["Ring of the Snake","Pocketwatch","NlothsMask","Nunchaku","Question Card","Cursed Key","Pear","Lantern","Toxic Egg 2","Pandora\u0027s Box","Torii","Meat on the Bone","Ninja Scroll"],"potions_floor_usage":[],"damage_taken":[{"damage":7.0,"enemies":"Small Slimes","floor":1.0,"turns":4.0},{"damage":0.0,"enemies":"Cultist","floor":3.0,"turns":4.0},{"damage":0.0,"enemies":"2 Louse","floor":4.0,"turns":4.0},{"damage":1.0,"enemies":"Exordium Wildlife","floor":5.0,"turns":4.0},{"damage":9.0,"enemies":"Gremlin Nob","floor":6.0,"turns":4.0},{"damage":2.0,"enemies":"Red Slaver","floor":7.0,"turns":8.0},{"damage":12.0,"enemies":"Lagavulin","floor":11.0,"turns":5.0},{"damage":13.0,"enemies":"Lots of Slimes","floor":12.0,"turns":3.0},{"damage":0.0,"enemies":"3 Louse","floor":14.0,"turns":3.0},{"damage":0.0,"enemies":"Hexaghost","floor":16.0,"turns":7.0},{"damage":7.0,"enemies":"Shell Parasite","floor":18.0,"turns":3.0},{"damage":11.0,"enemies":"2 Thieves","floor":21.0,"turns":3.0},{"damage":24.0,"enemies":"Slavers","floor":24.0,"turns":6.0},{"damage":0.0,"enemies":"Book of Stabbing","floor":27.0,"turns":2.0},{"damage":9.0,"enemies":"Snake Plant","floor":28.0,"turns":4.0},{"damage":1.0,"enemies":"3 Cultists","floor":30.0,"turns":5.0},{"damage":0.0,"enemies":"Snecko","floor":31.0,"turns":2.0},{"damage":0.0,"enemies":"Champ","floor":33.0,"turns":2.0},{"damage":7.0,"enemies":"3 Darklings","floor":35.0,"turns":4.0},{"damage":0.0,"enemies":"Orb Walker","floor":36.0,"turns":1.0},{"damage":28.0,"enemies":"Spire Growth","floor":38.0,"turns":3.0},{"damage":0.0,"enemies":"4 Shapes","floor":39.0,"turns":4.0},{"damage":0.0,"enemies":"Giant Head","floor":40.0,"turns":2.0},{"damage":0.0,"enemies":"Sphere and 2 Shapes","floor":42.0,"turns":3.0},{"damage":0.0,"enemies":"Jaw Worm Horde","floor":44.0,"turns":3.0},{"damage":0.0,"enemies":"Writhing Mass","floor":47.0,"turns":2.0},{"damage":6.0,"enemies":"Reptomancer","floor":48.0,"turns":2.0},{"damage":0.0,"enemies":"Time Eater","floor":50.0,"turns":4.0},{"damage":0.0,"enemies":"Donu and Deca","floor":51.0,"turns":6.0},{"damage":1,"enemies":"Shield and Spear","floor":55,"turns":4},{"damage":13,"enemies":"The Heart","floor":56,"turns":6}],"seed_played":"4413494041045303994","potions_obtained":[{"floor":4.0,"key":"GhostInAJar"},{"floor":7.0,"key":"SteroidPotion"},{"floor":11.0,"key":"Weak Potion"},{"floor":12.0,"key":"EssenceOfSteel"},{"floor":21.0,"key":"SteroidPotion"},{"floor":24.0,"key":"Explosive Potion"},{"floor":28.0,"key":"GhostInAJar"},{"floor":35.0,"key":"PowerPotion"}],"is_trial":false,"path_per_floor":["M","?","M","M","M","E","M","$","T","R","E","M","R","M","R","B",null,"M","?","?","M","$","R","E","R","T","E","M","$","M","M","R","B",null,"M","M","?","M","M","E","$","M","T","M","R","?","M","E","R","B","B",null,"R","$","E","B",null],"character_chosen":"THE_SILENT","items_purchased":["Backflip","Well Laid Plans","Noxious Fumes","GhostInAJar"],"campfire_rested":1,"item_purchase_floors":[8,22,29,41],"current_hp_per_floor":[52,52,52,52,51,42,40,40,40,40,28,15,15,15,15,15,49,42,42,52,41,41,41,17,38,38,38,29,29,28,28,28,28,60,53,53,53,25,25,25,25,25,25,25,25,25,25,19,19,31,43,60,60,60,59,46],"gold":115,"neow_bonus":"ONE_RARE_RELIC","is_prod":false,"is_daily":false,"chose_seed":false,"campfire_upgraded":7,"win_rate":0,"timestamp":1560628196,"path_taken":["M","?","?","?","M","E","M","$","T","R","E","M","R","M","R","BOSS","M","?","?","?","?","R","E","R","T","E","M","$","M","M","R","BOSS","M","?","?","M","M","E","?","?","T","M","R","?","M","E","R","BOSS","BOSS","R","$","E","BOSS"],"build_version":"2019-01-23","purchased_purges":3,"victory":true,"max_hp_per_floor":[60,60,60,60,60,60,60,60,60,60,60,60,60,60,60,60,60,60,60,70,70,70,70,70,70,70,70,70,70,70,70,70,70,70,70,70,66,66,66,66,66,66,66,66,66,66,66,66,66,66,66,66,66,66,66,66],"card_choices":[{"not_picked":["Backflip","Infinite Blades","Dodge and Roll"],"picked":"SKIP","floor":1.0},{"not_picked":["Quick Slash","Escape Plan"],"picked":"Poisoned Stab","floor":3.0},{"not_picked":["Acrobatics","Underhanded Strike"],"picked":"Catalyst","floor":4.0},{"not_picked":["Eviscerate","Masterful Stab"],"picked":"Dagger Throw","floor":5.0},{"not_picked":["Flying Knee","Poisoned Stab"],"picked":"Crippling Poison","floor":6.0},{"not_picked":["Outmaneuver","Distraction"],"picked":"Catalyst","floor":7.0},{"not_picked":["Riddle With Holes","Caltrops","Underhanded Strike"],"picked":"SKIP","floor":11.0},{"not_picked":["Dash","Reflex","Deflect"],"picked":"PiercingWail","floor":12.0},{"not_picked":["Quick Slash","A Thousand Cuts","Infinite Blades","Deflect"],"picked":"SKIP","floor":14.0},{"not_picked":["Poisoned Stab","Quick Slash","Flying Knee"],"picked":"Deadly Poison","floor":18.0},{"not_picked":["Dagger Throw","Deflect","Flying Knee+1","Reflex"],"picked":"SKIP","floor":21.0},{"not_picked":["Outmaneuver","Masterful Stab","Dodge and Roll","Sucker Punch"],"picked":"SKIP","floor":24.0},{"not_picked":["Dagger Spray","Quick Slash","Prepared"],"picked":"Blur","floor":27.0},{"not_picked":["Bane","Terror+1","Sucker Punch"],"picked":"Catalyst+1","floor":28.0},{"not_picked":["Flying Knee","Dagger Throw","Blade Dance+1","Eviscerate"],"picked":"SKIP","floor":30.0},{"not_picked":["Blade Dance+1","Sucker Punch+1","Deadly Poison+1","Acrobatics+1"],"picked":"SKIP","floor":31.0},{"not_picked":["Grand Finale","After Image","Glass Knife"],"picked":"Adrenaline+1","floor":33.0},{"not_picked":["All Out Attack","Quick Slash","Noxious Fumes"],"picked":"Acrobatics+1","floor":35.0},{"not_picked":["Riddle With Holes","Underhanded Strike+1","Deadly Poison+1"],"picked":"PiercingWail+1","floor":36.0},{"not_picked":["Bane","Cloak And Dagger+1","Masterful Stab","Prepared+1"],"picked":"SKIP","floor":38.0},{"not_picked":["Concentrate+1","Prepared+1","Dagger Throw","Storm of Steel+1"],"picked":"SKIP","floor":39.0},{"not_picked":["Glass Knife","All Out Attack","Cloak And Dagger+1"],"picked":"Dodge and Roll+1","floor":40.0},{"not_picked":["Well Laid Plans","Dagger Spray+1","Deflect+1","Slice"],"picked":"SKIP","floor":42.0},{"not_picked":["Blade Dance+1","Heel Hook+1","Prepared+1"],"picked":"Crippling Poison+1","floor":44.0},{"not_picked":["Bandage Up+1","PanicButton+1","Thinking Ahead+1"],"picked":"Master of Strategy+1","floor":46.0},{"not_picked":["Infinite Blades+1","Quick Slash+1","Dagger Spray","Outmaneuver+1"],"picked":"SKIP","floor":47.0},{"not_picked":["Deflect+1","Cloak And Dagger+1","Blade Dance+1"],"picked":"Backflip+1","floor":48.0},{"not_picked":["Reflex+1","Dagger Throw","Backstab+1"],"picked":"Calculated Gamble+1","floor":55}],"player_experience":1363568,"relics_obtained":[{"floor":6.0,"key":"Nunchaku"},{"floor":11.0,"key":"Question Card"},{"floor":24.0,"key":"Lantern"},{"floor":27.0,"key":"Toxic Egg 2"},{"floor":40.0,"key":"Torii"},{"floor":48.0,"key":"Meat on the Bone"},{"floor":55,"key":"Ninja Scroll"}],"event_choices":[{"damage_healed":0.0,"max_hp_gain":0.0,"max_hp_loss":0.0,"gold_gain":0.0,"event_name":"FaceTrader","player_choice":"Trade","floor":2.0,"gold_loss":0.0,"damage_taken":0.0,"relics_obtained":["NlothsMask"]},{"damage_healed":0.0,"max_hp_gain":0.0,"max_hp_loss":0.0,"gold_gain":0.0,"cards_transformed":["Strike_G","Strike_G"],"event_name":"Drug Dealer","player_choice":"Became Test Subject","floor":19.0,"gold_loss":0.0,"damage_taken":0.0,"cards_obtained":["Tools of the Trade","Burst"]},{"damage_healed":0.0,"max_hp_gain":0.0,"max_hp_loss":0.0,"gold_gain":0.0,"event_name":"Addict","player_choice":"Obtained Relic","floor":20.0,"gold_loss":85.0,"damage_taken":0.0,"relics_obtained":["Pear"]},{"damage_healed":0.0,"max_hp_gain":0.0,"max_hp_loss":4.0,"gold_gain":0.0,"event_name":"Winding Halls","player_choice":"Max HP","floor":37.0,"gold_loss":0.0,"damage_taken":0.0},{"damage_healed":0.0,"max_hp_gain":0.0,"max_hp_loss":0.0,"gold_gain":0.0,"event_name":"SensoryStone","player_choice":"Memory 1","floor":46.0,"gold_loss":0.0,"damage_taken":0.0}],"is_beta":false,"boss_relics":[{"not_picked":["Runic Dome","HoveringKite"],"picked":"Cursed Key"},{"not_picked":["Eternal Feather","Runic Pyramid"],"picked":"Pandora\u0027s Box"}],"items_purged_floors":[8,29,41],"is_endless":false,"potions_floor_spawned":[4,7,11,12,18,21,24,28,35,38,42,44],"ascension_level":20}