{"gold_per_floor":[211,8,25,38,57,73,73,98,98,98,132,132,132,36,36,111,111,131,331,351,35,35,35,35],"floor_reached":24,"playtime":1099,"items_purged":["Strike_G"],"score":408,"play_id":"a8edda35-bd14-40c8-bce0-9dcc6b499c34","local_time":"20181230222914","is_ascension_mode":true,"campfire_choices":[{"floor":7,"key":"REST"},{"floor":12,"key":"REST"},{"floor":15,"key":"REST"},{"data":"Crippling Poison","floor":23,"key":"SMITH"}],"neow_cost":"NONE","seed_source_timestamp":34556444286869,"circlet_count":0,"master_deck":["AscendersBane","Defend_G","Defend_G","Defend_G","Defend_G","Defend_G","Strike_G","Strike_G","Strike_G","Survivor","Neutralize","Well Laid Plans","Dash","Dagger Throw","Dash","Predator","Crippling Poison+1","Leg Sweep","Noxious Fumes+1","Dash","Unload","Dodge and Roll+1"],"relics":["Ring of the Snake","Happy Flower","Frozen Egg 2","Dream Catcher","Philosopher\u0027s Stone","Toxic Egg 2"],"potions_floor_usage":[6,8,16,24],"damage_taken":[{"damage":8,"enemies":"Cultist","floor":1,"turns":5},{"damage":0,"enemies":"Jaw Worm","floor":3,"turns":6},{"damage":2,"enemies":"Small Slimes","floor":4,"turns":5},{"damage":31,"enemies":"Exordium Thugs","floor":5,"turns":7},{"damage":4,"enemies":"Lots of Slimes","floor":6,"turns":5},{"damage":8,"enemies":"Gremlin Nob","floor":8,"turns":4},{"damage":21,"enemies":"Lagavulin","floor":11,"turns":9},{"damage":18,"enemies":"Slime Boss","floor":16,"turns":8},{"damage":0,"enemies":"Chosen","floor":18,"turns":4},{"damage":19,"enemies":"Spheric Guardian","floor":20,"turns":6},{"damage":38,"enemies":"Gremlin Leader","floor":24,"turns":5}],"seed_played":"141587402074162925","potions_obtained":[{"floor":4,"key":"Dexterity Potion"},{"floor":5,"key":"Strength Potion"},{"floor":8,"key":"SmokeBomb"},{"floor":11,"key":"SkillPotion"}],"is_trial":false,"path_per_floor":["M","$","M","M","M","M","R","E","T","?","E","R","?","$","R","B",null,"M","?","M","$","?","R","E"],"character_chosen":"THE_SILENT","items_purchased":["Well Laid Plans","Poison Potion","Noxious Fumes+1","AttackPotion","Toxic Egg 2","Dodge and Roll+1"],"campfire_rested":3,"item_purchase_floors":[2,2,14,14,21,21],"current_hp_per_floor":[51,51,51,49,18,14,33,25,25,25,4,23,23,23,42,24,56,56,56,37,37,37,37,0],"gold":35,"neow_bonus":"HUNDRED_GOLD","is_prod":false,"is_daily":false,"chose_seed":false,"campfire_upgraded":1,"win_rate":0,"timestamp":1546205354,"path_taken":["M","$","M","M","?","M","R","E","T","?","E","R","?","$","R","BOSS","M","?","?","$","?","R","E"],"build_version":"2018-12-20","purchased_purges":1,"victory":false,"max_hp_per_floor":[66,66,66,66,66,66,66,66,66,66,66,66,66,66,66,66,66,66,66,66,66,66,66,66],"card_choices":[{"not_picked":["Blade Dance","Underhanded Strike","Distraction"],"picked":"SKIP","floor":1},{"not_picked":["Crippling Poison","Blur"],"picked":"Dash","floor":3},{"not_picked":["Infinite Blades","Deflect"],"picked":"Dagger Throw","floor":4},{"not_picked":["Poisoned Stab","Escape Plan"],"picked":"Dash","floor":5},{"not_picked":["Blade Dance","Sucker Punch"],"picked":"Predator","floor":6},{"not_picked":["Quick Slash","Riddle With Holes"],"picked":"Crippling Poison","floor":8},{"not_picked":["PiercingWail","Bane"],"picked":"Leg Sweep","floor":11},{"not_picked":["Slice","Flying Knee"],"picked":"Dash","floor":15},{"not_picked":["Burst","Bullet Time"],"picked":"Unload","floor":16},{"not_picked":["Dagger Throw","Cloak And Dagger","Endless Agony+1"],"picked":"SKIP","floor":18},{"not_picked":["Blade Dance","Flying Knee","Sucker Punch"],"picked":"SKIP","floor":20}],"player_experience":712896,"relics_obtained":[{"floor":8,"key":"Happy Flower"},{"floor":9,"key":"Frozen Egg 2"},{"floor":11,"key":"Dream Catcher"}],"event_choices":[{"damage_healed":0,"gold_gain":0,"player_choice":"Fled","damage_taken":0,"max_hp_gain":0,"max_hp_loss":0,"event_name":"Scrap Ooze","floor":10,"gold_loss":0},{"cards_removed":["Strike_G"],"damage_healed":0,"gold_gain":0,"player_choice":"Purged","damage_taken":0,"max_hp_gain":0,"max_hp_loss":0,"event_name":"Purifier","floor":13,"gold_loss":0},{"damage_healed":0,"gold_gain":200,"player_choice":"Gold","damage_taken":0,"max_hp_gain":0,"max_hp_loss":0,"event_name":"Wheel of Change","floor":19,"gold_loss":0},{"damage_healed":0,"gold_gain":0,"player_choice":"Ignored","damage_taken":0,"max_hp_gain":0,"max_hp_loss":0,"event_name":"Ghosts","floor":22,"gold_loss":0}],"is_beta":false,"boss_relics":[{"not_picked":["White Beast Statue","Ring of the Serpent"],"picked":"Philosopher\u0027s Stone"}],"items_purged_floors":[2],"is_endless":false,"potions_floor_spawned":[4,5,8,11],"killed_by":"Gremlin Leader","ascension_level":20}