{"gold_per_floor":[215,11,26,39,120,145,145,175,201,227,245,245,245,259,259,259],"floor_reached":16,"playtime":629,"items_purged":[],"score":174,"play_id":"9d20ec9e-bf62-4ad8-8f55-f06f10c9b969","local_time":"20190302140236","is_ascension_mode":true,"campfire_choices":[{"data":"Shockwave","floor":7,"key":"SMITH"},{"data":"Dark Embrace","floor":12,"key":"SMITH"},{"floor":15,"key":"REST"}],"neow_cost":"NONE","seed_source_timestamp":60253721139386,"circlet_count":0,"master_deck":["Strike_R","Strike_R","Strike_R+1","Strike_R+1","Strike_R","Defend_R","Defend_R","Defend_R","Defend_R","Bash","Thunderclap+1","Cleave","Cleave","Shockwave+1","Rage","Pummel+1","Dark Embrace+1","Ghostly Armor"],"relics":["Burning Blood","Vajra","Gremlin Horn","Charon\u0027s Ashes","Juzu Bracelet","Whetstone","PreservedInsect"],"potions_floor_usage":[8,8,10,16],"damage_taken":[{"damage":1,"enemies":"Cultist","floor":1,"turns":3},{"damage":1,"enemies":"Small Slimes","floor":3,"turns":3},{"damage":14,"enemies":"Jaw Worm","floor":4,"turns":3},{"damage":20,"enemies":"3 Sentries","floor":6,"turns":4},{"damage":15,"enemies":"Lagavulin","floor":8,"turns":5},{"damage":7,"enemies":"3 Sentries","floor":10,"turns":3},{"damage":0,"enemies":"Exordium Wildlife","floor":11,"turns":3},{"damage":0,"enemies":"2 Fungi Beasts","floor":14,"turns":2},{"damage":71,"enemies":"Hexaghost","floor":16,"turns":13}],"seed_played":"-6695470785722761559","potions_obtained":[{"floor":4,"key":"SteroidPotion"},{"floor":6,"key":"Poison Potion"},{"floor":8,"key":"Weak Potion"},{"floor":11,"key":"SkillPotion"},{"floor":14,"key":"Weak Potion"}],"is_trial":false,"path_per_floor":["M","$","M","M","T","E","R","E","T","E","M","R","?","M","R","B"],"character_chosen":"IRONCLAD","items_purchased":["Vajra","Cleave"],"campfire_rested":1,"item_purchase_floors":[2,2],"current_hp_per_floor":[77,77,80,72,72,58,58,49,49,48,54,54,38,44,68,0],"gold":259,"neow_bonus":"HUNDRED_GOLD","is_prod":false,"is_daily":false,"chose_seed":false,"campfire_upgraded":2,"win_rate":0,"timestamp":1551549756,"path_taken":["M","$","M","M","?","E","R","E","T","E","M","R","?","M","R","BOSS"],"build_version":"2019-01-23","purchased_purges":0,"victory":false,"max_hp_per_floor":[80,80,80,80,80,80,80,80,80,80,80,80,80,80,80,80],"card_choices":[{"not_picked":["Bloodletting","Armaments"],"picked":"Thunderclap","floor":1},{"not_picked":["Burning Pact","True Grit"],"picked":"Cleave","floor":3},{"not_picked":["Inflame","Iron Wave"],"picked":"Shockwave","floor":4},{"not_picked":["Perfected Strike","Twin Strike"],"picked":"Rage","floor":6},{"not_picked":["Clothesline","Bludgeon"],"picked":"Pummel","floor":8},{"not_picked":["Shockwave","Armaments"],"picked":"Dark Embrace","floor":10},{"not_picked":["Blood for Blood","Thunderclap","Cleave"],"picked":"SKIP","floor":11},{"not_picked":["Corruption","Heavy Blade"],"picked":"Ghostly Armor","floor":14}],"player_experience":470761,"relics_obtained":[{"floor":5,"key":"Gremlin Horn"},{"floor":6,"key":"Charon\u0027s Ashes"},{"floor":8,"key":"Juzu Bracelet"},{"floor":9,"key":"Whetstone"},{"floor":10,"key":"PreservedInsect"}],"event_choices":[{"damage_healed":0,"gold_gain":0,"player_choice":"Entered Light","damage_taken":16,"max_hp_gain":0,"max_hp_loss":0,"event_name":"Shining Light","floor":13,"gold_loss":0,"cards_upgraded":["Thunderclap","Strike_R"]}],"is_beta":false,"boss_relics":[],"items_purged_floors":[],"is_endless":false,"potions_floor_spawned":[4,6,8,11,14],"killed_by":"Hexaghost","ascension_level":9}