{"gold_per_floor":[118,129,149,161,175,175,175,200,273,548,8,19,19,19,19,114,114,131,131,131,143,243,243,262,262,262,278,294,294,312,69,69,169,169,185,285,285,301,44,44,63,73,96,96,111,127,127,139,139,139,139,139,39,68,68],"floor_reached":55,"playtime":3823,"items_purged":["Regret","Parasite"],"score":648,"play_id":"26e5a708-d4bb-4b11-95dc-4dde984e1f8e","local_time":"20190323180804","is_ascension_mode":false,"campfire_choices":[{"data":"Zap","floor":7.0,"key":"SMITH"},{"data":"Apotheosis","floor":13.0,"key":"SMITH"},{"floor":15.0,"key":"RECALL"},{"floor":23.0,"key":"REST"},{"data":"Seek","floor":25.0,"key":"SMITH"},{"data":"Dualcast","floor":29.0,"key":"SMITH"},{"data":"Loop","floor":32.0,"key":"SMITH"},{"data":"Electrodynamics","floor":40.0,"key":"SMITH"},{"data":"Beam Cell","floor":44.0,"key":"SMITH"},{"data":"Coolheaded","floor":49,"key":"SMITH"},{"data":"BootSequence","floor":52,"key":"SMITH"}],"neow_cost":"PERCENT_DAMAGE","seed_source_timestamp":0,"circlet_count":0,"master_deck":["Strike_B+1","Strike_B+1","Strike_B+1","Strike_B+1","Defend_B+1","Defend_B+1","Defend_B+1","Defend_B+1","Zap+1","Dualcast+1","Loop+1","Coolheaded+1","Self Repair","Apotheosis+1","Coolheaded","Glacier","Seek+1","Recycle+1","BootSequence+1","Electrodynamics+1","Redo+1","White Noise+1","Beam Cell+1","Consume+1"],"special_seed":0,"relics":["Cracked Core","Dead Branch","Symbiotic Virus","Matryoshka","Inserter","Happy Flower","Shuriken","Pocketwatch","Mercury Hourglass","Pen Nib","Lantern","Mummified Hand","Sozu","Mango","Cables","Juzu Bracelet","Whetstone"],"potions_floor_usage":[54,54,55],"damage_taken":[{"damage":0.0,"enemies":"Cultist","floor":1.0,"turns":3.0},{"damage":1.0,"enemies":"Jaw Worm","floor":2.0,"turns":3.0},{"damage":3.0,"enemies":"Small Slimes","floor":3.0,"turns":4.0},{"damage":3.0,"enemies":"Red Slaver","floor":4.0,"turns":4.0},{"damage":34.0,"enemies":"Exordium Thugs","floor":5.0,"turns":4.0},{"damage":13.0,"enemies":"3 Sentries","floor":8.0,"turns":8.0},{"damage":0.0,"enemies":"Looter","floor":12.0,"turns":3.0},{"damage":21.0,"enemies":"Slime Boss","floor":16.0,"turns":7.0},{"damage":17.0,"enemies":"3 Byrds","floor":18.0,"turns":6.0},{"damage":3.0,"enemies":"Chosen","floor":21.0,"turns":5.0},{"damage":5.0,"enemies":"Colosseum Slavers","floor":22.0,"turns":6.0},{"damage":38.0,"enemies":"Colosseum Nobs","floor":22.0,"turns":5.0},{"damage":0.0,"enemies":"Centurion and Healer","floor":24.0,"turns":7.0},{"damage":0.0,"enemies":"Snake Plant","floor":27.0,"turns":2.0},{"damage":0.0,"enemies":"3 Cultists","floor":28.0,"turns":5.0},{"damage":2.0,"enemies":"Shelled Parasite and Fungi","floor":30.0,"turns":4.0},{"damage":26.0,"enemies":"Champ","floor":33.0,"turns":13.0},{"damage":12.0,"enemies":"3 Darklings","floor":35.0,"turns":3.0},{"damage":0.0,"enemies":"Mind Bloom Boss Battle","floor":36.0,"turns":7.0},{"damage":1.0,"enemies":"3 Shapes","floor":38.0,"turns":3.0},{"damage":0.0,"enemies":"Jaw Worm Horde","floor":41.0,"turns":3.0},{"damage":0.0,"enemies":"Transient","floor":42.0,"turns":5.0},{"damage":18.0,"enemies":"Spire Growth","floor":45.0,"turns":4.0},{"damage":0.0,"enemies":"Writhing Mass","floor":46.0,"turns":4.0},{"damage":0,"enemies":"3 Darklings","floor":48,"turns":3},{"damage":8,"enemies":"Donu and Deca","floor":50,"turns":7},{"damage":30,"enemies":"Shield and Spear","floor":54,"turns":5},{"damage":79,"enemies":"The Heart","floor":55,"turns":3}],"seed_played":"-7946121317408755558","potions_obtained":[{"floor":1.0,"key":"Block Potion"},{"floor":3.0,"key":"Energy Potion"},{"floor":4.0,"key":"Poison Potion"},{"floor":5.0,"key":"Energy Potion"},{"floor":22.0,"key":"Swift Potion"},{"floor":27.0,"key":"Energy Potion"},{"floor":28.0,"key":"LiquidBronze"},{"floor":30.0,"key":"GamblersBrew"}],"is_trial":false,"path_per_floor":["M","M","M","M","M","?","R","E","T","?","$","M","R","$","R","B",null,"M","T","?","M","?","R","M","R","T","M","M","R","M","$","R","B",null,"M","?","?","M","$","R","M","M","T","R","M","M","?","M","R","B",null,"R","$","E","B"],"character_chosen":"DEFECT","items_purchased":["Apotheosis","Matryoshka","Coolheaded","Mummified Hand","Cables"],"campfire_rested":1,"item_purchase_floors":[11,11,11,31,39],"current_hp_per_floor":[54,53,50,54,27,52,52,46,46,46,46,56,56,56,56,45,75,58,58,58,65,32,54,54,54,54,54,64,64,62,62,62,43,75,63,87,89,89,89,89,89,89,89,89,81,89,89,89,89,89,89,89,86,63,0],"gold":68,"neow_bonus":"ONE_RARE_RELIC","is_prod":false,"is_daily":false,"chose_seed":false,"campfire_upgraded":9,"win_rate":0,"timestamp":1553375284,"path_taken":["M","?","M","M","M","?","R","E","T","?","$","?","R","?","R","BOSS","M","?","?","M","?","R","?","R","T","M","M","R","M","$","R","BOSS","M","?","?","M","$","R","?","M","T","R","M","M","?","M","R","BOSS","R","$","E","BOSS"],"build_version":"2019-01-23","purchased_purges":2,"victory":false,"max_hp_per_floor":[75,75,75,75,75,75,75,75,75,75,75,75,75,75,75,75,75,75,75,75,75,75,75,75,75,75,75,75,75,75,75,75,75,75,75,89,89,89,89,89,89,89,89,89,89,89,89,89,89,89,89,89,86,86,86],"card_choices":[{"not_picked":["Compile Driver","Reprogram"],"picked":"Loop","floor":1.0},{"not_picked":["Skim","Barrage"],"picked":"Coolheaded","floor":2.0},{"not_picked":["Gash","Fusion"],"picked":"Self Repair","floor":3.0},{"not_picked":["Redo","Undo","Streamline"],"picked":"SKIP","floor":4.0},{"not_picked":["Reinforced Body","Compile Driver","Coolheaded"],"picked":"SKIP","floor":5.0},{"not_picked":["Gash","Beam Cell","Stack"],"picked":"SKIP","floor":8.0},{"not_picked":["Barrage","Thunder Strike"],"picked":"Glacier","floor":12.0},{"not_picked":["Meteor Strike","Multi-Cast"],"picked":"Seek","floor":16.0},{"not_picked":["Barrage","Streamline"],"picked":"Recycle+1","floor":18.0},{"not_picked":["Beam Cell+1","Turbo","Cold Snap"],"picked":"SKIP","floor":21.0},{"not_picked":["Cold Snap","Coolheaded"],"picked":"Sunder+1","floor":22.0},{"not_picked":["Chaos","Coolheaded+1"],"picked":"BootSequence","floor":24.0},{"not_picked":["Go for the Eyes","Conserve Battery","Streamline"],"picked":"SKIP","floor":27.0},{"not_picked":["Gash","Blizzard","Compile Driver"],"picked":"SKIP","floor":28.0},{"not_picked":["Fusion","Stack","Leap"],"picked":"SKIP","floor":30.0},{"not_picked":["Hyperbeam","Meteor Strike"],"picked":"Electrodynamics","floor":33.0},{"not_picked":["Beam Cell","Barrage+1"],"picked":"Redo+1","floor":35.0},{"not_picked":["Hologram","Chaos+1"],"picked":"White Noise+1","floor":38.0},{"not_picked":["Gash","Sweeping Beam","Auto Shields"],"picked":"SKIP","floor":41.0},{"not_picked":["Barrage","Rebound"],"picked":"Beam Cell","floor":42.0},{"not_picked":["Barrage+1","Melter"],"picked":"Consume+1","floor":45.0},{"not_picked":["Turbo+1","Sunder+1"],"picked":"Lockon+1","floor":46},{"not_picked":["Hologram+1","Go for the Eyes+1","Core Surge"],"picked":"SKIP","floor":48},{"not_picked":["Ball Lightning","Rebound","Glacier"],"picked":"SKIP","floor":54}],"player_experience":519509,"relics_obtained":[{"floor":8.0,"key":"Symbiotic Virus"},{"floor":19.0,"key":"Happy Flower"},{"floor":19.0,"key":"Shuriken"},{"floor":22.0,"key":"Pocketwatch"},{"floor":22.0,"key":"Mercury Hourglass"},{"floor":26.0,"key":"Pen Nib"},{"floor":26.0,"key":"Lantern"},{"floor":36.0,"key":"Mango"},{"floor":43.0,"key":"Juzu Bracelet"},{"floor":54,"key":"Whetstone"}],"event_choices":[{"damage_healed":25.0,"max_hp_gain":0.0,"max_hp_loss":0.0,"gold_gain":0.0,"event_name":"Big Fish","player_choice":"Banana","floor":6.0,"gold_loss":0.0,"damage_taken":0.0},{"damage_healed":0.0,"max_hp_gain":0.0,"max_hp_loss":0.0,"gold_gain":275.0,"event_name":"Golden Shrine","player_choice":"Desecrate","floor":10.0,"gold_loss":0.0,"damage_taken":0.0,"cards_obtained":["Regret"]},{"damage_healed":0.0,"max_hp_gain":0.0,"max_hp_loss":0.0,"gold_gain":0.0,"event_name":"Back to Basics","player_choice":"Simplicity","floor":20.0,"gold_loss":0.0,"damage_taken":0.0,"cards_upgraded":["Strike_B","Strike_B","Strike_B","Strike_B","Defend_B","Defend_B","Defend_B","Defend_B"]},{"damage_healed":0.0,"max_hp_gain":0.0,"max_hp_loss":0.0,"gold_gain":0.0,"event_name":"Colosseum","player_choice":"Fight","floor":22.0,"gold_loss":0.0,"damage_taken":0.0},{"damage_healed":0.0,"max_hp_gain":0.0,"max_hp_loss":0.0,"gold_gain":0.0,"event_name":"Colosseum","player_choice":"Fought Nobs","floor":22.0,"gold_loss":0.0,"damage_taken":0.0},{"damage_healed":0.0,"max_hp_gain":0.0,"max_hp_loss":0.0,"gold_gain":0.0,"event_name":"MindBloom","player_choice":"Fight","floor":36.0,"gold_loss":0.0,"damage_taken":0.0},{"cards_removed":["Sunder"],"damage_healed":2.0,"max_hp_gain":0.0,"max_hp_loss":0.0,"gold_gain":0.0,"event_name":"Bonfire Elementals","player_choice":"Offered Uncommon","floor":37.0,"gold_loss":0.0,"damage_taken":0.0},{"cards_removed":["Lockon"],"damage_healed":0,"gold_gain":0,"player_choice":"Removed Attack","damage_taken":0,"max_hp_gain":0,"max_hp_loss":0,"event_name":"Falling","floor":47,"gold_loss":0}],"is_beta":false,"boss_relics":[{"not_picked":["Black Star","Philosopher\u0027s Stone"],"picked":"Inserter"},{"not_picked":["Runic Pyramid","White Beast Statue"],"picked":"Sozu"}],"items_purged_floors":[11,53],"is_endless":false,"potions_floor_spawned":[1,3,4,5,22,27,28,30,35,36,42,46],"killed_by":"The Heart","ascension_level":0}