{"gold_per_floor":[115,40,58,58,69,69,101,101,101,101,119,44,44,78,78,151,151,166,178,178,196,22,52,52],"floor_reached":24,"playtime":1172,"items_purged":["Strike_R"],"score":448,"play_id":"ad084858-f20c-4a3f-88b2-4be4ebbd849d","local_time":"20190207204626","is_ascension_mode":true,"campfire_choices":[{"data":"Bash","floor":6,"key":"SMITH"},{"data":"Inflame","floor":8,"key":"SMITH"},{"data":"Anger","floor":10,"key":"SMITH"},{"data":"Twin Strike","floor":13,"key":"SMITH"},{"data":"Sword Boomerang","floor":15,"key":"SMITH"}],"neow_cost":"NONE","seed_source_timestamp":29930750281770,"circlet_count":0,"master_deck":["AscendersBane","Strike_R+1","Strike_R","Defend_R","Defend_R","Defend_R","Defend_R","Bash+1","Twin Strike+1","Ghostly Armor","Inflame+1","Anger+1","Twin Strike+1","Sword Boomerang+1","Reaper","Pummel","Shrug It Off","Shrug It Off","Shrug It Off"],"relics":["Burning Blood","Potion Belt","Bottled Tornado","The Courier","Bag of Preparation","Runic Pyramid","Centennial Puzzle","Orichalcum"],"potions_floor_usage":[7,24],"damage_taken":[{"damage":0,"enemies":"Small Slimes","floor":1,"turns":4},{"damage":9,"enemies":"Jaw Worm","floor":3,"turns":4},{"damage":0,"enemies":"Cultist","floor":5,"turns":3},{"damage":14,"enemies":"Lagavulin","floor":7,"turns":8},{"damage":8,"enemies":"Large Slime","floor":11,"turns":5},{"damage":5,"enemies":"3 Sentries","floor":14,"turns":6},{"damage":32,"enemies":"Hexaghost","floor":16,"turns":6},{"damage":0,"enemies":"Chosen","floor":18,"turns":3},{"damage":13,"enemies":"3 Byrds","floor":19,"turns":4},{"damage":23,"enemies":"Centurion and Healer","floor":21,"turns":7},{"damage":59,"enemies":"Slavers","floor":23,"turns":6},{"damage":46,"enemies":"Shelled Parasite and Fungi","floor":24,"turns":4}],"seed_played":"6704319640939208570","potions_obtained":[{"floor":3,"key":"SpeedPotion"},{"floor":21,"key":"PowerPotion"}],"is_trial":false,"path_per_floor":["M","$","M","?","M","R","E","R","T","R","M","?","R","E","R","B",null,"M","M","?","M","$","E","M"],"character_chosen":"IRONCLAD","items_purchased":["Centennial Puzzle","Shrug It Off"],"campfire_rested":0,"item_purchase_floors":[22,22],"current_hp_per_floor":[74,74,71,48,54,54,46,46,46,46,44,44,44,45,45,19,61,74,75,75,68,68,27,0],"gold":52,"neow_bonus":"RANDOM_COMMON_RELIC","is_prod":false,"is_daily":false,"chose_seed":false,"campfire_upgraded":5,"win_rate":0,"timestamp":1549568786,"path_taken":["M","$","M","?","M","R","E","R","T","R","M","?","R","E","R","BOSS","M","M","?","M","$","E","M"],"build_version":"2019-01-23","purchased_purges":1,"victory":false,"max_hp_per_floor":[75,75,75,75,75,75,75,75,75,75,75,75,75,75,75,75,75,75,75,75,75,75,75,75],"card_choices":[{"not_picked":["Cleave","Thunderclap"],"picked":"Twin Strike","floor":1},{"not_picked":["Shockwave","Corruption"],"picked":"Ghostly Armor","floor":3},{"not_picked":["Intimidate","Clash"],"picked":"Inflame","floor":5},{"not_picked":["Wild Strike","Body Slam"],"picked":"Anger","floor":7},{"not_picked":["Perfected Strike","Wild Strike"],"picked":"Twin Strike","floor":11},{"not_picked":["Body Slam","Double Tap"],"picked":"Sword Boomerang","floor":14},{"not_picked":["Fiend Fire","Berserk"],"picked":"Reaper","floor":16},{"not_picked":["Thunderclap","Clash"],"picked":"Pummel","floor":18},{"not_picked":["Pummel","Heavy Blade","Anger"],"picked":"SKIP","floor":19},{"not_picked":["True Grit","Flex"],"picked":"Shrug It Off","floor":21},{"not_picked":["Whirlwind","Sword Boomerang"],"picked":"Shrug It Off","floor":23}],"player_experience":917972,"relics_obtained":[{"floor":7,"key":"Bottled Tornado"},{"floor":9,"key":"The Courier"},{"floor":14,"key":"Bag of Preparation"},{"floor":23,"key":"Orichalcum"}],"event_choices":[{"damage_healed":0,"gold_gain":0,"player_choice":"Entered Light","damage_taken":23,"max_hp_gain":0,"max_hp_loss":0,"event_name":"Shining Light","floor":4,"gold_loss":0,"cards_upgraded":["Strike_R","Twin Strike"]},{"cards_removed":["Strike_R"],"damage_healed":0,"gold_gain":0,"player_choice":"Card Removal","damage_taken":0,"max_hp_gain":0,"max_hp_loss":0,"event_name":"The Cleric","floor":12,"gold_loss":75},{"cards_removed":["Strike_R"],"damage_healed":0,"gold_gain":0,"player_choice":"Purged","damage_taken":0,"max_hp_gain":0,"max_hp_loss":0,"event_name":"Purifier","floor":20,"gold_loss":0}],"is_beta":false,"boss_relics":[{"not_picked":["Black Blood","Black Star"],"picked":"Runic Pyramid"}],"items_purged_floors":[2],"is_endless":false,"potions_floor_spawned":[3,21],"killed_by":"Shelled Parasite and Fungi","ascension_level":20}