{"gold_per_floor":[212,177,188,26,26,61,61,87,87,121,121,155,80,94,94,171,171,188,188,168,188,201,234,234,269,269,269,17,44,44,62,62,136,136,153,169,188,188,208,208,238,266,266,295,295,311,311,328,328,328,328,328,328,15,15],"floor_reached":55,"playtime":4707,"items_purged":["Strike_B"],"score":2187,"play_id":"4af91bdf-37cc-49f5-b824-3938d0e24688","local_time":"20190617172512","is_ascension_mode":true,"campfire_choices":[{"floor":7.0,"key":"REST"},{"floor":11.0,"key":"REST"},{"data":"Sunder","floor":15.0,"key":"SMITH"},{"data":"Seek","floor":24.0,"key":"SMITH"},{"floor":27.0,"key":"REST"},{"data":"Consume","floor":30.0,"key":"SMITH"},{"floor":32.0,"key":"REST"},{"floor":40.0,"key":"RECALL"},{"floor":45.0,"key":"REST"},{"floor":47.0,"key":"REST"},{"floor":49.0,"key":"REST"},{"floor":53.0,"key":"REST"}],"neow_cost":"NONE","seed_source_timestamp":12451044050593,"circlet_count":0,"master_deck":["AscendersBane","Strike_B","Strike_B","Strike_B","Defend_B","Defend_B","Defend_B","Defend_B","Zap+1","Dualcast+1","Leap","Sunder+1","Gash","Seek+1","Coolheaded","Biased Cognition+1","Hologram+1","Coolheaded","Undo","Loop+1","Consume+1","Coolheaded","Amplify","Creative AI+1","Doom and Gloom","Coolheaded","Undo+1","Storm+1","Defragment+1"],"special_seed":0,"relics":["Cracked Core","Lantern","Frozen Egg 2","Odd Mushroom","FossilizedHelix","WingedGreaves","Vajra","Snecko Eye","Ancient Tea Set","DataDisk","Mummified Hand","Velvet Choker","Orichalcum","Singing Bowl","Shuriken","Gremlin Horn","Art of War"],"potions_floor_usage":[],"damage_taken":[{"damage":7.0,"enemies":"Jaw Worm","floor":1.0,"turns":3.0},{"damage":5.0,"enemies":"Small Slimes","floor":3.0,"turns":4.0},{"damage":21.0,"enemies":"Lagavulin","floor":6.0,"turns":5.0},{"damage":4.0,"enemies":"The Mushroom Lair","floor":8.0,"turns":3.0},{"damage":25.0,"enemies":"3 Sentries","floor":10.0,"turns":8.0},{"damage":5.0,"enemies":"Lagavulin","floor":12.0,"turns":6.0},{"damage":0.0,"enemies":"2 Louse","floor":14.0,"turns":2.0},{"damage":12.0,"enemies":"Slime Boss","floor":16.0,"turns":11.0},{"damage":0.0,"enemies":"Chosen","floor":18.0,"turns":4.0},{"damage":0.0,"enemies":"3 Byrds","floor":21.0,"turns":5.0},{"damage":0.0,"enemies":"Cultist and Chosen","floor":22.0,"turns":7.0},{"damage":14.0,"enemies":"Book of Stabbing","floor":23.0,"turns":5.0},{"damage":39.0,"enemies":"Gremlin Leader","floor":25.0,"turns":9.0},{"damage":0.0,"enemies":"Slavers","floor":29.0,"turns":7.0},{"damage":0.0,"enemies":"3 Cultists","floor":31.0,"turns":4.0},{"damage":23.0,"enemies":"Automaton","floor":33.0,"turns":11.0},{"damage":0.0,"enemies":"3 Shapes","floor":35.0,"turns":5.0},{"damage":0.0,"enemies":"Orb Walker","floor":36.0,"turns":3.0},{"damage":0.0,"enemies":"Sphere and 2 Shapes","floor":37.0,"turns":6.0},{"damage":0.0,"enemies":"Maw","floor":39.0,"turns":6.0},{"damage":0.0,"enemies":"Giant Head","floor":41.0,"turns":7.0},{"damage":58.0,"enemies":"Nemesis","floor":42.0,"turns":9.0},{"damage":0.0,"enemies":"Giant Head","floor":44.0,"turns":7.0},{"damage":0.0,"enemies":"3 Darklings","floor":46.0,"turns":6.0},{"damage":0.0,"enemies":"Sphere and 2 Shapes","floor":48.0,"turns":4.0},{"damage":26.0,"enemies":"Donu and Deca","floor":50.0,"turns":8.0},{"damage":41.0,"enemies":"Awakened One","floor":51.0,"turns":32.0},{"damage":100,"enemies":"Shield and Spear","floor":55,"turns":6}],"seed_played":"-5285996952486074343","potions_obtained":[{"floor":3.0,"key":"Block Potion"},{"floor":10.0,"key":"FocusPotion"},{"floor":16.0,"key":"Block Potion"},{"floor":20.0,"key":"SneckoOil"},{"floor":21.0,"key":"Explosive Potion"},{"floor":22.0,"key":"Fruit Juice"},{"floor":25.0,"key":"Strength Potion"},{"floor":33.0,"key":"Energy Potion"},{"floor":35.0,"key":"SteroidPotion"},{"floor":37.0,"key":"LiquidBronze"},{"floor":42.0,"key":"Fire Potion"}],"is_trial":false,"path_per_floor":["M","?","M","$","?","E","R","?","T","E","R","E","$","M","R","B",null,"M","?","?","M","M","E","R","E","T","R","$","E","R","M","R","B",null,"M","M","M","?","M","R","E","E","T","E","R","M","R","M","R","B","B",null,"R","$","E"],"character_chosen":"DEFECT","items_purchased":["Lantern","Loop+1","Consume","FocusPotion","Defragment+1","Art of War","Weak Potion"],"campfire_rested":8,"item_purchase_floors":[4,28,28,28,54,54,54],"current_hp_per_floor":[57,71,66,66,45,24,45,41,41,16,37,32,32,32,32,20,58,58,58,58,58,58,44,44,5,10,32,32,32,32,32,54,31,65,65,65,65,65,65,65,65,9,9,11,35,37,61,63,84,58,17,67,84,84,0],"gold":15,"neow_bonus":"HUNDRED_GOLD","is_prod":false,"is_daily":false,"chose_seed":false,"campfire_upgraded":3,"win_rate":0,"timestamp":1560785112,"path_taken":["M","?","M","$","?","E","R","?","T","E","R","E","$","M","R","BOSS","M","?","?","M","?","E","R","E","T","R","?","E","R","M","R","BOSS","M","M","M","?","M","R","E","E","T","E","R","?","R","M","R","BOSS","BOSS","R","$","E"],"build_version":"2019-01-23","purchased_purges":1,"victory":false,"max_hp_per_floor":[71,71,71,71,71,71,71,71,71,71,71,71,71,71,71,71,71,71,71,71,71,71,71,71,71,76,76,76,76,76,76,76,76,76,76,76,76,76,76,76,76,78,78,80,80,82,82,84,84,84,84,84,84,84,84],"card_choices":[{"not_picked":["Streamline","Redo"],"picked":"Leap","floor":1.0},{"not_picked":["Chaos","Barrage"],"picked":"Sunder","floor":3.0},{"not_picked":["Reinforced Body","Hello World","Conserve Battery"],"picked":"SKIP","floor":6.0},{"not_picked":["Redo","Skim"],"picked":"Gash","floor":8.0},{"not_picked":["Consume","Rebound","Tempest"],"picked":"SKIP","floor":10.0},{"not_picked":["Meteor Strike","Sunder"],"picked":"Seek","floor":12.0},{"not_picked":["Force Field","Barrage"],"picked":"Coolheaded","floor":14.0},{"not_picked":["Thunder Strike","Rainbow"],"picked":"Biased Cognition+1","floor":16.0},{"not_picked":["Compile Driver","Rebound+1"],"picked":"Hologram+1","floor":18.0},{"not_picked":["Conserve Battery","Stack","Redo"],"picked":"SKIP","floor":21.0},{"not_picked":["Redo","Gash"],"picked":"Coolheaded","floor":22.0},{"not_picked":["Reprogram","Blizzard"],"picked":"Undo","floor":23.0},{"not_picked":["Ball Lightning","Steam","Chill+1"],"picked":"SKIP","floor":25.0},{"not_picked":["Rip and Tear","Amplify"],"picked":"Coolheaded","floor":29.0},{"not_picked":["Conserve Battery","Sweeping Beam"],"picked":"Amplify","floor":31.0},{"not_picked":["Multi-Cast","Rainbow"],"picked":"Creative AI+1","floor":33.0},{"not_picked":["Barrage","Rip and Tear","Stack"],"picked":"SKIP","floor":35.0},{"not_picked":["Turbo","Leap+1"],"picked":"Doom and Gloom","floor":36.0},{"not_picked":["Double Energy+1","Steam Power"],"picked":"Coolheaded","floor":37.0},{"not_picked":["Gash","Self Repair+1"],"picked":"Undo+1","floor":39.0},{"not_picked":["Hologram","Barrage"],"picked":"Storm+1","floor":41.0},{"not_picked":["Beam Cell","Double Energy+1","Gash"],"picked":"Singing Bowl","floor":42.0},{"not_picked":["Conserve Battery","Go for the Eyes","Reprogram"],"picked":"Singing Bowl","floor":44.0},{"not_picked":["Hologram","Conserve Battery+1","Redo"],"picked":"Singing Bowl","floor":46.0},{"not_picked":["Scrape","Leap","Coolheaded"],"picked":"Singing Bowl","floor":48.0}],"player_experience":1384035,"relics_obtained":[{"floor":6.0,"key":"Frozen Egg 2"},{"floor":8.0,"key":"Odd Mushroom"},{"floor":9.0,"key":"FossilizedHelix"},{"floor":10.0,"key":"WingedGreaves"},{"floor":12.0,"key":"Vajra"},{"floor":23.0,"key":"Ancient Tea Set"},{"floor":25.0,"key":"DataDisk"},{"floor":29.0,"key":"Mummified Hand"},{"floor":41.0,"key":"Orichalcum"},{"floor":42.0,"key":"Singing Bowl"},{"floor":43.0,"key":"Shuriken"},{"floor":44.0,"key":"Gremlin Horn"}],"event_choices":[{"damage_healed":17.0,"max_hp_gain":0.0,"max_hp_loss":0.0,"gold_gain":0.0,"event_name":"The Cleric","player_choice":"Healed","floor":2.0,"gold_loss":35.0,"damage_taken":0.0},{"damage_healed":0.0,"max_hp_gain":0.0,"max_hp_loss":0.0,"gold_gain":0.0,"event_name":"Shining Light","player_choice":"Entered Light","floor":5.0,"gold_loss":0.0,"damage_taken":21.0,"cards_upgraded":["Dualcast","Zap"]},{"damage_healed":0.0,"max_hp_gain":0.0,"max_hp_loss":0.0,"gold_gain":0.0,"event_name":"Mushrooms","player_choice":"Fought Mushrooms","floor":8.0,"gold_loss":0.0,"damage_taken":0.0},{"damage_healed":0.0,"max_hp_gain":0.0,"max_hp_loss":0.0,"gold_gain":0.0,"event_name":"Ghosts","player_choice":"Ignored","floor":19.0,"gold_loss":0.0,"damage_taken":0.0},{"damage_healed":0.0,"max_hp_gain":0.0,"max_hp_loss":0.0,"gold_gain":0.0,"event_name":"The Woman in Blue","player_choice":"Bought 1 Potion","floor":20.0,"gold_loss":0.0,"damage_taken":0.0},{"damage_healed":0.0,"max_hp_gain":0.0,"max_hp_loss":0.0,"gold_gain":0.0,"event_name":"SecretPortal","player_choice":"Ignored","floor":38.0,"gold_loss":0.0,"damage_taken":0.0}],"is_beta":false,"boss_relics":[{"not_picked":["White Beast Statue","Runic Pyramid"],"picked":"Snecko Eye"},{"not_picked":["Lizard Tail","Nuclear Battery"],"picked":"Velvet Choker"}],"items_purged_floors":[13],"is_endless":false,"potions_floor_spawned":[3,10,16,21,22,25,33,35,37,42,44],"killed_by":"Shield and Spear","ascension_level":20}