{"gold_per_floor":[17,17,30,40,40,40,56,87,164,164,239,414,414,429,429,524,524,539,509,408,48,58,85,85,85,85,85,119,119,131,131,131,131],"floor_reached":33,"playtime":2010,"items_purged":["Doubt"],"score":308,"play_id":"2db3f09a-19d8-4b07-9acd-7a1c006eb34e","local_time":"20190203200749","is_ascension_mode":false,"campfire_choices":[{"floor":6,"key":"DIG"},{"floor":10,"key":"DIG"},{"floor":13,"key":"REST"},{"floor":15,"key":"DIG"},{"floor":24,"key":"DIG"},{"floor":27,"key":"DIG"},{"floor":32,"key":"DIG"}],"neow_cost":"NO_GOLD","seed_source_timestamp":1154071006095485,"circlet_count":0,"master_deck":["Strike_R","Strike_R+1","Strike_R","Strike_R","Strike_R","Defend_R+1","Defend_R+1","Defend_R","Defend_R+1","Bash","Clash","Clash","Pommel Strike","Cleave","Thunderclap","Double Tap+1","Armaments+1","Warcry+1","Shockwave+1","Reaper","Battle Trance+1","RitualDagger","Clash"],"relics":["Burning Blood","Shovel","Turnip","Pen Nib","Toxic Egg 2","Art of War","Omamori","Black Star","FossilizedHelix","War Paint","Gremlin Horn","Strawberry","Sundial","Matryoshka","Smiling Mask","Bottled Flame","Ancient Tea Set"],"potions_floor_usage":[16,18,22,23,23,28,30,31],"damage_taken":[{"damage":0,"enemies":"2 Louse","floor":1,"turns":2},{"damage":1,"enemies":"Cultist","floor":3,"turns":3},{"damage":0,"enemies":"Small Slimes","floor":4,"turns":2},{"damage":3,"enemies":"2 Fungi Beasts","floor":7,"turns":3},{"damage":17,"enemies":"3 Sentries","floor":8,"turns":8},{"damage":0,"enemies":"Large Slime","floor":14,"turns":5},{"damage":70,"enemies":"The Guardian","floor":16,"turns":14},{"damage":7,"enemies":"Chosen","floor":18,"turns":4},{"damage":0,"enemies":"3 Byrds","floor":22,"turns":5},{"damage":22,"enemies":"Slavers","floor":23,"turns":7},{"damage":0,"enemies":"Gremlin Leader","floor":28,"turns":5},{"damage":0,"enemies":"3 Cultists","floor":30,"turns":4},{"damage":0,"enemies":"Shelled Parasite and Fungi","floor":31,"turns":1},{"damage":110,"enemies":"Collector","floor":33,"turns":11}],"seed_played":"2356610073634985247","potions_obtained":[{"floor":8,"key":"SmokeBomb"},{"floor":14,"key":"AttackPotion"},{"floor":16,"key":"Weak Potion"},{"floor":19,"key":"Energy Potion"},{"floor":19,"key":"Explosive Potion"},{"floor":22,"key":"SpeedPotion"},{"floor":23,"key":"Block Potion"},{"floor":28,"key":"SkillPotion"}],"is_trial":false,"path_per_floor":["M","?","M","M","?","R","M","E","T","R","?","?","R","M","R","B",null,"M","?","$","$","M","E","R","?","T","R","E","?","M","M","R","B"],"character_chosen":"IRONCLAD","items_purchased":["Armaments+1","FossilizedHelix","Warcry+1"],"campfire_rested":1,"item_purchase_floors":[20,21,21],"current_hp_per_floor":[80,80,80,80,64,64,67,56,56,56,45,45,69,75,75,11,80,79,79,79,79,80,64,71,71,71,71,87,81,87,87,87,0],"gold":131,"neow_bonus":"ONE_RARE_RELIC","is_prod":false,"is_daily":false,"chose_seed":false,"campfire_upgraded":0,"win_rate":0,"timestamp":1549238869,"path_taken":["M","?","?","M","?","R","M","E","T","R","?","?","R","M","R","BOSS","M","?","?","$","M","E","R","?","T","R","E","?","M","M","R","BOSS"],"build_version":"2019-01-23","purchased_purges":1,"victory":false,"max_hp_per_floor":[80,80,80,80,80,80,80,80,80,80,80,80,80,80,80,80,80,80,80,80,80,80,80,87,87,87,87,87,87,87,87,87,87],"card_choices":[{"not_picked":["Shrug It Off","Twin Strike"],"picked":"Clash","floor":1},{"not_picked":["Heavy Blade","Cleave"],"picked":"Clash","floor":3},{"not_picked":["Infernal Blade","Armaments"],"picked":"Pommel Strike","floor":4},{"not_picked":["Anger","Fire Breathing"],"picked":"Cleave","floor":7},{"not_picked":["Perfected Strike","Power Through"],"picked":"Thunderclap","floor":8},{"not_picked":["Burning Pact+1","Cleave","Combust"],"picked":"SKIP","floor":14},{"not_picked":["Juggernaut","Berserk"],"picked":"Double Tap+1","floor":16},{"not_picked":["Anger","Fire Breathing","Thunderclap"],"picked":"SKIP","floor":18},{"not_picked":["Reckless Charge","Inflame+1"],"picked":"Shockwave+1","floor":22},{"not_picked":["Corruption","Perfected Strike"],"picked":"Reaper","floor":23},{"not_picked":["Second Wind+1","Metallicize","Uppercut"],"picked":"SKIP","floor":28},{"not_picked":["Cleave","Shrug It Off+1"],"picked":"Clash","floor":30}],"player_experience":411398,"relics_obtained":[{"floor":6,"key":"Turnip"},{"floor":8,"key":"Pen Nib"},{"floor":9,"key":"Toxic Egg 2"},{"floor":10,"key":"Art of War"},{"floor":15,"key":"Omamori"},{"floor":23,"key":"War Paint"},{"floor":23,"key":"Gremlin Horn"},{"floor":24,"key":"Strawberry"},{"floor":26,"key":"Sundial"},{"floor":27,"key":"Matryoshka"},{"floor":28,"key":"Smiling Mask"},{"floor":28,"key":"Bottled Flame"},{"floor":32,"key":"Ancient Tea Set"}],"event_choices":[{"damage_healed":0,"gold_gain":0,"player_choice":"Full Heal","damage_taken":0,"max_hp_gain":0,"max_hp_loss":0,"event_name":"Wheel of Change","floor":2,"gold_loss":0},{"damage_healed":0,"gold_gain":0,"player_choice":"Entered Light","damage_taken":16,"max_hp_gain":0,"max_hp_loss":0,"event_name":"Shining Light","floor":5,"gold_loss":0,"cards_upgraded":["Defend_R","Strike_R"]},{"damage_healed":0,"gold_gain":75,"player_choice":"Gather Gold","damage_taken":11,"max_hp_gain":0,"max_hp_loss":0,"event_name":"World of Goop","floor":11,"gold_loss":0},{"damage_healed":0,"gold_gain":175,"player_choice":"AGREE","damage_taken":0,"max_hp_gain":0,"max_hp_loss":0,"event_name":"Liars Game","floor":12,"gold_loss":0,"cards_obtained":["Doubt"]},{"damage_healed":0,"gold_gain":0,"player_choice":"Bought 2 Potions","damage_taken":0,"max_hp_gain":0,"max_hp_loss":0,"event_name":"The Woman in Blue","floor":19,"gold_loss":0},{"damage_healed":0,"gold_gain":0,"player_choice":"Read","damage_taken":0,"max_hp_gain":0,"max_hp_loss":0,"event_name":"The Library","floor":25,"gold_loss":0,"cards_obtained":["Battle Trance"]},{"damage_healed":0,"gold_gain":0,"player_choice":"Joined the Cult","damage_taken":6,"max_hp_gain":0,"max_hp_loss":0,"event_name":"Nest","floor":29,"gold_loss":0,"cards_obtained":["RitualDagger"]}],"is_beta":false,"boss_relics":[{"not_picked":["White Beast Statue","Runic Cube"],"picked":"Black Star"}],"items_purged_floors":[20],"is_endless":false,"potions_floor_spawned":[8,14,16,22,23,28],"killed_by":"Collector","ascension_level":0}