{"gold_per_floor":[119,119,119,129,16,48,48,48,75,75,225,250,250,281,281,281],"floor_reached":16,"playtime":569,"items_purged":[],"score":278,"play_id":"0dc35602-b5d8-4948-9583-a846b61cb474","local_time":"20190416225332","is_ascension_mode":true,"campfire_choices":[{"data":"Neutralize","floor":8,"key":"SMITH"},{"data":"Deadly Poison","floor":10,"key":"SMITH"},{"data":"Dagger Spray","floor":15,"key":"SMITH"}],"neow_cost":"NONE","seed_source_timestamp":37630552273759,"circlet_count":0,"master_deck":["AscendersBane","Defend_G+1","Defend_G","Defend_G","Defend_G","Defend_G","Strike_G","Strike_G","Strike_G+1","Survivor","Neutralize+1","Flying Knee","Deadly Poison+1","Well Laid Plans","Dagger Spray+1","Calculated Gamble"],"relics":["Ring of the Snake","NeowsBlessing","Orichalcum","Sundial","Omamori","Snake Skull","Vajra"],"potions_floor_usage":[],"damage_taken":[{"damage":0,"enemies":"Jaw Worm","floor":1,"turns":1},{"damage":0,"enemies":"Small Slimes","floor":4,"turns":1},{"damage":0,"enemies":"Gremlin Nob","floor":6,"turns":1},{"damage":14,"enemies":"Lagavulin","floor":12,"turns":7},{"damage":12,"enemies":"Gremlin Nob","floor":14,"turns":4},{"damage":27,"enemies":"The Guardian","floor":16,"turns":8}],"seed_played":"-1462278759315486556","potions_obtained":[{"floor":14,"key":"FairyPotion"}],"is_trial":false,"path_per_floor":["M","?","?","M","$","E","T","R","T","R","?","E","?","E","R","B"],"character_chosen":"THE_SILENT","items_purchased":["Well Laid Plans","Dagger Spray"],"campfire_rested":0,"item_purchase_floors":[5,5],"current_hp_per_floor":[59,52,52,52,52,52,52,52,52,52,52,38,18,6,6,0],"gold":281,"neow_bonus":"THREE_ENEMY_KILL","is_prod":false,"is_daily":false,"chose_seed":false,"campfire_upgraded":3,"win_rate":0,"timestamp":1555448012,"path_taken":["M","?","?","M","$","E","?","R","T","R","?","E","?","E","R","BOSS"],"build_version":"2019-01-23","purchased_purges":0,"victory":false,"max_hp_per_floor":[66,66,66,66,66,66,66,66,66,66,66,66,66,66,66,66],"card_choices":[{"not_picked":["Underhanded Strike","Deflect"],"picked":"Flying Knee","floor":1},{"not_picked":["Cloak And Dagger","Dagger Throw"],"picked":"Deadly Poison","floor":4},{"not_picked":["Grand Finale","Tactician","Quick Slash"],"picked":"SKIP","floor":6},{"not_picked":["Skewer","Accuracy"],"picked":"Calculated Gamble","floor":12},{"not_picked":["Underhanded Strike","Bane","Night Terror"],"picked":"SKIP","floor":14}],"player_experience":1146609,"relics_obtained":[{"floor":6,"key":"Orichalcum"},{"floor":7,"key":"Sundial"},{"floor":9,"key":"Omamori"},{"floor":12,"key":"Snake Skull"},{"floor":14,"key":"Vajra"}],"event_choices":[{"cards_removed":["Strike_G"],"damage_healed":0,"gold_gain":0,"player_choice":"Card Removal","damage_taken":7,"max_hp_gain":0,"max_hp_loss":0,"event_name":"Golden Wing","floor":2,"gold_loss":0},{"cards_removed":["Strike_G"],"damage_healed":0,"gold_gain":0,"player_choice":"Forget","damage_taken":0,"max_hp_gain":0,"max_hp_loss":0,"event_name":"Living Wall","floor":3,"gold_loss":0},{"damage_healed":0,"gold_gain":150,"player_choice":"AGREE","damage_taken":0,"max_hp_gain":0,"max_hp_loss":0,"event_name":"Liars Game","floor":11,"gold_loss":0,"cards_obtained":["Doubt"]},{"damage_healed":0,"gold_gain":0,"player_choice":"Entered Light","damage_taken":20,"max_hp_gain":0,"max_hp_loss":0,"event_name":"Shining Light","floor":13,"gold_loss":0,"cards_upgraded":["Strike_G","Defend_G"]}],"is_beta":false,"boss_relics":[],"items_purged_floors":[],"is_endless":false,"potions_floor_spawned":[14],"killed_by":"The Guardian","ascension_level":20}