{"gold_per_floor":[112,131,131,150,19,19,52,52,52,87,103,103,137,137,137,211,211,223,223,41,59,78,78,107,107,107,107,123,151,168,194,194,194],"floor_reached":33,"playtime":1574,"items_purged":["Strike_B","Strike_B"],"score":671,"play_id":"15a4611c-edc9-477b-a034-b8e57e723f3e","local_time":"20190214204656","is_ascension_mode":true,"campfire_choices":[{"data":"Zap","floor":6,"key":"SMITH"},{"data":"Doom and Gloom","floor":8,"key":"SMITH"},{"data":"1","floor":12,"key":"LIFT"},{"data":"2","floor":15,"key":"LIFT"},{"data":"Hyperbeam","floor":23,"key":"SMITH"},{"data":"3","floor":25,"key":"LIFT"},{"floor":32,"key":"REST"}],"neow_cost":"NONE","seed_source_timestamp":29911801457987,"circlet_count":0,"master_deck":["AscendersBane","Strike_B","Defend_B","Defend_B","Defend_B","Defend_B","Zap+1","Dualcast","Sweeping Beam","Doom and Gloom+1","Coolheaded+1","FTL","Steam","Ball Lightning","Hyperbeam+1","Hologram","Coolheaded","FTL","Parasite","Echo Form","Glacier","FTL"],"relics":["Cracked Core","Smiling Mask","The Courier","Art of War","Girya","Mango","Cursed Key","Centennial Puzzle","Sundial","Dream Catcher","Pen Nib"],"potions_floor_usage":[7,11,18,24,28,29],"damage_taken":[{"damage":6,"enemies":"Jaw Worm","floor":1,"turns":6},{"damage":0,"enemies":"Small Slimes","floor":2,"turns":2},{"damage":4,"enemies":"2 Louse","floor":4,"turns":2},{"damage":20,"enemies":"Lagavulin","floor":7,"turns":5},{"damage":8,"enemies":"Gremlin Nob","floor":10,"turns":3},{"damage":7,"enemies":"Gremlin Gang","floor":11,"turns":6},{"damage":11,"enemies":"3 Sentries","floor":13,"turns":7},{"damage":6,"enemies":"The Guardian","floor":16,"turns":11},{"damage":2,"enemies":"Shell Parasite","floor":18,"turns":3},{"damage":2,"enemies":"Chosen","floor":21,"turns":3},{"damage":9,"enemies":"Snake Plant","floor":22,"turns":4},{"damage":10,"enemies":"Gremlin Leader","floor":24,"turns":4},{"damage":8,"enemies":"Centurion and Healer","floor":28,"turns":3},{"damage":9,"enemies":"Book of Stabbing","floor":29,"turns":4},{"damage":0,"enemies":"Sentry and Sphere","floor":30,"turns":2},{"damage":28,"enemies":"Gremlin Leader","floor":31,"turns":5},{"damage":57,"enemies":"Automaton","floor":33,"turns":6}],"seed_played":"5279354725412417475","potions_obtained":[{"floor":4,"key":"Energy Potion"},{"floor":7,"key":"Regen Potion"},{"floor":13,"key":"SkillPotion"},{"floor":16,"key":"EssenceOfSteel"},{"floor":18,"key":"AttackPotion"},{"floor":24,"key":"Weak Potion"},{"floor":29,"key":"Energy Potion"},{"floor":31,"key":"Energy Potion"}],"is_trial":false,"path_per_floor":["M","M","?","M","$","R","E","R","T","E","M","R","E","?","R","B",null,"M","?","$","M","M","R","E","R","T","?","M","E","M","E","R","B"],"character_chosen":"DEFECT","items_purchased":["FTL","Centennial Puzzle"],"campfire_rested":1,"item_purchase_floors":[5,20],"current_hp_per_floor":[58,58,63,59,59,59,39,39,39,31,39,39,42,35,35,29,75,73,73,73,71,62,62,52,52,52,52,44,35,35,7,34,0],"gold":194,"neow_bonus":"RANDOM_COMMON_RELIC","is_prod":false,"is_daily":false,"chose_seed":false,"campfire_upgraded":3,"win_rate":0,"timestamp":1550173616,"path_taken":["M","M","?","M","$","R","E","R","T","E","M","R","E","?","R","BOSS","M","?","$","M","?","R","E","R","T","?","?","E","M","E","R","BOSS"],"build_version":"2019-01-23","purchased_purges":2,"victory":false,"max_hp_per_floor":[71,71,76,76,76,76,76,76,76,76,76,76,90,90,90,90,90,90,90,90,90,90,90,90,90,90,90,90,90,90,90,90,90],"card_choices":[{"not_picked":["Coolheaded","Beam Cell"],"picked":"Sweeping Beam","floor":1},{"not_picked":["White Noise","Sweeping Beam"],"picked":"Doom and Gloom","floor":2},{"not_picked":["Leap","Gash"],"picked":"Coolheaded","floor":4},{"not_picked":["Double Energy","Stack"],"picked":"Steam","floor":7},{"not_picked":["Turbo","Creative AI","Auto Shields"],"picked":"SKIP","floor":10},{"not_picked":["Gash","Leap"],"picked":"Ball Lightning","floor":11},{"not_picked":["Streamline","Chaos","Steam"],"picked":"SKIP","floor":13},{"not_picked":["Buffer","Multi-Cast"],"picked":"Hyperbeam","floor":16},{"not_picked":["Go for the Eyes","Beam Cell+1"],"picked":"Hologram","floor":18},{"not_picked":["Beam Cell","Conserve Battery","Cold Snap"],"picked":"SKIP","floor":21},{"not_picked":["Melter","Rebound","Cold Snap"],"picked":"SKIP","floor":22},{"not_picked":["Scrape","Sunder"],"picked":"FTL","floor":24},{"not_picked":["Redo","Rebound"],"picked":"Echo Form","floor":28},{"not_picked":["Doom and Gloom","Cold Snap","Loop"],"picked":"SKIP","floor":29},{"not_picked":["Doom and Gloom","Cold Snap","Loop"],"picked":"SKIP","floor":29},{"not_picked":["Consume","Coolheaded"],"picked":"Glacier","floor":30},{"not_picked":["Force Field","Go for the Eyes","Chaos"],"picked":"SKIP","floor":31},{"not_picked":["Steam+1","Melter"],"picked":"FTL","floor":32}],"player_experience":960660,"relics_obtained":[{"floor":7,"key":"The Courier"},{"floor":9,"key":"Art of War"},{"floor":10,"key":"Girya"},{"floor":13,"key":"Mango"},{"floor":24,"key":"Sundial"},{"floor":29,"key":"Dream Catcher"},{"floor":31,"key":"Pen Nib"}],"event_choices":[{"damage_healed":0,"gold_gain":0,"player_choice":"Donut","damage_taken":0,"max_hp_gain":5,"max_hp_loss":0,"event_name":"Big Fish","floor":3,"gold_loss":0},{"cards_removed":["Strike_B"],"damage_healed":0,"gold_gain":0,"player_choice":"Card Removal","damage_taken":7,"max_hp_gain":0,"max_hp_loss":0,"event_name":"Golden Wing","floor":14,"gold_loss":0},{"damage_healed":0,"gold_gain":0,"player_choice":"Copied","damage_taken":0,"max_hp_gain":0,"max_hp_loss":0,"event_name":"Duplicator","floor":19,"gold_loss":0,"cards_obtained":["Coolheaded"]},{"damage_healed":0,"gold_gain":0,"player_choice":"Forge","damage_taken":0,"max_hp_gain":0,"max_hp_loss":0,"event_name":"Accursed Blacksmith","floor":27,"gold_loss":0,"cards_upgraded":["Coolheaded"]}],"is_beta":false,"boss_relics":[{"not_picked":["Orrery","Empty Cage"],"picked":"Cursed Key"}],"items_purged_floors":[5,20],"is_endless":false,"potions_floor_spawned":[4,7,13,16,18,24,29,31],"killed_by":"Automaton","ascension_level":20}