{"gold_per_floor":[115,115,40,60,74,74,113,113,113,149,149,173,189,212,212,212],"floor_reached":16,"playtime":763,"items_purged":[],"score":224,"play_id":"17c67cd9-97b1-4dc6-8697-9ad08bbb32e0","local_time":"20190304214926","is_ascension_mode":true,"campfire_choices":[{"data":"Poisoned Stab","floor":6,"key":"SMITH"},{"floor":8,"key":"REST"},{"data":"Footwork","floor":11,"key":"SMITH"},{"floor":15,"key":"REST"}],"neow_cost":"NONE","seed_source_timestamp":33637237407398,"circlet_count":0,"master_deck":["AscendersBane","Defend_G","Defend_G","Defend_G","Defend_G","Defend_G","Strike_G+1","Strike_G","Strike_G","Strike_G","Survivor","Neutralize+1","Poisoned Stab+1","Quick Slash","Footwork+1","Poisoned Stab","Dodge and Roll","Deflect","After Image","Dash"],"relics":["Ring of the Snake","Whetstone","Golden Idol","Smiling Mask","Matryoshka","Pear"],"potions_floor_usage":[16,16],"damage_taken":[{"damage":4,"enemies":"Jaw Worm","floor":1,"turns":5},{"damage":0,"enemies":"2 Louse","floor":4,"turns":2},{"damage":3,"enemies":"Small Slimes","floor":5,"turns":4},{"damage":26,"enemies":"3 Sentries","floor":7,"turns":11},{"damage":27,"enemies":"Gremlin Nob","floor":10,"turns":4},{"damage":0,"enemies":"Looter","floor":12,"turns":3},{"damage":0,"enemies":"3 Louse","floor":13,"turns":4},{"damage":0,"enemies":"Large Slime","floor":14,"turns":7},{"damage":55,"enemies":"Slime Boss","floor":16,"turns":15}],"seed_played":"-6064266594950489725","potions_obtained":[{"floor":4,"key":"Dexterity Potion"},{"floor":10,"key":"Block Potion"}],"is_trial":false,"path_per_floor":["M","?","?","M","M","R","E","R","T","E","R","M","M","M","R","B"],"character_chosen":"THE_SILENT","items_purchased":[],"campfire_rested":2,"item_purchase_floors":[],"current_hp_per_floor":[55,55,55,55,52,52,26,44,44,27,27,27,27,27,48,0],"gold":212,"neow_bonus":"RANDOM_COMMON_RELIC","is_prod":false,"is_daily":false,"chose_seed":false,"campfire_upgraded":2,"win_rate":0,"timestamp":1551732566,"path_taken":["M","?","?","M","M","R","E","R","T","E","R","M","M","M","R","BOSS"],"build_version":"2019-01-23","purchased_purges":0,"victory":false,"max_hp_per_floor":[66,60,60,60,60,60,60,60,60,70,70,70,70,70,70,70],"card_choices":[{"not_picked":["Caltrops","PiercingWail"],"picked":"Poisoned Stab","floor":1},{"not_picked":["Catalyst","Accuracy"],"picked":"Quick Slash","floor":4},{"not_picked":["PiercingWail","Dodge and Roll"],"picked":"Footwork","floor":5},{"not_picked":["Accuracy","Doppelganger"],"picked":"Poisoned Stab","floor":7},{"not_picked":["Quick Slash","Distraction"],"picked":"Dodge and Roll","floor":10},{"not_picked":["Sucker Punch","Blade Dance"],"picked":"Deflect","floor":12},{"not_picked":["Outmaneuver","PiercingWail"],"picked":"After Image","floor":13},{"not_picked":["All Out Attack","Dagger Spray"],"picked":"Dash","floor":14}],"player_experience":1008267,"relics_obtained":[{"floor":7,"key":"Smiling Mask"},{"floor":9,"key":"Matryoshka"},{"floor":10,"key":"Pear"}],"event_choices":[{"damage_healed":0,"gold_gain":0,"player_choice":"Lose Max HP","damage_taken":0,"relics_obtained":["Golden Idol"],"max_hp_gain":0,"max_hp_loss":6,"event_name":"Golden Idol","floor":2,"gold_loss":0},{"cards_removed":["Strike_G"],"damage_healed":0,"gold_gain":0,"player_choice":"Card Removal","damage_taken":0,"max_hp_gain":0,"max_hp_loss":0,"event_name":"The Cleric","floor":3,"gold_loss":75}],"is_beta":false,"boss_relics":[],"items_purged_floors":[],"is_endless":false,"potions_floor_spawned":[4,10,13],"killed_by":"Slime Boss","ascension_level":20}