{"gold_per_floor":[117,117,135,11,23,51,51,126,153,173,173,203,203,0,0,101,101,113,125,25,25,25,25],"floor_reached":23,"playtime":771,"items_purged":["Strike_R","Pain"],"score":234,"play_id":"9424a415-2f04-41ac-894f-36a434fae70c","local_time":"20190205104517","is_ascension_mode":true,"campfire_choices":[{"data":"Rampage","floor":7,"key":"SMITH"},{"data":"Disarm","floor":11,"key":"SMITH"},{"data":"Flex","floor":13,"key":"SMITH"},{"data":"Bash","floor":15,"key":"SMITH"}],"neow_cost":"NONE","seed_source_timestamp":2451828347625,"circlet_count":0,"master_deck":["Strike_R","Strike_R","Strike_R","Strike_R","Defend_R+1","Defend_R","Defend_R","Defend_R","Bash+1","Rampage+1","Disarm+1","Thunderclap","Flex+1","Immolate+1","Doubt","Doubt"],"relics":["Burning Blood","Bag of Marbles","Lantern","Juzu Bracelet","Strange Spoon","Calling Bell","Ancient Tea Set","Singing Bowl","Torii"],"potions_floor_usage":[10,16],"damage_taken":[{"damage":2,"enemies":"Jaw Worm","floor":1,"turns":3},{"damage":0,"enemies":"Cultist","floor":3,"turns":3},{"damage":4,"enemies":"Small Slimes","floor":5,"turns":4},{"damage":34,"enemies":"Gremlin Nob","floor":6,"turns":5},{"damage":0,"enemies":"Blue Slaver","floor":10,"turns":3},{"damage":4,"enemies":"Slime Boss","floor":16,"turns":6},{"damage":51,"enemies":"3 Byrds","floor":18,"turns":7},{"damage":18,"enemies":"Chosen","floor":19,"turns":6},{"damage":47,"enemies":"Gremlin Leader","floor":23,"turns":4}],"seed_played":"8037665608511883457","potions_obtained":[{"floor":5,"key":"Explosive Potion"},{"floor":6,"key":"AttackPotion"}],"is_trial":false,"path_per_floor":["M","?","M","$","M","E","R","?","T","M","R","?","R","$","R","B",null,"M","M","$","?","?","E"],"character_chosen":"IRONCLAD","items_purchased":["Thunderclap","Strange Spoon"],"campfire_rested":0,"item_purchase_floors":[4,14],"current_hp_per_floor":[80,80,80,80,80,52,52,41,41,47,47,47,47,47,47,49,72,29,19,19,47,47,0],"gold":25,"neow_bonus":"UPGRADE_CARD","is_prod":false,"is_daily":false,"chose_seed":false,"campfire_upgraded":4,"win_rate":0,"timestamp":1549377917,"path_taken":["M","?","?","$","M","E","R","?","T","M","R","?","R","?","R","BOSS","M","M","$","?","?","E"],"build_version":"2019-01-23","purchased_purges":2,"victory":false,"max_hp_per_floor":[80,80,80,80,80,80,80,80,80,80,80,80,80,80,80,80,80,82,84,84,84,84,84],"card_choices":[{"not_picked":["Anger","Perfected Strike"],"picked":"Rampage","floor":1},{"not_picked":["Warcry","Havoc"],"picked":"Disarm","floor":3},{"not_picked":["Body Slam","Heavy Blade"],"picked":"Flex","floor":5},{"not_picked":["Anger","Power Through","Bludgeon"],"picked":"SKIP","floor":6},{"not_picked":["Twin Strike","Pummel","Warcry"],"picked":"SKIP","floor":10},{"not_picked":["Bludgeon","Impervious"],"picked":"Immolate","floor":16},{"not_picked":["Rage+1","Inflame+1","Sword Boomerang+1"],"picked":"Singing Bowl","floor":18},{"not_picked":["Warcry","Pommel Strike+1","Infernal Blade"],"picked":"Singing Bowl","floor":19}],"player_experience":425236,"relics_obtained":[{"floor":6,"key":"Bag of Marbles"},{"floor":9,"key":"Lantern"},{"floor":17,"key":"Ancient Tea Set"},{"floor":17,"key":"Singing Bowl"},{"floor":17,"key":"Torii"}],"event_choices":[{"damage_healed":0,"gold_gain":0,"player_choice":"0 cards matched","damage_taken":0,"max_hp_gain":0,"max_hp_loss":0,"event_name":"Match and Keep!","floor":2,"gold_loss":0,"cards_obtained":[]},{"damage_healed":0,"gold_gain":75,"player_choice":"Gather Gold","damage_taken":11,"max_hp_gain":0,"max_hp_loss":0,"event_name":"World of Goop","floor":8,"gold_loss":0},{"damage_healed":0,"gold_gain":30,"player_choice":"Searched \u00272\u0027 times","damage_taken":0,"relics_obtained":["Juzu Bracelet"],"max_hp_gain":0,"max_hp_loss":0,"event_name":"Dead Adventurer","floor":12,"gold_loss":0},{"damage_healed":28,"gold_gain":0,"player_choice":"Heal","damage_taken":0,"max_hp_gain":0,"max_hp_loss":0,"event_name":"The Library","floor":21,"gold_loss":0},{"damage_healed":0,"gold_gain":0,"player_choice":"Upgraded","damage_taken":0,"max_hp_gain":0,"max_hp_loss":0,"event_name":"Upgrade Shrine","floor":22,"gold_loss":0,"cards_upgraded":["Immolate"]}],"is_beta":false,"boss_relics":[{"not_picked":["Astrolabe","Black Star"],"picked":"Calling Bell"}],"items_purged_floors":[4,20],"is_endless":false,"potions_floor_spawned":[5,6],"killed_by":"Gremlin Leader","ascension_level":5}