{"gold_per_floor":[110,160,173,3,23,51,51,69,69,69,104,104,130,146,146,220,220,238,8,27,27,27,27,61,61,88,117,117,145,175,287,299,311],"floor_reached":33,"playtime":1646,"items_purged":["Strike_R"],"score":692,"play_id":"8738006f-09f8-46f6-96ea-3c6ac2798aa8","local_time":"20190609231120","is_ascension_mode":true,"campfire_choices":[{"data":"Bash","floor":7.0,"key":"SMITH"},{"data":"Inflame","floor":10.0,"key":"SMITH"},{"floor":12.0,"key":"REST"},{"data":"True Grit","floor":15.0,"key":"SMITH"},{"data":"Armaments","floor":23,"key":"SMITH"},{"data":"True Grit","floor":25,"key":"SMITH"},{"data":"Feel No Pain","floor":28,"key":"SMITH"},{"data":"Feel No Pain","floor":32,"key":"SMITH"}],"neow_cost":"NONE","seed_source_timestamp":38013660214015,"circlet_count":0,"master_deck":["AscendersBane","Defend_R","Defend_R","Defend_R","Defend_R","Bash+1","Feel No Pain+1","Anger","Battle Trance","Flash of Steel","Battle Trance","Inflame+1","Spot Weakness","Battle Trance","True Grit+1","Fiend Fire+1","True Grit+1","Feel No Pain+1","Armaments+1","Bite+1","Bite+1","Bite+1","Bite+1","Bite+1","Sword Boomerang+1","Writhe","Battle Trance","Disarm+1","Metallicize+1"],"special_seed":0,"relics":["Burning Blood","Pantograph","Molten Egg 2","Bottled Flame","Cursed Key","DollysMirror","Smiling Mask","Vajra","Shuriken","MawBank","Mango","Meat on the Bone"],"potions_floor_usage":[24,29,31,33],"damage_taken":[{"damage":3.0,"enemies":"2 Louse","floor":1.0,"turns":5.0},{"damage":0.0,"enemies":"Cultist","floor":3.0,"turns":3.0},{"damage":7.0,"enemies":"Small Slimes","floor":5.0,"turns":3.0},{"damage":39.0,"enemies":"Gremlin Nob","floor":6.0,"turns":4.0},{"damage":11.0,"enemies":"Blue Slaver","floor":8.0,"turns":3.0},{"damage":10.0,"enemies":"Lagavulin","floor":11.0,"turns":4.0},{"damage":11.0,"enemies":"Gremlin Nob","floor":13.0,"turns":3.0},{"damage":0.0,"enemies":"2 Fungi Beasts","floor":14.0,"turns":4.0},{"damage":35.0,"enemies":"Slime Boss","floor":16.0,"turns":8.0},{"damage":13,"enemies":"Shell Parasite","floor":18,"turns":4},{"damage":0,"enemies":"Chosen","floor":20,"turns":3},{"damage":22,"enemies":"Gremlin Leader","floor":24,"turns":7},{"damage":36,"enemies":"Slavers","floor":27,"turns":6},{"damage":45,"enemies":"Book of Stabbing","floor":29,"turns":5},{"damage":0,"enemies":"Centurion and Healer","floor":30,"turns":4},{"damage":9,"enemies":"Colosseum Slavers","floor":31,"turns":6},{"damage":7,"enemies":"Colosseum Nobs","floor":31,"turns":6},{"damage":82,"enemies":"Automaton","floor":33,"turns":6}],"seed_played":"3567590712513585143","potions_obtained":[{"floor":3.0,"key":"Dexterity Potion"},{"floor":5.0,"key":"BloodPotion"},{"floor":6.0,"key":"FearPotion"},{"floor":16.0,"key":"GamblersBrew"},{"floor":20,"key":"LiquidBronze"},{"floor":27,"key":"Ancient Potion"},{"floor":31,"key":"SpeedPotion"}],"is_trial":false,"path_per_floor":["M","?","M","$","M","E","R","M","T","R","E","R","E","M","R","B",null,"M","$","M","?","?","R","E","R","T","E","R","E","M","?","R","B"],"character_chosen":"IRONCLAD","items_purchased":["Flash of Steel","DollysMirror"],"campfire_rested":1,"item_purchase_floors":[4,19],"current_hp_per_floor":[71,64,70,70,69,43,43,38,38,38,34,56,51,57,57,46,68,61,61,67,67,52,52,52,52,52,37,37,7,28,65,65,0],"gold":311,"neow_bonus":"THREE_CARDS","is_prod":false,"is_daily":false,"chose_seed":false,"campfire_upgraded":7,"win_rate":0,"timestamp":1560114680,"path_taken":["M","?","?","$","M","E","R","M","T","R","E","R","E","M","R","BOSS","M","$","M","?","?","R","E","R","T","E","R","E","M","?","R","BOSS"],"build_version":"2019-01-23","purchased_purges":1,"victory":false,"max_hp_per_floor":[75,75,75,75,75,75,75,75,75,75,75,75,75,75,75,75,75,75,75,75,75,52,52,52,52,52,52,52,52,52,66,66,66],"card_choices":[{"not_picked":["Intimidate","Pommel Strike"],"picked":"Feel No Pain","floor":0.0},{"not_picked":["Carnage","Shrug It Off"],"picked":"Anger","floor":1.0},{"not_picked":["Pommel Strike","Entrench"],"picked":"Battle Trance","floor":3.0},{"not_picked":["Entrench","Rupture"],"picked":"Battle Trance","floor":5.0},{"not_picked":["Armaments","Body Slam"],"picked":"Inflame","floor":6.0},{"not_picked":["Reckless Charge","Anger"],"picked":"Spot Weakness","floor":8.0},{"not_picked":["Anger","Carnage"],"picked":"Battle Trance","floor":11.0},{"not_picked":["Metallicize","Spot Weakness"],"picked":"True Grit","floor":13.0},{"not_picked":["Flex","Fire Breathing","Sever Soul+1"],"picked":"SKIP","floor":14.0},{"not_picked":["Berserk","Impervious"],"picked":"Fiend Fire+1","floor":16.0},{"not_picked":["Body Slam+1","Carnage+1"],"picked":"True Grit","floor":18},{"not_picked":["Twin Strike+1","Body Slam+1"],"picked":"Armaments","floor":20},{"not_picked":["Wild Strike+1","Thunderclap+1"],"picked":"Sword Boomerang+1","floor":24},{"not_picked":["Cleave+1","Rampage+1"],"picked":"Battle Trance","floor":27},{"not_picked":["Clash+1","Seeing Red"],"picked":"Disarm+1","floor":29},{"not_picked":["True Grit","Warcry"],"picked":"Metallicize+1","floor":30}],"player_experience":1322715,"relics_obtained":[{"floor":6.0,"key":"Pantograph"},{"floor":11.0,"key":"Molten Egg 2"},{"floor":13.0,"key":"Bottled Flame"},{"floor":24,"key":"Smiling Mask"},{"floor":26,"key":"Vajra"},{"floor":27,"key":"Shuriken"},{"floor":29,"key":"MawBank"},{"floor":31,"key":"Mango"},{"floor":31,"key":"Meat on the Bone"}],"event_choices":[{"damage_healed":0.0,"max_hp_gain":0.0,"max_hp_loss":0.0,"gold_gain":50.0,"event_name":"FaceTrader","player_choice":"Touch","floor":2.0,"gold_loss":0.0,"damage_taken":7.0},{"damage_healed":0,"gold_gain":0,"player_choice":"Ignored","damage_taken":0,"max_hp_gain":0,"max_hp_loss":0,"event_name":"Beggar","floor":21,"gold_loss":0},{"damage_healed":0,"gold_gain":0,"player_choice":"Became a vampire","damage_taken":0,"max_hp_gain":0,"max_hp_loss":23,"event_name":"Vampires","floor":22,"gold_loss":0,"cards_obtained":["Bite","Bite","Bite","Bite","Bite"]},{"damage_healed":0,"gold_gain":0,"player_choice":"Fight","damage_taken":0,"max_hp_gain":0,"max_hp_loss":0,"event_name":"Colosseum","floor":31,"gold_loss":0},{"damage_healed":0,"gold_gain":0,"player_choice":"Fought Nobs","damage_taken":0,"max_hp_gain":0,"max_hp_loss":0,"event_name":"Colosseum","floor":31,"gold_loss":0}],"is_beta":false,"boss_relics":[{"not_picked":["Orrery","Fusion Hammer"],"picked":"Cursed Key"}],"items_purged_floors":[4],"is_endless":false,"potions_floor_spawned":[3,5,6,16,20,27,31,31],"killed_by":"Automaton","ascension_level":20}