{"gold_per_floor":[117,117,135,145,420,420,450,450,450,450,477,492,0,0,0,74,74,86,100,100,100,115,140,140,165,165,165,165,184,184],"floor_reached":30,"playtime":1775,"items_purged":["Regret"],"score":552,"play_id":"f1a169eb-c276-43b0-af88-35fa72850c7c","local_time":"20190505192751","is_ascension_mode":true,"campfire_choices":[{"data":"Neutralize","floor":6.0,"key":"SMITH"},{"data":"Dagger Spray","floor":8.0,"key":"SMITH"},{"floor":10.0,"key":"REST"},{"floor":15.0,"key":"REST"},{"floor":24,"key":"REST"}],"neow_cost":"NONE","seed_source_timestamp":22026714566552,"circlet_count":0,"master_deck":["AscendersBane","Defend_G","Defend_G","Defend_G","Defend_G","Defend_G","Strike_G","Strike_G","Strike_G","Strike_G","Survivor","Neutralize+1","Poisoned Stab","Backflip","Dash","Dagger Spray+1","Well Laid Plans","Backstab","Deadly Poison+1","Good Instincts+1","Prepared+1","Escape Plan+1","Prepared+1","Malaise+1","Bouncing Flask+1","Cloak And Dagger+1"],"special_seed":0,"relics":["Ring of the Snake","NeowsBlessing","The Specimen","Question Card","Singing Bowl","Toxic Egg 2","Fusion Hammer","Shuriken","Smiling Mask","Sundial","Kunai"],"potions_floor_usage":[18,23,28],"damage_taken":[{"damage":0.0,"enemies":"2 Louse","floor":1.0,"turns":1.0},{"damage":0.0,"enemies":"Cultist","floor":3.0,"turns":1.0},{"damage":0.0,"enemies":"Jaw Worm","floor":4.0,"turns":1.0},{"damage":35.0,"enemies":"Lagavulin","floor":7.0,"turns":9.0},{"damage":23.0,"enemies":"3 Sentries","floor":11.0,"turns":12.0},{"damage":8.0,"enemies":"Red Slaver","floor":12.0,"turns":3.0},{"damage":15.0,"enemies":"Slime Boss","floor":16.0,"turns":11.0},{"damage":3,"enemies":"2 Thieves","floor":18,"turns":4},{"damage":10,"enemies":"Chosen","floor":19,"turns":5},{"damage":16,"enemies":"Snecko","floor":22,"turns":6},{"damage":27,"enemies":"Slavers","floor":23,"turns":6},{"damage":21,"enemies":"Gremlin Leader","floor":25,"turns":7},{"damage":9,"enemies":"Colosseum Slavers","floor":28,"turns":5},{"damage":0,"enemies":"Centurion and Healer","floor":29,"turns":6},{"damage":5,"enemies":"Cultist and Chosen","floor":30,"turns":6}],"seed_played":"-4383957532592381054","potions_obtained":[{"floor":4.0,"key":"Fire Potion"},{"floor":12.0,"key":"SpeedPotion"},{"floor":16.0,"key":"AttackPotion"},{"floor":19,"key":"Regen Potion"},{"floor":22,"key":"Block Potion"},{"floor":29,"key":"Energy Potion"}],"is_trial":false,"path_per_floor":["M","?","M","M","?","R","E","R","T","R","E","M","$","?","R","B",null,"M","M","T","?","M","E","R","E","T","?","?","M","M"],"character_chosen":"THE_SILENT","items_purchased":["Toxic Egg 2","Good Instincts+1","Fire Potion"],"campfire_rested":3,"item_purchase_floors":[13,13,13],"current_hp_per_floor":[59,59,59,59,59,59,24,24,24,43,20,12,12,12,31,18,56,53,43,43,43,27,15,35,14,14,14,5,5,0],"gold":184,"neow_bonus":"THREE_ENEMY_KILL","is_prod":false,"is_daily":false,"chose_seed":false,"campfire_upgraded":2,"win_rate":0,"timestamp":1557077271,"path_taken":["M","?","M","?","?","R","E","R","T","R","E","?","$","?","R","BOSS","M","M","?","?","M","E","R","E","T","?","?","M","M"],"build_version":"2019-01-23","purchased_purges":1,"victory":false,"max_hp_per_floor":[66,66,66,66,66,66,66,66,66,66,66,66,66,66,66,68,68,68,68,68,68,68,68,68,68,68,68,68,68,68],"card_choices":[{"not_picked":["Outmaneuver","Tactician"],"picked":"Poisoned Stab","floor":1.0},{"not_picked":["Deflect","Flying Knee"],"picked":"Dash","floor":3.0},{"not_picked":["Reflex","Slice"],"picked":"Dagger Spray","floor":4.0},{"not_picked":["Blade Dance","Poisoned Stab"],"picked":"Well Laid Plans","floor":7.0},{"not_picked":["Endless Agony","Expertise","Flying Knee"],"picked":"Backstab","floor":11.0},{"not_picked":["Underhanded Strike","Quick Slash","Caltrops"],"picked":"Deadly Poison","floor":12.0},{"not_picked":["Tools of the Trade","Glass Knife","Bullet Time+1","Night Terror+1"],"picked":"Singing Bowl","floor":16.0},{"not_picked":["Sucker Punch","Poisoned Stab","Slice"],"picked":"Prepared+1","floor":18},{"not_picked":["Quick Slash+1","Deflect+1","Calculated Gamble+1"],"picked":"Escape Plan+1","floor":19},{"not_picked":["Masterful Stab","Setup+1","All Out Attack+1"],"picked":"Prepared+1","floor":22},{"not_picked":["Endless Agony","Choke","Burst+1"],"picked":"Malaise+1","floor":23},{"not_picked":["Dash","Dagger Throw","Dagger Spray"],"picked":"Bouncing Flask+1","floor":25},{"not_picked":["PiercingWail+1","Outmaneuver+1","Prepared+1"],"picked":"Cloak And Dagger+1","floor":29}],"player_experience":1204212,"relics_obtained":[{"floor":7.0,"key":"The Specimen"},{"floor":9.0,"key":"Question Card"},{"floor":11.0,"key":"Singing Bowl"},{"floor":20,"key":"Shuriken"},{"floor":23,"key":"Smiling Mask"},{"floor":25,"key":"Sundial"},{"floor":26,"key":"Kunai"}],"event_choices":[{"damage_healed":0.0,"max_hp_gain":0.0,"max_hp_loss":0.0,"gold_gain":0.0,"cards_transformed":["Strike_G"],"event_name":"Transmorgrifier","player_choice":"Transformed","floor":2.0,"gold_loss":0.0,"damage_taken":0.0,"cards_obtained":["Backflip"]},{"damage_healed":0.0,"max_hp_gain":0.0,"max_hp_loss":0.0,"gold_gain":275.0,"event_name":"Golden Shrine","player_choice":"Desecrate","floor":5.0,"gold_loss":0.0,"damage_taken":0.0,"cards_obtained":["Regret"]},{"damage_healed":0.0,"max_hp_gain":0.0,"max_hp_loss":0.0,"gold_gain":0.0,"event_name":"Upgrade Shrine","player_choice":"Upgraded","floor":14.0,"gold_loss":0.0,"damage_taken":0.0,"cards_upgraded":["Deadly Poison"]},{"damage_healed":0,"gold_gain":0,"player_choice":"Ignored","damage_taken":0,"max_hp_gain":0,"max_hp_loss":0,"event_name":"Vampires","floor":21,"gold_loss":0},{"damage_healed":0,"gold_gain":0,"player_choice":"Ignored","damage_taken":0,"max_hp_gain":0,"max_hp_loss":0,"event_name":"Cursed Tome","floor":27,"gold_loss":0},{"damage_healed":0,"gold_gain":0,"player_choice":"Fight","damage_taken":0,"max_hp_gain":0,"max_hp_loss":0,"event_name":"Colosseum","floor":28,"gold_loss":0},{"damage_healed":0,"gold_gain":0,"player_choice":"Fled From Nobs","damage_taken":0,"max_hp_gain":0,"max_hp_loss":0,"event_name":"Colosseum","floor":28,"gold_loss":0}],"is_beta":false,"boss_relics":[{"not_picked":["Coffee Dripper","Snecko Eye"],"picked":"Fusion Hammer"}],"items_purged_floors":[13],"is_endless":false,"potions_floor_spawned":[4,12,16,19,22,28,29],"killed_by":"Cultist and Chosen","ascension_level":20}