{"gold_per_floor":[117,131,149,1,1,27,27,55,129,129,142,153,153,182,182,256,256,270,281,281,296,315,374,374,404,479,496,523,523,19,44,44,44],"floor_reached":33,"playtime":2431,"items_purged":["Twin Strike"],"score":840,"play_id":"7e55d692-593b-4045-bacc-b102b9cc3195","local_time":"20190202182840","is_ascension_mode":true,"campfire_choices":[{"data":"1","floor":7.0,"key":"LIFT"},{"data":"Armaments","floor":13.0,"key":"SMITH"},{"data":"2","floor":15.0,"key":"LIFT"},{"floor":24,"key":"REST"},{"floor":29,"key":"REST"},{"floor":32,"key":"REST"}],"neow_cost":"NONE","seed_source_timestamp":0,"circlet_count":0,"master_deck":["AscendersBane","Defend_R","Defend_R","Defend_R","Defend_R","Bash+1","Disarm","Pommel Strike","Cleave","Spot Weakness","Armaments+1","Battle Trance","Shrug It Off","Feed","Juggernaut","Seeing Red+1","Offering+1","Burning Pact+1","Clothesline","Havoc+1","Exhume","Shrug It Off","Shrug It Off","Uppercut","True Grit","Shrug It Off","Feel No Pain","Flame Barrier","Feel No Pain"],"special_seed":0,"relics":["Burning Blood","Girya","PreservedInsect","Self Forming Clay","Prayer Wheel","Astrolabe","Tiny Chest","Nunchaku","Potion Belt","Bottled Lightning","Meat on the Bone"],"potions_floor_usage":[33],"damage_taken":[{"damage":1.0,"enemies":"Cultist","floor":1.0,"turns":4.0},{"damage":12.0,"enemies":"2 Louse","floor":2.0,"turns":3.0},{"damage":8.0,"enemies":"Small Slimes","floor":3.0,"turns":4.0},{"damage":35.0,"enemies":"3 Sentries","floor":6.0,"turns":7.0},{"damage":18.0,"enemies":"Lagavulin","floor":8.0,"turns":7.0},{"damage":2.0,"enemies":"Looter","floor":11.0,"turns":4.0},{"damage":1.0,"enemies":"Red Slaver","floor":12.0,"turns":3.0},{"damage":2.0,"enemies":"3 Sentries","floor":14.0,"turns":4.0},{"damage":30.0,"enemies":"Hexaghost","floor":16.0,"turns":12.0},{"damage":13.0,"enemies":"Chosen","floor":18.0,"turns":4.0},{"damage":12.0,"enemies":"2 Thieves","floor":19.0,"turns":5.0},{"damage":15.0,"enemies":"3 Cultists","floor":21.0,"turns":4.0},{"damage":6.0,"enemies":"Snake Plant","floor":22.0,"turns":7.0},{"damage":41,"enemies":"Book of Stabbing","floor":23,"turns":9},{"damage":6,"enemies":"Gremlin Leader","floor":25,"turns":4},{"damage":6,"enemies":"Centurion and Healer","floor":27,"turns":7},{"damage":18,"enemies":"Book of Stabbing","floor":28,"turns":6},{"damage":12,"enemies":"Slavers","floor":31,"turns":3},{"damage":106,"enemies":"Automaton","floor":33,"turns":14}],"seed_played":"3939404110676644618","potions_obtained":[{"floor":2.0,"key":"SteroidPotion"},{"floor":19.0,"key":"EssenceOfSteel"},{"floor":23,"key":"Energy Potion"},{"floor":27,"key":"Block Potion"}],"is_trial":false,"path_per_floor":["M","M","M","$","?","E","R","E","T","?","M","M","R","E","R","B",null,"M","M","?","M","M","E","R","E","T","M","E","R","$","E","R","B"],"character_chosen":"IRONCLAD","items_purchased":["Spot Weakness","Twin Strike","Weak Potion","Feel No Pain","Bottled Lightning","Flame Barrier"],"campfire_rested":3,"item_purchase_floors":[4,4,4,30,30,30],"current_hp_per_floor":[73,67,65,65,65,36,36,24,24,24,28,33,33,37,37,13,60,53,47,47,46,50,15,41,44,44,47,35,62,62,59,87,0],"gold":44,"neow_bonus":"UPGRADE_CARD","is_prod":false,"is_daily":false,"chose_seed":false,"campfire_upgraded":1,"win_rate":0,"timestamp":1549128520,"path_taken":["M","?","M","$","?","E","R","E","T","?","M","M","R","E","R","BOSS","M","M","?","M","?","E","R","E","T","M","E","R","$","E","R","BOSS"],"build_version":"2019-01-23","purchased_purges":1,"victory":false,"max_hp_per_floor":[75,75,75,75,75,75,75,75,75,75,75,75,75,75,75,75,75,75,75,75,83,87,87,87,90,90,93,93,93,93,96,96,96],"card_choices":[{"not_picked":["Heavy Blade","Headbutt"],"picked":"Disarm","floor":1.0},{"not_picked":["Thunderclap","Inflame"],"picked":"Pommel Strike","floor":2.0},{"not_picked":["Body Slam","Dark Embrace"],"picked":"Cleave","floor":3.0},{"not_picked":["Sentinel","Warcry"],"picked":"Armaments","floor":6.0},{"not_picked":["Power Through","Sword Boomerang"],"picked":"Battle Trance","floor":8.0},{"not_picked":["Fire Breathing","True Grit"],"picked":"Shrug It Off","floor":11.0},{"not_picked":["Sever Soul","Thunderclap","Armaments"],"picked":"SKIP","floor":12.0},{"not_picked":["Hemokinesis","Shrug It Off"],"picked":"Feed","floor":14.0},{"not_picked":["Berserk","Barricade"],"picked":"Juggernaut","floor":16.0},{"not_picked":["Sever Soul","Wild Strike"],"picked":"Clothesline","floor":18.0},{"not_picked":["Iron Wave","Wild Strike","Twin Strike"],"picked":"SKIP","floor":18.0},{"not_picked":["Heavy Blade","Clash+1"],"picked":"Havoc+1","floor":19.0},{"not_picked":["Perfected Strike","Carnage"],"picked":"Exhume","floor":19.0},{"not_picked":["Searing Blow","Reckless Charge","Second Wind"],"picked":"SKIP","floor":21.0},{"not_picked":["Dual Wield","Power Through","Clothesline"],"picked":"SKIP","floor":21.0},{"not_picked":["Wild Strike","Reckless Charge"],"picked":"Shrug It Off","floor":22.0},{"not_picked":["Twin Strike","Intimidate"],"picked":"Shrug It Off","floor":22.0},{"not_picked":["Twin Strike","Second Wind"],"picked":"Uppercut","floor":23},{"not_picked":["Heavy Blade","Clothesline"],"picked":"True Grit","floor":25},{"not_picked":["Twin Strike","Pummel"],"picked":"Shrug It Off","floor":27},{"not_picked":["Whirlwind","Bludgeon","Flex"],"picked":"SKIP","floor":27},{"not_picked":["Intimidate","True Grit","Sever Soul"],"picked":"SKIP","floor":28},{"not_picked":["Wild Strike","Power Through"],"picked":"Feel No Pain","floor":31}],"player_experience":830752,"relics_obtained":[{"floor":6.0,"key":"Girya"},{"floor":8.0,"key":"PreservedInsect"},{"floor":9.0,"key":"Self Forming Clay"},{"floor":14.0,"key":"Prayer Wheel"},{"floor":23,"key":"Tiny Chest"},{"floor":25,"key":"Nunchaku"},{"floor":28,"key":"Potion Belt"},{"floor":31,"key":"Meat on the Bone"}],"event_choices":[{"damage_healed":0.0,"max_hp_gain":0.0,"max_hp_loss":0.0,"gold_gain":0.0,"event_name":"The Cleric","player_choice":"Leave","floor":5.0,"gold_loss":0.0,"damage_taken":0.0},{"cards_removed":["Strike_R"],"damage_healed":0.0,"max_hp_gain":0.0,"max_hp_loss":0.0,"gold_gain":0.0,"event_name":"Living Wall","player_choice":"Forget","floor":10.0,"gold_loss":0.0,"damage_taken":0.0},{"cards_removed":["Strike_R"],"damage_healed":0.0,"max_hp_gain":0.0,"max_hp_loss":0.0,"gold_gain":0.0,"event_name":"Purifier","player_choice":"Purged","floor":20.0,"gold_loss":0.0,"damage_taken":0.0}],"is_beta":false,"boss_relics":[{"not_picked":["Tiny House","Coffee Dripper"],"picked":"Astrolabe"}],"items_purged_floors":[30],"is_endless":false,"potions_floor_spawned":[2,6,8,11,12,19,23,27],"killed_by":"Automaton","ascension_level":20}