{"gold_per_floor":[113,38,53,70,70,103,103,120,199,199,234,36,36,54,54,54],"floor_reached":16,"playtime":723,"items_purged":["Strike_R"],"score":110,"play_id":"e2b73bdb-5eea-4a5e-ada9-9f8c4c20288e","local_time":"20190331111644","is_ascension_mode":false,"campfire_choices":[{"data":"Whirlwind","floor":7,"key":"SMITH"},{"data":"Bash","floor":15,"key":"SMITH"}],"neow_cost":"NONE","seed_source_timestamp":608963037407258,"circlet_count":0,"master_deck":["Strike_R","Strike_R","Strike_R","Strike_R","Defend_R","Defend_R","Defend_R","Defend_R","Bash+1","Whirlwind+1","Warcry","Shrug It Off","Dropkick","Headbutt","BootSequence"],"relics":["Burning Blood","Turnip","Shuriken","Golden Idol","Blood Vial","PrismaticShard"],"potions_floor_usage":[6],"damage_taken":[{"damage":3,"enemies":"Small Slimes","floor":1,"turns":4},{"damage":2,"enemies":"2 Louse","floor":3,"turns":4},{"damage":3,"enemies":"Jaw Worm","floor":4,"turns":5},{"damage":23,"enemies":"3 Sentries","floor":6,"turns":8},{"damage":1,"enemies":"2 Fungi Beasts","floor":8,"turns":3},{"damage":32,"enemies":"Gremlin Nob","floor":11,"turns":4},{"damage":0,"enemies":"Gremlin Gang","floor":14,"turns":2},{"damage":58,"enemies":"Slime Boss","floor":16,"turns":10}],"seed_played":"2708427162308426345","potions_obtained":[{"floor":1,"key":"FearPotion"},{"floor":11,"key":"LiquidBronze"}],"is_trial":false,"path_per_floor":["M","$","M","M","?","E","R","M","T","?","E","$","?","M","R","B"],"character_chosen":"IRONCLAD","items_purchased":["PrismaticShard"],"campfire_rested":0,"item_purchase_floors":[12],"current_hp_per_floor":[80,80,80,80,85,68,68,73,73,73,47,47,47,55,55,0],"gold":54,"neow_bonus":"THREE_CARDS","is_prod":false,"is_daily":false,"chose_seed":false,"campfire_upgraded":2,"win_rate":0,"timestamp":1554041804,"path_taken":["M","$","M","M","?","E","R","M","T","?","E","$","?","M","R","BOSS"],"build_version":"2019-01-23","purchased_purges":1,"victory":false,"max_hp_per_floor":[80,80,80,80,85,85,85,85,85,85,85,85,85,85,85,85],"card_choices":[{"not_picked":["Cleave","Armaments"],"picked":"Whirlwind","floor":0},{"not_picked":["Carnage","Sword Boomerang"],"picked":"Warcry","floor":1},{"not_picked":["Heavy Blade","Whirlwind"],"picked":"Shrug It Off","floor":3},{"not_picked":["Armaments","Iron Wave"],"picked":"Dropkick","floor":4},{"not_picked":["Perfected Strike","Burning Pact"],"picked":"Headbutt","floor":6},{"not_picked":["Bloodletting","Iron Wave","Body Slam"],"picked":"SKIP","floor":8},{"not_picked":["Flex","Twin Strike","Searing Blow"],"picked":"SKIP","floor":11},{"not_picked":["Hologram","Tempest"],"picked":"BootSequence","floor":14}],"player_experience":559355,"relics_obtained":[{"floor":6,"key":"Turnip"},{"floor":9,"key":"Shuriken"},{"floor":11,"key":"Blood Vial"}],"event_choices":[{"damage_healed":0,"gold_gain":0,"player_choice":"Donut","damage_taken":0,"max_hp_gain":5,"max_hp_loss":0,"event_name":"Big Fish","floor":5,"gold_loss":0},{"damage_healed":0,"gold_gain":0,"player_choice":"Take Wound","damage_taken":0,"relics_obtained":["Golden Idol"],"max_hp_gain":0,"max_hp_loss":0,"event_name":"Golden Idol","floor":10,"gold_loss":0,"cards_obtained":["Injury"]},{"cards_removed":["Injury"],"damage_healed":0,"gold_gain":0,"player_choice":"Forget","damage_taken":0,"max_hp_gain":0,"max_hp_loss":0,"event_name":"Living Wall","floor":13,"gold_loss":0}],"is_beta":false,"boss_relics":[],"items_purged_floors":[2],"is_endless":false,"potions_floor_spawned":[1,11],"killed_by":"Slime Boss","ascension_level":0}