{"gold_per_floor":[118,39,54,73,85,85,10,43,69,85,85,103,103,132,132,235,235,251,241,340,255,275,275,275],"floor_reached":24,"playtime":1376,"items_purged":["Strike_G"],"score":322,"play_id":"87b3869a-5f2e-45c9-af43-3ea86d31ddf7","local_time":"20190616195140","is_ascension_mode":true,"campfire_choices":[{"data":"Neutralize","floor":6,"key":"SMITH"},{"floor":11,"key":"REST"},{"floor":13,"key":"REST"},{"floor":15,"key":"REST"},{"floor":23,"key":"REST"}],"neow_cost":"NONE","seed_source_timestamp":2548687371439885,"circlet_count":0,"master_deck":["AscendersBane","Defend_G","Defend_G","Defend_G","Defend_G","Defend_G","Strike_G","Strike_G","Strike_G","Strike_G","Survivor","Neutralize+1","Dagger Spray","Noxious Fumes","Dagger Throw","Noxious Fumes","PiercingWail","Catalyst","Dash","Envenom","After Image","Slice","Deflect","Slice"],"relics":["Ring of the Serpent","NeowsBlessing","Pen Nib","Centennial Puzzle","Omamori","Nunchaku"],"potions_floor_usage":[14,14,22],"damage_taken":[{"damage":0,"enemies":"Cultist","floor":1,"turns":1},{"damage":0,"enemies":"2 Louse","floor":3,"turns":1},{"damage":0,"enemies":"Small Slimes","floor":4,"turns":1},{"damage":17,"enemies":"3 Louse","floor":5,"turns":4},{"damage":15,"enemies":"3 Sentries","floor":8,"turns":6},{"damage":9,"enemies":"2 Fungi Beasts","floor":10,"turns":3},{"damage":5,"enemies":"Blue Slaver","floor":12,"turns":4},{"damage":42,"enemies":"Gremlin Nob","floor":14,"turns":8},{"damage":20,"enemies":"The Guardian","floor":16,"turns":9},{"damage":14,"enemies":"Shell Parasite","floor":18,"turns":8},{"damage":30,"enemies":"2 Thieves","floor":19,"turns":4},{"damage":6,"enemies":"Snake Plant","floor":22,"turns":6},{"damage":28,"enemies":"Book of Stabbing","floor":24,"turns":7}],"seed_played":"-8901615742013222349","potions_obtained":[{"floor":4,"key":"Ancient Potion"},{"floor":10,"key":"SpeedPotion"},{"floor":14,"key":"Ancient Potion"},{"floor":16,"key":"GhostInAJar"}],"is_trial":false,"path_per_floor":["M","$","M","M","M","R","$","E","T","M","R","M","R","E","R","B",null,"M","M","?","?","M","R","E"],"character_chosen":"THE_SILENT","items_purchased":["Noxious Fumes"],"campfire_rested":4,"item_purchase_floors":[2],"current_hp_per_floor":[63,63,63,63,46,46,46,31,31,22,43,38,59,17,38,18,57,43,13,13,13,7,28,0],"gold":275,"neow_bonus":"THREE_ENEMY_KILL","is_prod":false,"is_daily":false,"chose_seed":false,"campfire_upgraded":1,"win_rate":0,"timestamp":1560725500,"path_taken":["M","$","M","?","M","R","?","E","T","M","R","M","R","E","R","BOSS","M","M","?","?","M","R","E"],"build_version":"2019-01-23","purchased_purges":1,"victory":false,"max_hp_per_floor":[70,70,70,70,70,70,70,70,70,70,70,70,70,70,70,70,70,70,70,70,70,70,70,70],"card_choices":[{"not_picked":["Dagger Throw","Acrobatics"],"picked":"Dagger Spray","floor":1},{"not_picked":["Calculated Gamble","Quick Slash"],"picked":"Dagger Throw","floor":3},{"not_picked":["Poisoned Stab","Tools of the Trade"],"picked":"Noxious Fumes","floor":4},{"not_picked":["Riddle With Holes","Bane"],"picked":"PiercingWail","floor":5},{"not_picked":["Deadly Poison","Eviscerate"],"picked":"Catalyst","floor":8},{"not_picked":["Poisoned Stab","Quick Slash"],"picked":"Dash","floor":10},{"not_picked":["Cloak And Dagger","Flechettes","Leg Sweep"],"picked":"SKIP","floor":12},{"not_picked":["Outmaneuver","Choke"],"picked":"Envenom","floor":14},{"not_picked":["A Thousand Cuts","Glass Knife"],"picked":"After Image","floor":16},{"not_picked":["Prepared+1","Bouncing Flask"],"picked":"Slice","floor":18},{"not_picked":["Dodge and Roll","Envenom"],"picked":"Deflect","floor":19},{"not_picked":["Choke+1","Setup"],"picked":"Slice","floor":22}],"player_experience":1070234,"relics_obtained":[{"floor":8,"key":"Pen Nib"},{"floor":9,"key":"Centennial Puzzle"},{"floor":14,"key":"Omamori"}],"event_choices":[{"damage_healed":0,"gold_gain":99,"player_choice":"Stole From Cult","damage_taken":0,"max_hp_gain":0,"max_hp_loss":0,"event_name":"Nest","floor":20,"gold_loss":0},{"damage_healed":0,"gold_gain":0,"player_choice":"Obtained Relic","damage_taken":0,"relics_obtained":["Nunchaku"],"max_hp_gain":0,"max_hp_loss":0,"event_name":"Addict","floor":21,"gold_loss":85}],"is_beta":false,"boss_relics":[{"not_picked":["Snecko Eye","Ectoplasm"],"picked":"Ring of the Serpent"}],"items_purged_floors":[7],"is_endless":false,"potions_floor_spawned":[4,10,12,14,16],"killed_by":"Book of Stabbing","ascension_level":11}