{"gold_per_floor":[116,191,116,136,136,136,161,161,186,186,205,205,222,250,262,348,360,382,408,420,444,456,468,480],"floor_reached":24,"playtime":1261,"items_purged":[],"score":408,"play_id":"b5d9834c-bd79-40cc-b671-630f5b69edcb","local_time":"20190118182132","is_ascension_mode":true,"campfire_choices":[{"data":"Neutralize","floor":6.0,"key":"SMITH"},{"floor":8.0,"key":"REST"},{"data":"Deadly Poison","floor":12.0,"key":"SMITH"},{"data":"Envenom","floor":15.0,"key":"SMITH"},{"floor":23,"key":"REST"}],"neow_cost":"NONE","seed_source_timestamp":17496042647214,"circlet_count":0,"master_deck":["AscendersBane","Defend_G","Defend_G","Defend_G","Defend_G","Defend_G","Survivor","Neutralize+1","Masterful Stab","Deadly Poison+1","Deadly Poison","Envenom+1","Backflip","Adrenaline","Cloak And Dagger+1","PiercingWail","Reflex","Escape Plan"],"special_seed":0,"relics":["Ring of the Snake","Snake Skull","Orichalcum","MawBank","Empty Cage"],"potions_floor_usage":[24],"damage_taken":[{"damage":0.0,"enemies":"Small Slimes","floor":1.0,"turns":4.0},{"damage":0.0,"enemies":"Jaw Worm","floor":4.0,"turns":3.0},{"damage":44.0,"enemies":"3 Sentries","floor":7.0,"turns":15.0},{"damage":0.0,"enemies":"Cultist","floor":11.0,"turns":3.0},{"damage":0.0,"enemies":"Blue Slaver","floor":13.0,"turns":2.0},{"damage":5.0,"enemies":"Lagavulin","floor":14.0,"turns":6.0},{"damage":29.0,"enemies":"Hexaghost","floor":16.0,"turns":8.0},{"damage":16,"enemies":"2 Thieves","floor":18,"turns":5},{"damage":0,"enemies":"3 Byrds","floor":19,"turns":5},{"damage":3,"enemies":"Snake Plant","floor":21,"turns":4},{"damage":62,"enemies":"Slavers","floor":24,"turns":9}],"seed_played":"-1487232454425930829","potions_obtained":[{"floor":4.0,"key":"Energy Potion"},{"floor":7.0,"key":"Fire Potion"},{"floor":13.0,"key":"Poison Potion"}],"is_trial":false,"path_per_floor":["M","?","?","M","?","R","E","R","T","?","M","R","M","E","R","B",null,"M","M","?","M","?","R","E"],"character_chosen":"THE_SILENT","items_purchased":[],"campfire_rested":2,"item_purchase_floors":[],"current_hp_per_floor":[65,54,54,54,54,54,10,31,31,55,55,55,55,50,50,21,59,43,43,43,40,33,54,0],"gold":480,"neow_bonus":"TEN_PERCENT_HP_BONUS","is_prod":false,"is_daily":false,"chose_seed":false,"campfire_upgraded":3,"win_rate":0,"timestamp":1547832092,"path_taken":["M","?","?","M","?","R","E","R","T","?","M","R","M","E","R","BOSS","M","M","?","M","?","R","E"],"build_version":"2019-01-17v2","purchased_purges":0,"victory":false,"max_hp_per_floor":[72,72,72,72,72,72,72,72,72,72,72,72,72,72,72,72,72,72,72,72,72,72,72,72],"card_choices":[{"not_picked":["Backflip","Underhanded Strike"],"picked":"Masterful Stab","floor":1.0},{"not_picked":["Backflip","Masterful Stab"],"picked":"Deadly Poison","floor":4.0},{"not_picked":["Sucker Punch","Flying Knee"],"picked":"Deadly Poison","floor":7.0},{"not_picked":["Dodge and Roll","Deadly Poison","Underhanded Strike"],"picked":"SKIP","floor":11.0},{"not_picked":["Distraction","Dash"],"picked":"Envenom","floor":13.0},{"not_picked":["Outmaneuver","Prepared"],"picked":"Backflip","floor":14.0},{"not_picked":["A Thousand Cuts","Envenom"],"picked":"Adrenaline","floor":16.0},{"not_picked":["Acrobatics","Finisher"],"picked":"Cloak And Dagger+1","floor":18},{"not_picked":["Dagger Spray","Calculated Gamble"],"picked":"PiercingWail","floor":19},{"not_picked":["Flying Knee","Slice","Dagger Throw"],"picked":"SKIP","floor":21}],"player_experience":755086,"relics_obtained":[{"floor":7.0,"key":"Snake Skull"},{"floor":9.0,"key":"Orichalcum"},{"floor":14.0,"key":"MawBank"}],"event_choices":[{"damage_healed":0.0,"max_hp_gain":0.0,"max_hp_loss":0.0,"gold_gain":75.0,"event_name":"World of Goop","player_choice":"Gather Gold","floor":2.0,"gold_loss":0.0,"damage_taken":11.0},{"cards_removed":["Strike_G"],"damage_healed":0.0,"max_hp_gain":0.0,"max_hp_loss":0.0,"gold_gain":0.0,"event_name":"The Cleric","player_choice":"Card Removal","floor":3.0,"gold_loss":75.0,"damage_taken":0.0},{"damage_healed":0.0,"max_hp_gain":0.0,"max_hp_loss":0.0,"gold_gain":0.0,"event_name":"Liars Game","player_choice":"Ignored","floor":5.0,"gold_loss":0.0,"damage_taken":0.0},{"damage_healed":24.0,"max_hp_gain":0.0,"max_hp_loss":0.0,"gold_gain":0.0,"event_name":"Big Fish","player_choice":"Banana","floor":10.0,"gold_loss":0.0,"damage_taken":0.0},{"damage_healed":0,"gold_gain":0,"cards_transformed":["Strike_G","Strike_G"],"player_choice":"Became Test Subject","damage_taken":0,"max_hp_gain":0,"max_hp_loss":0,"event_name":"Drug Dealer","floor":20,"gold_loss":0,"cards_obtained":["Reflex","Escape Plan"]},{"damage_healed":0,"gold_gain":0,"player_choice":"","damage_taken":7,"max_hp_gain":0,"max_hp_loss":0,"event_name":"Knowing Skull","floor":22,"potions_obtained":[],"gold_loss":0,"cards_obtained":[]},{"damage_healed":0,"gold_gain":0,"player_choice":"","damage_taken":7,"max_hp_gain":0,"max_hp_loss":0,"event_name":"Knowing Skull","floor":22,"potions_obtained":[],"gold_loss":0,"cards_obtained":[]}],"is_beta":false,"boss_relics":[{"not_picked":["Orrery","HoveringKite"],"picked":"Empty Cage"}],"items_purged_floors":[],"is_endless":false,"potions_floor_spawned":[4,7,13,16,19,21],"killed_by":"Slavers","ascension_level":20}