{"gold_per_floor":[109,122,122,47,67,99,99,127,127,127,139,156,179,210,210,289,289,308,207,227,238,9,9,9,21,21,41,56,75,75,85,85,162,162,182,182,196,8,8,38,38,64,64,64,80,94,108,119,119,119],"floor_reached":51,"playtime":4094,"items_purged":["Defend_R","Strike_R","Defend_R"],"score":1220,"play_id":"4bb4fa15-d34d-45b1-a580-94cfa654bb54","local_time":"20190518202229","is_ascension_mode":true,"campfire_choices":[{"data":"Cleave","floor":7,"key":"SMITH"},{"floor":10,"key":"REST"},{"floor":15,"key":"REST"},{"floor":24,"key":"REST"},{"data":"Demon Form","floor":30,"key":"SMITH"},{"floor":32,"key":"REST"},{"floor":41,"key":"REST"},{"data":"Flex","floor":44,"key":"SMITH"},{"floor":49,"key":"REST"}],"neow_cost":"NONE","seed_source_timestamp":42204702059108,"circlet_count":0,"master_deck":["AscendersBane","Strike_R","Strike_R","Defend_R","Bash","Ghostly Armor","Cleave+1","Cleave","Iron Wave","Clothesline","Twin Strike","Demon Form+1","Inflame+1","Shrug It Off","Ghostly Armor","Shrug It Off","Flex+1","Metallicize","Pummel","Demon Form","Flame Barrier"],"relics":["Burning Blood","NeowsBlessing","Potion Belt","The Courier","Singing Bowl","Odd Mushroom","Paper Frog","Busted Crown","FossilizedHelix","Meat on the Bone","Empty Cage","Letter Opener","Ornamental Fan","Bottled Lightning"],"potions_floor_usage":[6,6,13,14,16,18,21,29,37,42,46,46,50],"damage_taken":[{"damage":0,"enemies":"Cultist","floor":1,"turns":1},{"damage":0,"enemies":"2 Louse","floor":2,"turns":1},{"damage":0,"enemies":"Small Slimes","floor":5,"turns":1},{"damage":33,"enemies":"Lagavulin","floor":6,"turns":8},{"damage":25,"enemies":"3 Sentries","floor":8,"turns":6},{"damage":10,"enemies":"3 Louse","floor":11,"turns":2},{"damage":10,"enemies":"2 Fungi Beasts","floor":12,"turns":3},{"damage":11,"enemies":"The Mushroom Lair","floor":13,"turns":4},{"damage":23,"enemies":"Gremlin Nob","floor":14,"turns":4},{"damage":30,"enemies":"The Guardian","floor":16,"turns":10},{"damage":28,"enemies":"2 Thieves","floor":18,"turns":4},{"damage":36,"enemies":"Spheric Guardian","floor":20,"turns":6},{"damage":7,"enemies":"Chosen and Byrds","floor":21,"turns":5},{"damage":6,"enemies":"Snake Plant","floor":25,"turns":5},{"damage":16,"enemies":"Centurion and Healer","floor":27,"turns":5},{"damage":4,"enemies":"Snecko","floor":28,"turns":6},{"damage":0,"enemies":"Chosen and Byrds","floor":29,"turns":4},{"damage":34,"enemies":"Centurion and Healer","floor":31,"turns":8},{"damage":59,"enemies":"Collector","floor":33,"turns":10},{"damage":12,"enemies":"3 Shapes","floor":35,"turns":6},{"damage":0,"enemies":"Orb Walker","floor":37,"turns":3},{"damage":41,"enemies":"Giant Head","floor":40,"turns":8},{"damage":47,"enemies":"Nemesis","floor":42,"turns":7},{"damage":33,"enemies":"Writhing Mass","floor":45,"turns":6},{"damage":0,"enemies":"Transient","floor":46,"turns":5},{"damage":12,"enemies":"Jaw Worm Horde","floor":47,"turns":4},{"damage":11,"enemies":"Maw","floor":48,"turns":8},{"damage":57,"enemies":"Time Eater","floor":50,"turns":8}],"seed_played":"1810603869337585924","potions_obtained":[{"floor":1,"key":"SkillPotion"},{"floor":3,"key":"Fire Potion"},{"floor":12,"key":"Fire Potion"},{"floor":13,"key":"SteroidPotion"},{"floor":14,"key":"PowerPotion"},{"floor":16,"key":"Fire Potion"},{"floor":20,"key":"Dexterity Potion"},{"floor":21,"key":"FairyPotion"},{"floor":28,"key":"LiquidBronze"},{"floor":33,"key":"AttackPotion"},{"floor":35,"key":"Fire Potion"},{"floor":37,"key":"Swift Potion"},{"floor":45,"key":"Block Potion"},{"floor":47,"key":"Weak Potion"}],"is_trial":false,"path_per_floor":["M","M","?","$","M","E","R","E","T","R","M","M","?","E","R","B",null,"M","$","M","M","$","?","R","M","T","M","M","M","R","M","R","B",null,"M","$","M","$","?","E","R","E","T","R","M","M","M","M","R","B",null],"character_chosen":"IRONCLAD","items_purchased":["Shrug It Off","FossilizedHelix","Metallicize","Pummel"],"campfire_rested":6,"item_purchase_floors":[19,22,38,38],"current_hp_per_floor":[74,75,75,75,75,48,48,29,29,51,47,45,42,25,48,24,65,43,43,13,12,12,12,35,37,37,41,57,63,63,49,75,36,76,72,72,80,80,80,59,87,60,60,60,47,67,61,70,100,61],"gold":119,"neow_bonus":"THREE_ENEMY_KILL","is_prod":false,"is_daily":false,"chose_seed":false,"campfire_upgraded":3,"win_rate":0,"timestamp":1558221749,"path_taken":["M","?","?","?","M","E","R","E","T","R","M","M","?","E","R","BOSS","M","$","M","M","$","?","R","M","T","?","M","M","R","M","R","BOSS","M","$","M","$","?","E","R","E","T","R","M","?","M","M","R","BOSS"],"build_version":"2019-01-23","purchased_purges":3,"victory":true,"max_hp_per_floor":[75,75,75,75,75,75,75,75,75,75,75,77,79,79,79,79,79,79,79,79,79,79,79,79,81,81,83,85,85,85,87,87,89,89,91,91,93,93,93,95,95,97,97,97,99,101,101,103,103,103],"card_choices":[{"not_picked":["Searing Blow","Body Slam"],"picked":"Ghostly Armor","floor":1},{"not_picked":["Pommel Strike","Perfected Strike","Havoc"],"picked":"SKIP","floor":2},{"not_picked":["Battle Trance","Sword Boomerang"],"picked":"Cleave","floor":5},{"not_picked":["Burning Pact","Seeing Red"],"picked":"Cleave","floor":6},{"not_picked":["Battle Trance","Barricade"],"picked":"Iron Wave","floor":8},{"not_picked":["Anger","Pommel Strike"],"picked":"Clothesline","floor":11},{"not_picked":["Clash","Body Slam","Corruption"],"picked":"Singing Bowl","floor":12},{"not_picked":["Pommel Strike","Combust","Evolve"],"picked":"Singing Bowl","floor":13},{"not_picked":["Immolate","Blood for Blood"],"picked":"Twin Strike","floor":14},{"not_picked":["Fiend Fire","Impervious"],"picked":"Demon Form","floor":16},{"not_picked":[],"picked":"Inflame+1","floor":18},{"not_picked":[],"picked":"Ghostly Armor","floor":20},{"not_picked":[],"picked":"Shrug It Off","floor":21},{"not_picked":["Clash"],"picked":"Singing Bowl","floor":25},{"not_picked":["True Grit"],"picked":"Singing Bowl","floor":27},{"not_picked":["Wild Strike+1"],"picked":"Singing Bowl","floor":28},{"not_picked":[],"picked":"Flex","floor":29},{"not_picked":["Exhume"],"picked":"Singing Bowl","floor":31},{"not_picked":["Brutality"],"picked":"Singing Bowl","floor":33},{"not_picked":["Headbutt"],"picked":"Singing Bowl","floor":35},{"not_picked":["Body Slam"],"picked":"Singing Bowl","floor":37},{"not_picked":["Clash"],"picked":"Singing Bowl","floor":40},{"not_picked":["Clothesline+1"],"picked":"Singing Bowl","floor":42},{"not_picked":["Evolve"],"picked":"Singing Bowl","floor":45},{"not_picked":["Whirlwind"],"picked":"Singing Bowl","floor":46},{"not_picked":[],"picked":"Flame Barrier","floor":47},{"not_picked":["Pommel Strike"],"picked":"Singing Bowl","floor":48}],"player_experience":757649,"relics_obtained":[{"floor":6,"key":"Potion Belt"},{"floor":8,"key":"The Courier"},{"floor":9,"key":"Singing Bowl"},{"floor":13,"key":"Odd Mushroom"},{"floor":14,"key":"Paper Frog"},{"floor":26,"key":"Meat on the Bone"},{"floor":40,"key":"Letter Opener"},{"floor":42,"key":"Ornamental Fan"},{"floor":43,"key":"Bottled Lightning"}],"event_choices":[{"damage_healed":0,"gold_gain":0,"player_choice":"Got Potions","damage_taken":0,"max_hp_gain":0,"max_hp_loss":0,"event_name":"Lab","floor":3,"gold_loss":0},{"damage_healed":0,"gold_gain":0,"player_choice":"Fought Mushrooms","damage_taken":0,"max_hp_gain":0,"max_hp_loss":0,"event_name":"Mushrooms","floor":13,"gold_loss":0},{"damage_healed":0,"gold_gain":0,"player_choice":"Ignored","damage_taken":0,"max_hp_gain":0,"max_hp_loss":0,"event_name":"N\u0027loth","floor":23,"gold_loss":0},{"damage_healed":0,"gold_gain":0,"cards_transformed":["Strike_R"],"player_choice":"Transformed","damage_taken":0,"max_hp_gain":0,"max_hp_loss":0,"event_name":"Transmorgrifier","floor":39,"gold_loss":0,"cards_obtained":["Demon Form"]}],"is_beta":false,"boss_relics":[{"not_picked":["White Beast Statue","Snecko Eye"],"picked":"Busted Crown"},{"not_picked":["Astrolabe","Runic Cube"],"picked":"Empty Cage"}],"items_purged_floors":[4,19,38],"is_endless":false,"potions_floor_spawned":[1,12,13,14,16,20,21,28,33,35,37,45,47],"ascension_level":15}