{"gold_per_floor":[114,128,9,28,28,28,39,64,64,95,109,141,42,55,55,128,128,148,328,346,361,380,380,305,335,415,428,428,428,50,78,78,154,154,171,183,6,20,38,63,0,0,75,75,86,121,121,140,140,140],"floor_reached":50,"playtime":2764,"items_purged":["Strike_R","Strike_R","Bash"],"score":1278,"play_id":"b126d3e3-22c5-43a4-8ac4-7fb2823ad889","local_time":"20190208005504","is_ascension_mode":true,"campfire_choices":[{"data":"Whirlwind","floor":6,"key":"SMITH"},{"data":"True Grit","floor":15,"key":"SMITH"},{"data":"Inflame","floor":23,"key":"SMITH"},{"data":"Battle Trance","floor":29,"key":"SMITH"},{"floor":32,"key":"REST"},{"floor":44,"key":"REST"},{"floor":49,"key":"RECALL"}],"neow_cost":"NONE","seed_source_timestamp":43258414049039,"circlet_count":0,"master_deck":["AscendersBane","Defend_R","Defend_R","Defend_R","Defend_R","Clothesline+1","Feel No Pain","Whirlwind+1","Battle Trance+1","Exhume","Carnage+1","Pommel Strike+1","Inflame+1","True Grit+1","Fiend Fire+1","Limit Break","Headbutt+1","Iron Wave+1","Power Through","Corruption","Limit Break","Armaments","Shrug It Off+1","Limit Break","Dual Wield+1","Brutality+1","Rage+1","Heavy Blade+1","Shrug It Off","Body Slam+1","Corruption"],"relics":["Burning Blood","Bag of Marbles","Whetstone","Happy Flower","Molten Egg 2","MawBank","Velvet Choker","Ornamental Fan","Bottled Tornado","Bottled Lightning","Letter Opener","Astrolabe","Omamori","Red Mask","WarpedTongs","Lantern"],"potions_floor_usage":[7,10,10,21,25,31,36,48,50],"damage_taken":[{"damage":14,"enemies":"Small Slimes","floor":1,"turns":4},{"damage":0,"enemies":"Cultist","floor":2,"turns":3},{"damage":8,"enemies":"2 Louse","floor":4,"turns":3},{"damage":0,"enemies":"Gremlin Gang","floor":7,"turns":3},{"damage":24,"enemies":"3 Sentries","floor":8,"turns":6},{"damage":8,"enemies":"Gremlin Nob","floor":10,"turns":3},{"damage":0,"enemies":"2 Fungi Beasts","floor":11,"turns":1},{"damage":12,"enemies":"3 Sentries","floor":12,"turns":5},{"damage":4,"enemies":"Exordium Wildlife","floor":14,"turns":4},{"damage":33,"enemies":"The Guardian","floor":16,"turns":10},{"damage":0,"enemies":"Spheric Guardian","floor":18,"turns":1},{"damage":0,"enemies":"Chosen","floor":20,"turns":3},{"damage":0,"enemies":"Snecko","floor":21,"turns":2},{"damage":24,"enemies":"Snake Plant","floor":22,"turns":2},{"damage":0,"enemies":"Gremlin Leader","floor":25,"turns":4},{"damage":11,"enemies":"Sentry and Sphere","floor":27,"turns":3},{"damage":12,"enemies":"Book of Stabbing","floor":31,"turns":5},{"damage":9,"enemies":"Collector","floor":33,"turns":5},{"damage":28,"enemies":"3 Shapes","floor":35,"turns":5},{"damage":7,"enemies":"3 Darklings","floor":36,"turns":2},{"damage":31,"enemies":"Jaw Worm Horde","floor":38,"turns":4},{"damage":0,"enemies":"4 Shapes","floor":39,"turns":4},{"damage":8,"enemies":"Nemesis","floor":40,"turns":3},{"damage":18,"enemies":"Transient","floor":45,"turns":6},{"damage":4,"enemies":"Giant Head","floor":46,"turns":5},{"damage":0,"enemies":"Maw","floor":48,"turns":5},{"damage":49,"enemies":"Time Eater","floor":50,"turns":7}],"seed_played":"-6103348278182276328","potions_obtained":[{"floor":5,"key":"Energy Potion"},{"floor":5,"key":"Swift Potion"},{"floor":8,"key":"Explosive Potion"},{"floor":12,"key":"Swift Potion"},{"floor":14,"key":"Strength Potion"},{"floor":20,"key":"Explosive Potion"},{"floor":25,"key":"PowerPotion"},{"floor":27,"key":"Weak Potion"},{"floor":35,"key":"FearPotion"},{"floor":38,"key":"SkillPotion"},{"floor":40,"key":"Swift Potion"}],"is_trial":false,"path_per_floor":["M","M","$","M","?","R","M","E","T","E","M","E","$","M","R","B",null,"M","?","M","M","M","R","?","E","T","M","T","R","$","E","R","B",null,"M","M","$","M","M","E","?","?","T","R","M","E","?","M","R","B"],"character_chosen":"IRONCLAD","items_purchased":["Feel No Pain","Inflame","True Grit","Corruption","Limit Break","Armaments","Shrug It Off"],"campfire_rested":2,"item_purchase_floors":[3,13,13,30,30,30,37],"current_hp_per_floor":[60,66,66,64,64,64,70,52,52,50,56,50,50,52,52,25,63,69,48,54,60,42,42,42,48,48,43,43,43,43,37,59,56,70,48,47,47,22,28,26,26,26,26,48,36,38,38,44,44,0],"gold":140,"neow_bonus":"RANDOM_COMMON_RELIC","is_prod":false,"is_daily":false,"chose_seed":false,"campfire_upgraded":4,"win_rate":0,"timestamp":1549583704,"path_taken":["M","M","$","M","?","R","M","E","T","E","M","E","?","M","R","BOSS","M","?","?","M","M","R","?","E","T","M","?","R","$","E","R","BOSS","M","M","$","M","M","E","?","?","T","R","?","E","?","M","R","BOSS"],"build_version":"2019-01-23","purchased_purges":3,"victory":false,"max_hp_per_floor":[75,75,75,75,75,75,75,75,75,75,75,75,75,75,75,75,75,75,75,75,75,75,75,75,75,75,75,75,75,75,75,75,75,75,75,75,75,75,75,75,75,75,75,75,75,75,75,75,75,75],"card_choices":[{"not_picked":["Twin Strike","Pommel Strike"],"picked":"Clothesline","floor":1},{"not_picked":["Clothesline","Armaments"],"picked":"Anger","floor":2},{"not_picked":["Warcry","Rage"],"picked":"Whirlwind","floor":4},{"not_picked":["Clash","Demon Form"],"picked":"Battle Trance","floor":7},{"not_picked":["Twin Strike","Double Tap"],"picked":"Exhume","floor":8},{"not_picked":["Clash","Twin Strike"],"picked":"Carnage","floor":10},{"not_picked":["Power Through","Armaments"],"picked":"Pommel Strike+1","floor":11},{"not_picked":["Twin Strike+1","Thunderclap+1","Heavy Blade+1"],"picked":"SKIP","floor":12},{"not_picked":["Perfected Strike+1","Armaments"],"picked":"Fiend Fire+1","floor":14},{"not_picked":["Dark Embrace","Fiend Fire+1"],"picked":"Limit Break","floor":16},{"not_picked":["Armaments","Sentinel","Sword Boomerang+1"],"picked":"SKIP","floor":18},{"not_picked":["Clash+1","Wild Strike+1"],"picked":"Headbutt+1","floor":20},{"not_picked":["Uppercut+1","Infernal Blade","Wild Strike+1"],"picked":"SKIP","floor":21},{"not_picked":["Heavy Blade+1","Cleave+1"],"picked":"Iron Wave+1","floor":22},{"not_picked":["Thunderclap+1","Dual Wield"],"picked":"Power Through","floor":25},{"not_picked":["Sword Boomerang+1","Ghostly Armor","Thunderclap+1"],"picked":"SKIP","floor":27},{"not_picked":["Evolve","Iron Wave+1"],"picked":"Shrug It Off+1","floor":31},{"not_picked":["Bludgeon+1","Demon Form"],"picked":"Limit Break","floor":33},{"not_picked":["Havoc","Pommel Strike+1"],"picked":"Heavy Blade+1","floor":35},{"not_picked":["Intimidate","Warcry","Second Wind"],"picked":"SKIP","floor":36},{"not_picked":["Seeing Red","Dropkick+1"],"picked":"Body Slam+1","floor":38},{"not_picked":["Havoc+1","Warcry"],"picked":"Corruption","floor":39},{"not_picked":["Twin Strike+1","Brutality","Clash+1"],"picked":"SKIP","floor":40},{"not_picked":["Hemokinesis+1","Dual Wield","Combust+1"],"picked":"SKIP","floor":45},{"not_picked":["Perfected Strike+1","Body Slam+1","Juggernaut"],"picked":"SKIP","floor":46},{"not_picked":["Armaments","Sentinel","Sword Boomerang+1"],"picked":"SKIP","floor":48}],"player_experience":931125,"relics_obtained":[{"floor":8,"key":"Whetstone"},{"floor":9,"key":"Happy Flower"},{"floor":10,"key":"Molten Egg 2"},{"floor":12,"key":"MawBank"},{"floor":25,"key":"Ornamental Fan"},{"floor":26,"key":"Bottled Tornado"},{"floor":28,"key":"Bottled Lightning"},{"floor":31,"key":"Letter Opener"},{"floor":40,"key":"Omamori"},{"floor":46,"key":"Lantern"}],"event_choices":[{"damage_healed":0,"gold_gain":0,"player_choice":"Got Potions","damage_taken":0,"max_hp_gain":0,"max_hp_loss":0,"event_name":"Lab","floor":5,"gold_loss":0},{"damage_healed":0,"gold_gain":180,"player_choice":"GOLD GOLD ","damage_taken":21,"max_hp_gain":0,"max_hp_loss":0,"event_name":"Knowing Skull","floor":19,"potions_obtained":[],"gold_loss":0,"cards_obtained":[]},{"cards_removed":["Strike_R"],"damage_healed":0,"gold_gain":0,"player_choice":"Gave Gold","damage_taken":0,"max_hp_gain":0,"max_hp_loss":0,"event_name":"Beggar","floor":24,"gold_loss":75},{"damage_healed":0,"gold_gain":0,"player_choice":"Paid","damage_taken":0,"relics_obtained":["Red Mask"],"max_hp_gain":0,"max_hp_loss":0,"event_name":"Tomb of Lord Red Mask","floor":41,"gold_loss":63},{"damage_healed":0,"gold_gain":0,"player_choice":"Rummage","damage_taken":0,"relics_obtained":["WarpedTongs"],"max_hp_gain":0,"max_hp_loss":0,"event_name":"Accursed Blacksmith","floor":42,"gold_loss":0,"cards_obtained":["Pain"]},{"damage_healed":0,"gold_gain":0,"player_choice":"Ignored","damage_taken":0,"max_hp_gain":0,"max_hp_loss":0,"event_name":"Mysterious Sphere","floor":47,"gold_loss":0}],"is_beta":false,"boss_relics":[{"not_picked":["Black Blood","Calling Bell"],"picked":"Velvet Choker"},{"not_picked":["Pandora\u0027s Box","Tiny House"],"picked":"Astrolabe"}],"items_purged_floors":[3,30,37],"is_endless":false,"potions_floor_spawned":[8,12,14,16,20,25,27,35,38,40,46],"killed_by":"Time Eater","ascension_level":20}