{"gold_per_floor":[366,381,381,82,97,97,131,152,203,203,203],"floor_reached":11,"playtime":389,"items_purged":["Strike_B"],"score":146,"play_id":"97d3980d-bab9-4260-88ae-ce1eb9443efc","local_time":"20190224223709","is_ascension_mode":true,"campfire_choices":[{"data":"Zap","floor":6,"key":"SMITH"}],"neow_cost":"PERCENT_DAMAGE","seed_source_timestamp":38216641602418,"circlet_count":0,"master_deck":["AscendersBane","Strike_B","Strike_B","Strike_B","Defend_B","Defend_B","Defend_B","Defend_B","Zap+1","Dualcast","Gash","Ball Lightning","Defragment","Sweeping Beam","FTL","Conserve Battery"],"relics":["Cracked Core","Golden Idol","Tiny Chest","Question Card","Smiling Mask"],"potions_floor_usage":[7,11],"damage_taken":[{"damage":3,"enemies":"2 Louse","floor":1,"turns":2},{"damage":3,"enemies":"Small Slimes","floor":2,"turns":3},{"damage":7,"enemies":"Jaw Worm","floor":5,"turns":3},{"damage":10,"enemies":"Lagavulin","floor":7,"turns":6},{"damage":7,"enemies":"2 Fungi Beasts","floor":8,"turns":3},{"damage":49,"enemies":"Gremlin Gang","floor":11,"turns":3}],"seed_played":"-5981080838637288265","potions_obtained":[{"floor":5,"key":"Fruit Juice"},{"floor":8,"key":"Ancient Potion"}],"is_trial":false,"path_per_floor":["M","M","?","$","M","R","E","M","T","?","M"],"character_chosen":"DEFECT","items_purchased":["Tiny Chest","Defragment","Weak Potion"],"campfire_rested":0,"item_purchase_floors":[4,4,4],"current_hp_per_floor":[43,40,40,40,33,33,23,16,16,16,0],"gold":203,"neow_bonus":"TWO_FIFTY_GOLD","is_prod":false,"is_daily":false,"chose_seed":false,"campfire_upgraded":1,"win_rate":0,"timestamp":1551044229,"path_taken":["M","M","?","$","M","R","E","M","T","?","M"],"build_version":"2019-01-23","purchased_purges":1,"victory":false,"max_hp_per_floor":[71,71,64,64,64,64,64,64,64,64,69],"card_choices":[{"not_picked":["Barrage","Fusion"],"picked":"Gash","floor":1},{"not_picked":["Gash","Rebound"],"picked":"Ball Lightning","floor":2},{"not_picked":["Auto Shields","Reinforced Body"],"picked":"Sweeping Beam","floor":5},{"not_picked":["Chill","Sunder"],"picked":"FTL","floor":7},{"not_picked":["Compile Driver","Double Energy","Turbo"],"picked":"Conserve Battery","floor":8}],"player_experience":987817,"relics_obtained":[{"floor":7,"key":"Question Card"},{"floor":9,"key":"Smiling Mask"}],"event_choices":[{"damage_healed":0,"gold_gain":0,"player_choice":"Lose Max HP","damage_taken":0,"relics_obtained":["Golden Idol"],"max_hp_gain":0,"max_hp_loss":7,"event_name":"Golden Idol","floor":3,"gold_loss":0},{"damage_healed":0,"gold_gain":0,"player_choice":"Ignored","damage_taken":0,"max_hp_gain":0,"max_hp_loss":0,"event_name":"Shining Light","floor":10,"gold_loss":0}],"is_beta":false,"boss_relics":[],"items_purged_floors":[4],"is_endless":false,"potions_floor_spawned":[5,8],"killed_by":"Gremlin Gang","ascension_level":20}