{"gold_per_floor":[115,215,235,27,40,40,72,72,72,84,98,111,122,11,11,114,114,124,45,45,48,61,61,79,79,134,134,59,71,96,96,96,96],"floor_reached":33,"playtime":2905,"items_purged":["Strike_G"],"score":406,"play_id":"61642e9b-5a66-48ad-b5c2-f19d1adb9df1","local_time":"20190203083302","is_ascension_mode":true,"campfire_choices":[{"data":"Neutralize","floor":6,"key":"SMITH"},{"data":"Survivor","floor":8,"key":"SMITH"},{"data":"Backflip","floor":15,"key":"SMITH"},{"floor":23,"key":"REST"},{"floor":25,"key":"REST"},{"floor":27,"key":"REST"},{"floor":32,"key":"REST"}],"neow_cost":"NONE","seed_source_timestamp":0,"circlet_count":0,"master_deck":["Defend_G","Defend_G","Defend_G","Strike_G","Strike_G","Strike_G","Survivor+1","Neutralize+1","Underhanded Strike","Escape Plan","Backflip+1","Dagger Throw","Reflex","Storm of Steel","Deflect+1","Noxious Fumes","Backstab","Flying Knee"],"special_seed":0,"relics":["Ring of the Snake","Ancient Tea Set","Sling","Matryoshka","Snake Skull","Singing Bowl","Empty Cage","Letter Opener","Happy Flower","Dream Catcher"],"potions_floor_usage":[13,16,18,22,24,24,33],"damage_taken":[{"damage":3,"enemies":"2 Louse","floor":1,"turns":3},{"damage":0,"enemies":"Cultist","floor":3,"turns":4},{"damage":0,"enemies":"Jaw Worm","floor":5,"turns":3},{"damage":8,"enemies":"Lagavulin","floor":7,"turns":6},{"damage":6,"enemies":"Exordium Thugs","floor":10,"turns":6},{"damage":0,"enemies":"Blue Slaver","floor":11,"turns":6},{"damage":0,"enemies":"3 Louse","floor":12,"turns":6},{"damage":0,"enemies":"Lots of Slimes","floor":13,"turns":7},{"damage":56,"enemies":"The Guardian","floor":16,"turns":23},{"damage":3,"enemies":"3 Byrds","floor":18,"turns":9},{"damage":12,"enemies":"2 Thieves","floor":21,"turns":4},{"damage":27,"enemies":"Chosen and Byrds","floor":22,"turns":7},{"damage":23,"enemies":"Snake Plant","floor":24,"turns":6},{"damage":18,"enemies":"Shelled Parasite and Fungi","floor":29,"turns":5},{"damage":30,"enemies":"Book of Stabbing","floor":30,"turns":6},{"damage":62,"enemies":"Automaton","floor":33,"turns":10}],"seed_played":"3388888391160449786","potions_obtained":[{"floor":1,"key":"FearPotion"},{"floor":11,"key":"Fire Potion"},{"floor":12,"key":"GamblersBrew"},{"floor":13,"key":"Explosive Potion"},{"floor":18,"key":"GamblersBrew"},{"floor":22,"key":"Swift Potion"},{"floor":30,"key":"Weak Potion"}],"is_trial":false,"path_per_floor":["M","?","M","$","M","R","E","R","T","M","M","M","M","$","R","B",null,"M","$","?","M","M","R","M","R","T","R","?","M","E","?","R","B"],"character_chosen":"THE_SILENT","items_purchased":["Sling","Reflex","Noxious Fumes"],"campfire_rested":4,"item_purchase_floors":[4,14,19],"current_hp_per_floor":[67,67,67,67,67,67,59,59,59,53,55,57,57,57,57,1,74,71,71,64,52,27,49,26,48,48,70,70,54,26,26,52,0],"gold":96,"neow_bonus":"RANDOM_COMMON_RELIC","is_prod":false,"is_daily":false,"chose_seed":false,"campfire_upgraded":3,"win_rate":0,"timestamp":1549197182,"path_taken":["M","?","?","?","M","R","E","R","T","M","M","M","M","$","R","BOSS","M","$","?","M","?","R","M","R","T","R","?","M","E","?","R","BOSS"],"build_version":"2019-01-23","purchased_purges":1,"victory":false,"max_hp_per_floor":[70,70,70,70,70,70,70,70,70,70,72,74,74,74,74,74,74,74,74,74,74,76,76,76,76,76,76,76,78,80,80,82,82],"card_choices":[{"not_picked":["Predator","Blur","Poisoned Stab"],"picked":"SKIP","floor":1},{"not_picked":["Tactician","Poisoned Stab"],"picked":"Underhanded Strike","floor":3},{"not_picked":["Prepared","Blade Dance"],"picked":"Escape Plan","floor":5},{"not_picked":["Outmaneuver","Bane","Quick Slash"],"picked":"SKIP","floor":7},{"not_picked":["Sucker Punch","Underhanded Strike"],"picked":"Backflip","floor":10},{"not_picked":["Outmaneuver","Slice","Doppelganger"],"picked":"Singing Bowl","floor":11},{"not_picked":["Expertise","Sucker Punch","Quick Slash"],"picked":"Singing Bowl","floor":12},{"not_picked":["Sucker Punch","Phantasmal Killer"],"picked":"Dagger Throw","floor":13},{"not_picked":["Unload","Grand Finale"],"picked":"Storm of Steel","floor":16},{"not_picked":["Predator","Dagger Throw"],"picked":"Deflect+1","floor":18},{"not_picked":["Quick Slash","Endless Agony+1"],"picked":"Backstab","floor":21},{"not_picked":["Acrobatics","Storm of Steel","Sucker Punch"],"picked":"Singing Bowl","floor":22},{"not_picked":["Blade Dance","Backflip+1"],"picked":"Flying Knee","floor":24},{"not_picked":["Leg Sweep+1","Backflip+1","Deflect"],"picked":"Singing Bowl","floor":29},{"not_picked":["Flying Knee+1","A Thousand Cuts","Deflect+1"],"picked":"Singing Bowl","floor":30},{"not_picked":["Choke","Dagger Throw","Dagger Spray+1"],"picked":"Singing Bowl","floor":32}],"player_experience":391439,"relics_obtained":[{"floor":7,"key":"Matryoshka"},{"floor":9,"key":"Snake Skull"},{"floor":9,"key":"Singing Bowl"},{"floor":26,"key":"Letter Opener"},{"floor":26,"key":"Happy Flower"},{"floor":30,"key":"Dream Catcher"}],"event_choices":[{"damage_healed":0,"gold_gain":100,"player_choice":"Pray","damage_taken":0,"max_hp_gain":0,"max_hp_loss":0,"event_name":"Golden Shrine","floor":2,"gold_loss":0},{"damage_healed":0,"gold_gain":0,"player_choice":"","damage_taken":7,"max_hp_gain":0,"max_hp_loss":0,"event_name":"Knowing Skull","floor":20,"potions_obtained":[],"gold_loss":0,"cards_obtained":[]},{"cards_removed":["Defend_G"],"damage_healed":0,"gold_gain":0,"player_choice":"Gave Gold","damage_taken":0,"max_hp_gain":0,"max_hp_loss":0,"event_name":"Beggar","floor":28,"gold_loss":75},{"damage_healed":0,"gold_gain":0,"player_choice":"Ignored","damage_taken":0,"max_hp_gain":0,"max_hp_loss":0,"event_name":"Cursed Tome","floor":31,"gold_loss":0}],"is_beta":false,"boss_relics":[{"not_picked":["Sozu","HoveringKite"],"picked":"Empty Cage"}],"items_purged_floors":[14],"is_endless":false,"potions_floor_spawned":[1,11,12,13,18,22,30],"killed_by":"Automaton","ascension_level":2}