{"gold_per_floor":[115,128,143,143,160,189,201,238,250,262,284,322,334,369,381,512,524,525,102,117,142,142,142,155,195,240,240,264,295,295,309,309,430,430,451,467,592,592,611,649,649],"floor_reached":41,"playtime":3272,"items_purged":["Strike_B"],"score":656,"play_id":"cabb6de5-95ba-4784-bca7-dff72b896940","local_time":"20190604173418","is_ascension_mode":true,"campfire_choices":[{"data":"Genetic Algorithm","floor":7.0,"key":"SMITH"},{"data":"Machine Learning","floor":15.0,"key":"SMITH"},{"data":"Sunder","floor":23,"key":"SMITH"},{"floor":30,"key":"REST"},{"floor":32,"key":"REST"}],"neow_cost":"TEN_PERCENT_HP_LOSS","seed_source_timestamp":0,"circlet_count":0,"master_deck":["Strike_B","Strike_B","Defend_B","Defend_B","Zap","Dualcast","Conserve Battery","Ball Lightning","Genetic Algorithm+1","Glacier","Machine Learning+1","Gash","Biased Cognition","Redo+1","Sunder+1","Turbo","Recycle+1","Writhe","Compile Driver+1","Core Surge","Compile Driver+1","Meteor Strike","Defragment","Steam Power","Electrodynamics"],"special_seed":0,"relics":["Cracked Core","Turnip","MawBank","PreservedInsect","Blood Vial","Darkstone Periapt","Golden Idol","Empty Cage","Ice Cream","Dodecahedron","Emotion Chip","Strawberry","Inserter","Incense Burner","Prayer Wheel"],"potions_floor_usage":[21,24,28,35,36,39],"damage_taken":[{"damage":0.0,"enemies":"Cultist","floor":1.0,"turns":4.0},{"damage":1.0,"enemies":"2 Louse","floor":2.0,"turns":2.0},{"damage":0.0,"enemies":"Small Slimes","floor":3.0,"turns":2.0},{"damage":0.0,"enemies":"2 Fungi Beasts","floor":5.0,"turns":3.0},{"damage":9.0,"enemies":"Lagavulin","floor":6.0,"turns":7.0},{"damage":25.0,"enemies":"Gremlin Nob","floor":8.0,"turns":5.0},{"damage":0.0,"enemies":"Large Slime","floor":11.0,"turns":4.0},{"damage":1.0,"enemies":"3 Sentries","floor":12.0,"turns":9.0},{"damage":13.0,"enemies":"Blue Slaver","floor":14.0,"turns":3.0},{"damage":12.0,"enemies":"The Guardian","floor":16.0,"turns":12.0},{"damage":3.0,"enemies":"2 Thieves","floor":18.0,"turns":4.0},{"damage":0.0,"enemies":"Shell Parasite","floor":20.0,"turns":6.0},{"damage":15,"enemies":"Snake Plant","floor":21,"turns":5},{"damage":0,"enemies":"3 Cultists","floor":24,"turns":4},{"damage":5,"enemies":"Gremlin Leader","floor":25,"turns":5},{"damage":0,"enemies":"Centurion and Healer","floor":28,"turns":6},{"damage":17,"enemies":"Book of Stabbing","floor":29,"turns":6},{"damage":2,"enemies":"Sentry and Sphere","floor":31,"turns":4},{"damage":46,"enemies":"Collector","floor":33,"turns":9},{"damage":20,"enemies":"3 Shapes","floor":35,"turns":5},{"damage":57,"enemies":"3 Darklings","floor":36,"turns":5},{"damage":0,"enemies":"Mind Bloom Boss Battle","floor":37,"turns":6},{"damage":18,"enemies":"Spire Growth","floor":39,"turns":5},{"damage":2,"enemies":"Giant Head","floor":40,"turns":7},{"damage":22,"enemies":"Sphere and 2 Shapes","floor":41,"turns":2}],"seed_played":"-27215164233835837","potions_obtained":[{"floor":2.0,"key":"Fire Potion"},{"floor":5.0,"key":"SkillPotion"},{"floor":11.0,"key":"FocusPotion"},{"floor":12.0,"key":"FearPotion"},{"floor":16.0,"key":"SpeedPotion"},{"floor":25,"key":"Ancient Potion"},{"floor":27,"key":"Regen Potion"},{"floor":27,"key":"Block Potion"},{"floor":28,"key":"SteroidPotion"},{"floor":29,"key":"LiquidBronze"},{"floor":33,"key":"Regen Potion"},{"floor":36,"key":"Regen Potion"},{"floor":37,"key":"Explosive Potion"},{"floor":40,"key":"Ancient Potion"}],"is_trial":false,"path_per_floor":["M","M","M","?","M","E","R","E","T","?","M","E","?","M","R","B",null,"M","$","M","M","?","R","M","E","T","?","M","E","R","M","R","B",null,"M","M","?","?","M","E","M"],"character_chosen":"DEFECT","items_purchased":["Ice Cream","Sunder"],"campfire_rested":2,"item_purchase_floors":[19,19],"current_hp_per_floor":[68,67,67,67,67,58,58,33,33,38,40,41,23,12,12,2,55,54,54,56,43,49,49,51,48,48,48,50,42,67,67,86,40,75,66,25,27,19,12,12,0],"gold":649,"neow_bonus":"ONE_RARE_RELIC","is_prod":false,"is_daily":false,"chose_seed":false,"campfire_upgraded":3,"win_rate":0,"timestamp":1559680458,"path_taken":["M","?","M","?","?","E","R","E","T","?","M","E","?","M","R","BOSS","M","$","M","M","?","R","M","E","T","?","M","E","R","?","R","BOSS","M","M","?","?","M","E","M"],"build_version":"2019-01-23","purchased_purges":1,"victory":false,"max_hp_per_floor":[68,68,68,68,68,68,68,68,68,73,73,73,73,73,73,73,73,73,73,73,73,79,79,79,79,79,79,79,86,86,86,86,86,86,86,86,86,86,86,86,86],"card_choices":[{"not_picked":["Fusion","Compile Driver"],"picked":"Conserve Battery","floor":1.0},{"not_picked":["Conserve Battery","Beam Cell"],"picked":"Ball Lightning","floor":2.0},{"not_picked":["Go for the Eyes","Streamline","Sweeping Beam"],"picked":"SKIP","floor":3.0},{"not_picked":["Barrage","Scrape"],"picked":"Genetic Algorithm","floor":5.0},{"not_picked":["Steam","Chaos"],"picked":"Glacier","floor":6.0},{"not_picked":["Hologram","Conserve Battery","Darkness"],"picked":"SKIP","floor":8.0},{"not_picked":["Stack","Hologram"],"picked":"Machine Learning","floor":11.0},{"not_picked":["Doom and Gloom","Go for the Eyes"],"picked":"Gash","floor":12.0},{"not_picked":["Glacier","Genetic Algorithm","Steam"],"picked":"SKIP","floor":14.0},{"not_picked":["Amplify","All For One"],"picked":"Biased Cognition","floor":16.0},{"not_picked":["Barrage","Conserve Battery"],"picked":"Redo+1","floor":18.0},{"not_picked":["Capacitor","Stack"],"picked":"Turbo","floor":20},{"not_picked":["Scrape+1","Redo"],"picked":"Recycle+1","floor":21},{"not_picked":["Sweeping Beam","Conserve Battery"],"picked":"Compile Driver+1","floor":24},{"not_picked":["Beam Cell","Blizzard+1","Conserve Battery"],"picked":"SKIP","floor":25},{"not_picked":["Redo","Ball Lightning+1","Streamline"],"picked":"SKIP","floor":28},{"not_picked":["Reinforced Body","Streamline"],"picked":"Core Surge","floor":29},{"not_picked":["Doom and Gloom","Ball Lightning"],"picked":"Compile Driver+1","floor":31},{"not_picked":["Creative AI","Hyperbeam"],"picked":"Meteor Strike","floor":33},{"not_picked":["Genetic Algorithm","Beam Cell","Blizzard+1"],"picked":"SKIP","floor":35},{"not_picked":["Go for the Eyes","Leap","Conserve Battery"],"picked":"SKIP","floor":36},{"not_picked":["Melter","Streamline"],"picked":"Defragment","floor":37},{"not_picked":["Conserve Battery+1","Double Energy"],"picked":"Steam Power","floor":39},{"not_picked":["Coolheaded","Steam"],"picked":"Electrodynamics","floor":40}],"player_experience":901666,"relics_obtained":[{"floor":6.0,"key":"MawBank"},{"floor":8.0,"key":"PreservedInsect"},{"floor":9.0,"key":"Blood Vial"},{"floor":12.0,"key":"Darkstone Periapt"},{"floor":25,"key":"Emotion Chip"},{"floor":29,"key":"Strawberry"},{"floor":37,"key":"Incense Burner"},{"floor":40,"key":"Prayer Wheel"}],"event_choices":[{"cards_removed":["Strike_B"],"damage_healed":0.0,"max_hp_gain":0.0,"max_hp_loss":0.0,"gold_gain":0.0,"event_name":"Bonfire Elementals","player_choice":"Offered Basic","floor":4.0,"gold_loss":0.0,"damage_taken":0.0},{"damage_healed":0.0,"max_hp_gain":5.0,"max_hp_loss":0.0,"gold_gain":0.0,"event_name":"Big Fish","player_choice":"Donut","floor":10.0,"gold_loss":0.0,"damage_taken":0.0},{"damage_healed":0.0,"max_hp_gain":0.0,"max_hp_loss":0.0,"gold_gain":0.0,"event_name":"Golden Idol","player_choice":"Take Damage","floor":13.0,"gold_loss":0.0,"damage_taken":18.0,"relics_obtained":["Golden Idol"]},{"damage_healed":0,"gold_gain":0,"player_choice":"Opened","damage_taken":0,"relics_obtained":["Dodecahedron"],"max_hp_gain":0,"max_hp_loss":0,"event_name":"The Mausoleum","floor":22,"gold_loss":0,"cards_obtained":["Writhe"]},{"damage_healed":0,"gold_gain":0,"player_choice":"Got Potions","damage_taken":0,"max_hp_gain":0,"max_hp_loss":0,"event_name":"Lab","floor":27,"gold_loss":0},{"damage_healed":0,"gold_gain":0,"player_choice":"Fight","damage_taken":0,"max_hp_gain":0,"max_hp_loss":0,"event_name":"MindBloom","floor":37,"gold_loss":0},{"damage_healed":0,"gold_gain":0,"player_choice":"Damaged","damage_taken":8,"max_hp_gain":0,"max_hp_loss":0,"event_name":"Wheel of Change","floor":38,"gold_loss":0}],"is_beta":false,"boss_relics":[{"not_picked":["Philosopher\u0027s Stone","Calling Bell"],"picked":"Empty Cage"},{"not_picked":["Velvet Choker","Black Star"],"picked":"Inserter"}],"items_purged_floors":[19],"is_endless":false,"potions_floor_spawned":[2,5,11,12,16,25,28,29,33,36,37,40],"killed_by":"Sphere and 2 Shapes","ascension_level":6}