{"gold_per_floor":[113,113,123,123,48,48,68,95,169,169,186,200,8,37,37,108,108,120,120,120,139,165,198,198,227,227,227,21,47,47,74,74,146,146,165,165,179,193,193,224,224,257,312,312,41,58,58,104,104,104,104,104,104,15,40,40],"floor_reached":57,"playtime":4661,"items_purged":["Strike_G","Defend_G"],"score":2959,"play_id":"35188447-db4d-4725-8b87-cf40787e7c59","local_time":"20190310182228","is_ascension_mode":true,"campfire_choices":[{"data":"Skewer","floor":6,"key":"SMITH"},{"data":"Neutralize","floor":10,"key":"SMITH"},{"data":"Dagger Spray","floor":15,"key":"SMITH"},{"data":"Footwork","floor":24,"key":"SMITH"},{"floor":27,"key":"REST"},{"data":"Noxious Fumes","floor":32,"key":"SMITH"},{"floor":47,"key":"RECALL"},{"floor":49,"key":"REST"},{"floor":53,"key":"REST"}],"neow_cost":"NONE","seed_source_timestamp":17320496332771,"circlet_count":0,"master_deck":["AscendersBane","Defend_G","Defend_G","Defend_G","Defend_G","Survivor","Neutralize+1","Cloak And Dagger","Skewer+1","Backflip","Backflip+1","Deflect+1","Footwork+1","Cloak And Dagger+1","Dagger Spray+1","After Image","Well Laid Plans","Necronomicurse","Backflip+1","Concentrate+1","Noxious Fumes+1","Backflip+1","Crippling Poison+1","Dash","Bullet Time+1","Bouncing Flask+1","Dark Shackles+1","Flash of Steel","Dodge and Roll+1","Dodge and Roll+1","Deflect+1","Writhe","Backflip+1","Night Terror+1","Escape Plan+1","Footwork","Malaise+1"],"relics":["Ring of the Snake","NeowsBlessing","Lantern","Toxic Egg 2","Matryoshka","Empty Cage","Necronomicon","Bag of Marbles","Strawberry","Pear","Bag of Preparation","Dream Catcher","Mummified Hand","Orichalcum","Snake Skull","Fusion Hammer","Juzu Bracelet","Darkstone Periapt","Paper Crane","Incense Burner","Oddly Smooth Stone"],"potions_floor_usage":[8,16,23,56],"damage_taken":[{"damage":0,"enemies":"Jaw Worm","floor":1,"turns":1},{"damage":0,"enemies":"2 Louse","floor":3,"turns":1},{"damage":0,"enemies":"Small Slimes","floor":7,"turns":1},{"damage":26,"enemies":"Gremlin Nob","floor":8,"turns":4},{"damage":2,"enemies":"3 Louse","floor":11,"turns":4},{"damage":0,"enemies":"Blue Slaver","floor":12,"turns":4},{"damage":4,"enemies":"3 Sentries","floor":14,"turns":8},{"damage":9,"enemies":"Slime Boss","floor":16,"turns":12},{"damage":0,"enemies":"Shell Parasite","floor":18,"turns":8},{"damage":0,"enemies":"3 Byrds","floor":21,"turns":7},{"damage":2,"enemies":"Book of Stabbing","floor":23,"turns":6},{"damage":26,"enemies":"Slavers","floor":25,"turns":10},{"damage":0,"enemies":"Book of Stabbing","floor":29,"turns":4},{"damage":0,"enemies":"Gremlin Leader","floor":31,"turns":5},{"damage":4,"enemies":"Champ","floor":33,"turns":11},{"damage":0,"enemies":"3 Darklings","floor":35,"turns":4},{"damage":0,"enemies":"Orb Walker","floor":37,"turns":2},{"damage":0,"enemies":"Jaw Worm Horde","floor":38,"turns":3},{"damage":6,"enemies":"Reptomancer","floor":40,"turns":7},{"damage":16,"enemies":"Nemesis","floor":42,"turns":9},{"damage":0,"enemies":"3 Darklings","floor":46,"turns":6},{"damage":11,"enemies":"2 Orb Walkers","floor":48,"turns":4},{"damage":13,"enemies":"Awakened One","floor":50,"turns":17},{"damage":28,"enemies":"Time Eater","floor":51,"turns":14},{"damage":35,"enemies":"Shield and Spear","floor":55,"turns":9},{"damage":0,"enemies":"The Heart","floor":56,"turns":14}],"seed_played":"6949333376886079512","potions_obtained":[{"floor":3,"key":"Strength Potion"},{"floor":12,"key":"Fire Potion"},{"floor":14,"key":"SkillPotion"},{"floor":16,"key":"Energy Potion"},{"floor":21,"key":"LiquidBronze"},{"floor":31,"key":"Ancient Potion"}],"is_trial":false,"path_per_floor":["M","?","M","?","?","R","M","E","T","R","M","M","$","E","R","B",null,"M","?","?","M","T","E","R","E","T","R","$","E","?","E","R","B",null,"M","?","M","M","?","E","?","E","T","?","$","M","R","?","R","B","B",null,"R","$","E","B",null],"character_chosen":"THE_SILENT","items_purchased":["Footwork","Cloak And Dagger+1","Backflip+1","Crippling Poison+1","Paper Crane","Footwork"],"campfire_rested":3,"item_purchase_floors":[13,13,28,28,45,54],"current_hp_per_floor":[59,59,59,59,59,59,59,33,33,33,31,31,31,27,27,18,54,54,54,33,33,40,48,48,22,22,46,46,46,46,46,46,42,73,73,63,63,63,63,57,57,41,41,64,64,64,64,53,79,66,38,76,89,89,54,54],"gold":40,"neow_bonus":"THREE_ENEMY_KILL","is_prod":false,"is_daily":false,"chose_seed":false,"campfire_upgraded":5,"win_rate":0,"timestamp":1552238548,"path_taken":["M","?","M","?","?","R","?","E","T","R","M","M","$","E","R","BOSS","M","?","?","M","?","E","R","E","T","R","?","E","?","E","R","BOSS","M","?","M","M","?","E","?","E","T","?","$","M","R","?","R","BOSS","BOSS","R","$","E","BOSS"],"build_version":"2019-01-23","purchased_purges":2,"victory":true,"max_hp_per_floor":[66,66,66,66,66,66,66,66,66,66,66,66,66,66,66,66,66,66,66,66,66,73,83,83,83,83,83,83,83,83,83,83,83,83,83,83,83,83,83,83,83,83,83,89,89,89,89,89,89,89,89,89,89,89,89,89],"card_choices":[{"not_picked":["Deflect","PiercingWail"],"picked":"Cloak And Dagger","floor":1},{"not_picked":["Escape Plan","Expertise"],"picked":"Skewer","floor":3},{"not_picked":["Acrobatics","Reflex","Dagger Throw"],"picked":"SKIP","floor":7},{"not_picked":["Skewer","Tools of the Trade"],"picked":"Backflip","floor":8},{"not_picked":["Tactician+1","Deflect+1"],"picked":"Backflip+1","floor":11},{"not_picked":["Tactician+1","Outmaneuver+1"],"picked":"Deflect+1","floor":12},{"not_picked":["Quick Slash","Outmaneuver+1"],"picked":"Dagger Spray","floor":14},{"not_picked":["Venomology+1","Envenom"],"picked":"After Image","floor":16},{"not_picked":["Flechettes","Prepared+1"],"picked":"Well Laid Plans","floor":18},{"not_picked":["Infinite Blades","Dagger Spray"],"picked":"Caltrops","floor":21},{"not_picked":["Venomology+1","Finisher"],"picked":"Backflip+1","floor":23},{"not_picked":["Sucker Punch","Dagger Throw+1"],"picked":"Concentrate+1","floor":25},{"not_picked":["Eviscerate","Dodge and Roll+1"],"picked":"Noxious Fumes","floor":27},{"not_picked":["Skewer","Underhanded Strike"],"picked":"Dash","floor":29},{"not_picked":["Expertise+1","Quick Slash","All Out Attack"],"picked":"SKIP","floor":31},{"not_picked":["Unload","Grand Finale"],"picked":"Bullet Time+1","floor":33},{"not_picked":["Poisoned Stab","Underhanded Strike"],"picked":"Bouncing Flask+1","floor":35},{"not_picked":["Swift Strike","Madness+1"],"picked":"Dark Shackles+1","floor":36},{"not_picked":["Purity+1","Madness+1"],"picked":"Flash of Steel","floor":36},{"not_picked":["Deadly Poison+1","Acrobatics+1"],"picked":"Dodge and Roll+1","floor":37},{"not_picked":["Blur+1","Outmaneuver+1"],"picked":"Dodge and Roll+1","floor":38},{"not_picked":["Cloak And Dagger+1","Outmaneuver+1"],"picked":"Deflect+1","floor":40},{"not_picked":["Deadly Poison+1","Caltrops","Flying Knee"],"picked":"SKIP","floor":42},{"not_picked":["Reflex+1","Deadly Poison+1"],"picked":"Backflip+1","floor":46},{"not_picked":["Reflex+1","Dagger Spray"],"picked":"Night Terror+1","floor":49},{"not_picked":["Tactician+1","Underhanded Strike"],"picked":"Escape Plan+1","floor":53},{"not_picked":["Eviscerate+1","Outmaneuver+1"],"picked":"Malaise+1","floor":55}],"player_experience":1023938,"relics_obtained":[{"floor":8,"key":"Lantern"},{"floor":9,"key":"Toxic Egg 2"},{"floor":14,"key":"Matryoshka"},{"floor":20,"key":"Necronomicon"},{"floor":22,"key":"Bag of Marbles"},{"floor":22,"key":"Strawberry"},{"floor":23,"key":"Pear"},{"floor":25,"key":"Bag of Preparation"},{"floor":26,"key":"Dream Catcher"},{"floor":26,"key":"Mummified Hand"},{"floor":29,"key":"Orichalcum"},{"floor":31,"key":"Snake Skull"},{"floor":40,"key":"Juzu Bracelet"},{"floor":42,"key":"Darkstone Periapt"},{"floor":48,"key":"Incense Burner"},{"floor":55,"key":"Oddly Smooth Stone"}],"event_choices":[{"cards_removed":["Strike_G"],"damage_healed":0,"gold_gain":0,"player_choice":"Forget","damage_taken":0,"max_hp_gain":0,"max_hp_loss":0,"event_name":"Living Wall","floor":2,"gold_loss":0},{"damage_healed":0,"gold_gain":0,"player_choice":"Ignored","damage_taken":0,"max_hp_gain":0,"max_hp_loss":0,"event_name":"Liars Game","floor":4,"gold_loss":0},{"cards_removed":["Strike_G"],"damage_healed":0,"gold_gain":0,"player_choice":"Card Removal","damage_taken":0,"max_hp_gain":0,"max_hp_loss":0,"event_name":"The Cleric","floor":5,"gold_loss":75},{"damage_healed":0,"gold_gain":0,"player_choice":"Ignored","damage_taken":0,"max_hp_gain":0,"max_hp_loss":0,"event_name":"The Mausoleum","floor":19,"gold_loss":0},{"damage_healed":0,"gold_gain":0,"player_choice":"Obtained Book","damage_taken":21,"max_hp_gain":0,"max_hp_loss":0,"event_name":"Cursed Tome","floor":20,"gold_loss":0},{"damage_healed":0,"gold_gain":0,"player_choice":"Ignored","damage_taken":0,"max_hp_gain":0,"max_hp_loss":0,"event_name":"Beggar","floor":30,"gold_loss":0},{"damage_healed":0,"gold_gain":0,"player_choice":"Memory 3","damage_taken":10,"max_hp_gain":0,"max_hp_loss":0,"event_name":"SensoryStone","floor":36,"gold_loss":0},{"damage_healed":0,"gold_gain":0,"player_choice":"Ignored","damage_taken":0,"max_hp_gain":0,"max_hp_loss":0,"event_name":"Tomb of Lord Red Mask","floor":39,"gold_loss":0},{"cards_removed":["Caltrops"],"damage_healed":0,"gold_gain":0,"player_choice":"Removed Power","damage_taken":0,"max_hp_gain":0,"max_hp_loss":0,"event_name":"Falling","floor":41,"gold_loss":0},{"damage_healed":17,"gold_gain":0,"player_choice":"Writhe","damage_taken":0,"max_hp_gain":0,"max_hp_loss":0,"event_name":"Winding Halls","floor":44,"gold_loss":0,"cards_obtained":["Writhe"]},{"damage_healed":0,"gold_gain":0,"player_choice":"Fight","damage_taken":0,"max_hp_gain":0,"max_hp_loss":0,"event_name":"Mysterious Sphere","floor":48,"gold_loss":0}],"is_beta":false,"boss_relics":[{"not_picked":["Lizard Tail","Tiny House"],"picked":"Empty Cage"},{"not_picked":["Philosopher\u0027s Stone","Astrolabe"],"picked":"Fusion Hammer"}],"items_purged_floors":[13,28],"is_endless":false,"potions_floor_spawned":[3,12,14,16,21,31,38,40,46],"ascension_level":20}