{"gold_per_floor":[109,127,142,292,3,3,14,48,48,75,75,103,113,113,113,113],"floor_reached":16,"playtime":670,"items_purged":["Doubt"],"score":240,"play_id":"2253381d-5a63-48a2-bdfc-9afb23dadcc6","local_time":"20190208181235","is_ascension_mode":true,"campfire_choices":[{"data":"Bash","floor":6,"key":"SMITH"},{"data":"Sword Boomerang","floor":11,"key":"SMITH"},{"data":"Fiend Fire","floor":15,"key":"SMITH"}],"neow_cost":"NONE","seed_source_timestamp":20461920743297,"circlet_count":0,"master_deck":["AscendersBane","Strike_R","Strike_R","Strike_R","Strike_R","Strike_R+1","Defend_R","Defend_R","Defend_R","Defend_R","Bash+1","Pommel Strike","Metallicize","Pommel Strike","Evolve+1","Sword Boomerang+1","Intimidate+1","Fiend Fire+1"],"relics":["Burning Blood","Boot","Red Skull","Oddly Smooth Stone","Smiling Mask","Toxic Egg 2","Frozen Egg 2"],"potions_floor_usage":[7,12,16],"damage_taken":[{"damage":12,"enemies":"Jaw Worm","floor":1,"turns":3},{"damage":9,"enemies":"2 Louse","floor":2,"turns":3},{"damage":0,"enemies":"Cultist","floor":3,"turns":4},{"damage":5,"enemies":"Gremlin Gang","floor":7,"turns":6},{"damage":26,"enemies":"Gremlin Nob","floor":8,"turns":4},{"damage":20,"enemies":"3 Sentries","floor":10,"turns":11},{"damage":5,"enemies":"Gremlin Nob","floor":12,"turns":3},{"damage":10,"enemies":"Looter","floor":13,"turns":3},{"damage":16,"enemies":"The Guardian","floor":16,"turns":8}],"seed_played":"4499598215232550441","potions_obtained":[{"floor":3,"key":"BloodPotion"},{"floor":7,"key":"SmokeBomb"},{"floor":8,"key":"Fire Potion"}],"is_trial":false,"path_per_floor":["M","M","M","?","$","R","M","E","T","E","R","E","M","?","R","B"],"character_chosen":"IRONCLAD","items_purchased":["Red Skull","SteroidPotion"],"campfire_rested":0,"item_purchase_floors":[5,5],"current_hp_per_floor":[62,59,65,65,65,65,66,46,46,32,32,33,29,6,6,0],"gold":113,"neow_bonus":"RANDOM_COMMON_RELIC","is_prod":false,"is_daily":false,"chose_seed":false,"campfire_upgraded":3,"win_rate":0,"timestamp":1549645955,"path_taken":["M","M","M","?","$","R","M","E","T","E","R","E","M","?","R","BOSS"],"build_version":"2019-01-23","purchased_purges":1,"victory":false,"max_hp_per_floor":[75,75,75,75,75,75,75,75,75,75,75,75,75,75,75,75],"card_choices":[{"not_picked":["Twin Strike","Thunderclap"],"picked":"Pommel Strike","floor":1},{"not_picked":["Armaments","Warcry"],"picked":"Metallicize","floor":2},{"not_picked":["Heavy Blade","Warcry"],"picked":"Pommel Strike","floor":3},{"not_picked":["Ghostly Armor","Rampage"],"picked":"Evolve","floor":7},{"not_picked":["Cleave","Perfected Strike","Thunderclap"],"picked":"SKIP","floor":8},{"not_picked":["Clothesline","Reckless Charge"],"picked":"Sword Boomerang","floor":10},{"not_picked":["Iron Wave","Anger"],"picked":"Intimidate+1","floor":12},{"not_picked":["Heavy Blade","Perfected Strike"],"picked":"Fiend Fire","floor":13}],"player_experience":947991,"relics_obtained":[{"floor":8,"key":"Oddly Smooth Stone"},{"floor":9,"key":"Smiling Mask"},{"floor":10,"key":"Toxic Egg 2"},{"floor":12,"key":"Frozen Egg 2"}],"event_choices":[{"damage_healed":0,"gold_gain":150,"player_choice":"AGREE","damage_taken":0,"max_hp_gain":0,"max_hp_loss":0,"event_name":"Liars Game","floor":4,"gold_loss":0,"cards_obtained":["Doubt"]},{"damage_healed":0,"gold_gain":0,"player_choice":"Entered Light","damage_taken":23,"max_hp_gain":0,"max_hp_loss":0,"event_name":"Shining Light","floor":14,"gold_loss":0,"cards_upgraded":["Evolve","Strike_R"]}],"is_beta":false,"boss_relics":[],"items_purged_floors":[5],"is_endless":false,"potions_floor_spawned":[3,7,8],"killed_by":"The Guardian","ascension_level":20}