{"gold_per_floor":[115,190,190,209,17,52,52,81,105,105,132,145,176,189,189,294,294,314,304,304,304,66,66,78,110,110,110,138,158,177,187,187,282,282,301,301,311,326,326,326,223,243,293,322,322,30,30,46,46,46,46,46,6,37,37],"floor_reached":55,"playtime":3179,"items_purged":[],"score":997,"play_id":"a783a29d-bd49-4895-ab24-bd761eb8e5d6","local_time":"20190224181706","is_ascension_mode":true,"campfire_choices":[{"data":"Flex","floor":7.0,"key":"SMITH"},{"data":"Bash","floor":10.0,"key":"SMITH"},{"floor":15.0,"key":"REST"},{"floor":23.0,"key":"RECALL"},{"data":"Flame Barrier","floor":27.0,"key":"SMITH"},{"floor":32.0,"key":"REST"},{"floor":40.0,"key":"REST"},{"floor":47.0,"key":"REST"},{"data":"Whirlwind","floor":49.0,"key":"SMITH"},{"floor":52,"key":"REST"}],"neow_cost":"NONE","seed_source_timestamp":0,"circlet_count":0,"master_deck":["Strike_R+1","Strike_R+1","Strike_R+1","Strike_R+1","Defend_R+1","Defend_R+1","Defend_R+1","Defend_R+1","Bash+1","Ghostly Armor","Flex+1","Twin Strike","Clash","Demon Form","Dropkick","Flex","Impervious","Flame Barrier+1","Seeing Red+1","Body Slam+1","Dual Wield+1","Flex+1","Uppercut","Whirlwind+1","Headbutt+1","Armaments+1","Evolve","Infernal Blade+1"],"special_seed":0,"relics":["Burning Blood","NeowsBlessing","Anchor","Happy Flower","Singing Bowl","Peace Pipe","Dream Catcher","Snecko Eye","Enchiridion","Mercury Hourglass","Pen Nib","Toxic Egg 2","Red Mask","Mark of Pain","Juzu Bracelet","Bag of Preparation","Boot","Bag of Marbles","Bronze Scales"],"potions_floor_usage":[],"damage_taken":[{"damage":0.0,"enemies":"Jaw Worm","floor":1.0,"turns":1.0},{"damage":0.0,"enemies":"Cultist","floor":4.0,"turns":1.0},{"damage":0.0,"enemies":"Gremlin Nob","floor":6.0,"turns":1.0},{"damage":10.0,"enemies":"3 Sentries","floor":8.0,"turns":8.0},{"damage":15.0,"enemies":"Gremlin Nob","floor":11.0,"turns":4.0},{"damage":0.0,"enemies":"2 Louse","floor":12.0,"turns":3.0},{"damage":25.0,"enemies":"3 Sentries","floor":13.0,"turns":11.0},{"damage":0.0,"enemies":"Blue Slaver","floor":14.0,"turns":3.0},{"damage":80.0,"enemies":"Hexaghost","floor":16.0,"turns":10.0},{"damage":2.0,"enemies":"Chosen","floor":18.0,"turns":4.0},{"damage":9.0,"enemies":"2 Thieves","floor":19.0,"turns":5.0},{"damage":3.0,"enemies":"Sentry and Sphere","floor":24.0,"turns":5.0},{"damage":5.0,"enemies":"Slavers","floor":25.0,"turns":6.0},{"damage":27.0,"enemies":"Masked Bandits","floor":28.0,"turns":5.0},{"damage":0.0,"enemies":"Cultist and Chosen","floor":29.0,"turns":5.0},{"damage":0.0,"enemies":"Snake Plant","floor":30.0,"turns":3.0},{"damage":0.0,"enemies":"Snecko","floor":31.0,"turns":3.0},{"damage":51.0,"enemies":"Collector","floor":33.0,"turns":9.0},{"damage":0.0,"enemies":"3 Shapes","floor":35.0,"turns":5.0},{"damage":9.0,"enemies":"3 Darklings","floor":37.0,"turns":6.0},{"damage":64.0,"enemies":"Writhing Mass","floor":38.0,"turns":5.0},{"damage":0.0,"enemies":"4 Shapes","floor":42.0,"turns":9.0},{"damage":16.0,"enemies":"Giant Head","floor":44.0,"turns":6.0},{"damage":0.0,"enemies":"Jaw Worm Horde","floor":48.0,"turns":3.0},{"damage":94.0,"enemies":"Awakened One","floor":50.0,"turns":8.0},{"damage":72,"enemies":"Shield and Spear","floor":54,"turns":4},{"damage":41,"enemies":"The Heart","floor":55,"turns":3}],"seed_played":"8002389655582632589","potions_obtained":[{"floor":3.0,"key":"Weak Potion"},{"floor":3.0,"key":"Dexterity Potion"},{"floor":3.0,"key":"Fire Potion"},{"floor":8.0,"key":"LiquidBronze"},{"floor":13.0,"key":"Explosive Potion"},{"floor":16.0,"key":"Strength Potion"},{"floor":24.0,"key":"Energy Potion"},{"floor":25.0,"key":"Ancient Potion"},{"floor":30.0,"key":"Strength Potion"},{"floor":31.0,"key":"SpeedPotion"},{"floor":33.0,"key":"Swift Potion"},{"floor":35.0,"key":"Ancient Potion"},{"floor":42.0,"key":"Fire Potion"},{"floor":44.0,"key":"PowerPotion"}],"is_trial":false,"path_per_floor":["M","?","?","M","$","E","R","E","T","R","E","M","E","M","R","B",null,"M","M","?","?","$","R","M","E","T","R","?","M","M","M","R","B",null,"M","?","M","M","?","R","$","M","T","E","?","$","R","M","R","B",null,"R","$","E","B"],"character_chosen":"IRONCLAD","items_purchased":["Anchor","Flex","Mercury Hourglass","Uppercut","Whirlwind","Boot","Bag of Marbles","Infernal Blade+1"],"campfire_rested":5,"item_purchase_floors":[5,5,22,41,41,46,46,53],"current_hp_per_floor":[78,67,67,73,73,79,79,75,75,75,66,74,57,63,84,10,66,72,71,71,55,55,55,60,61,61,61,42,48,54,62,90,47,84,92,92,91,35,35,64,64,70,70,62,62,62,94,102,102,14,82,105,105,41,0],"gold":37,"neow_bonus":"THREE_ENEMY_KILL","is_prod":false,"is_daily":false,"chose_seed":false,"campfire_upgraded":4,"win_rate":0,"timestamp":1551046626,"path_taken":["M","?","?","?","$","E","R","E","T","R","E","M","E","M","R","BOSS","M","?","?","?","$","R","?","E","T","R","?","M","M","M","R","BOSS","M","?","M","M","?","R","$","M","T","E","?","?","R","M","R","BOSS","R","$","E","BOSS"],"build_version":"2019-01-23","purchased_purges":0,"victory":false,"max_hp_per_floor":[80,80,80,80,80,80,80,80,80,80,80,82,84,84,84,84,84,86,88,88,88,88,88,90,90,90,90,92,92,92,94,94,96,96,98,98,100,102,99,99,99,99,99,101,101,101,103,105,105,105,105,105,105,107,107],"card_choices":[{"not_picked":["Armaments","Wild Strike"],"picked":"Ghostly Armor","floor":1.0},{"not_picked":["Rage","Armaments","Body Slam"],"picked":"SKIP","floor":4.0},{"not_picked":["Rupture","Spot Weakness"],"picked":"Twin Strike","floor":6.0},{"not_picked":["Cleave","Body Slam"],"picked":"Clash","floor":8.0},{"not_picked":["Wild Strike","Clothesline"],"picked":"Demon Form","floor":11.0},{"not_picked":["Perfected Strike","Second Wind","Iron Wave"],"picked":"Singing Bowl","floor":12.0},{"not_picked":["Pummel","Headbutt","Sever Soul"],"picked":"Singing Bowl","floor":13.0},{"not_picked":["Iron Wave","Reckless Charge"],"picked":"Dropkick","floor":14.0},{"not_picked":["Pommel Strike","Dual Wield"],"picked":"Flex","floor":15.0},{"not_picked":["Immolate","Exhume"],"picked":"Impervious","floor":16.0},{"not_picked":["Clash+1","Headbutt+1","Twin Strike"],"picked":"Singing Bowl","floor":18.0},{"not_picked":["True Grit","Cleave","Shrug It Off"],"picked":"Singing Bowl","floor":19.0},{"not_picked":["Clothesline","Carnage","Cleave+1"],"picked":"Singing Bowl","floor":24.0},{"not_picked":["Combust","Clash"],"picked":"Flame Barrier","floor":25.0},{"not_picked":["Shrug It Off+1","Warcry+1","Anger"],"picked":"Singing Bowl","floor":28.0},{"not_picked":["Flex+1","Cleave"],"picked":"Seeing Red+1","floor":29.0},{"not_picked":["Impervious+1","Intimidate+1"],"picked":"Body Slam+1","floor":30.0},{"not_picked":["Dropkick+1","Inflame+1","Twin Strike+1"],"picked":"Singing Bowl","floor":31.0},{"not_picked":["Iron Wave","Anger"],"picked":"Dual Wield+1","floor":32.0},{"not_picked":["Berserk","Impervious+1","Juggernaut"],"picked":"Singing Bowl","floor":33.0},{"not_picked":["Entrench+1","Armaments+1","Inflame+1"],"picked":"Singing Bowl","floor":35.0},{"not_picked":["Rupture","Reckless Charge+1","Warcry+1"],"picked":"Singing Bowl","floor":37.0},{"not_picked":["Dropkick+1","Perfected Strike+1","Double Tap+1"],"picked":"Singing Bowl","floor":38.0},{"not_picked":["Cleave+1","Evolve+1"],"picked":"Flex+1","floor":40.0},{"not_picked":["Corruption","Bloodletting+1"],"picked":"Headbutt+1","floor":42.0},{"not_picked":["Cleave","Wild Strike","Thunderclap+1"],"picked":"Singing Bowl","floor":44.0},{"not_picked":["Whirlwind+1","Body Slam+1","Brutality"],"picked":"Singing Bowl","floor":47.0},{"not_picked":["Blood for Blood+1","Seeing Red+1","Body Slam"],"picked":"Singing Bowl","floor":48.0},{"not_picked":["Perfected Strike","Searing Blow"],"picked":"Evolve","floor":52},{"not_picked":["Anger+1","Searing Blow+1","Body Slam"],"picked":"Singing Bowl","floor":54}],"player_experience":456852,"relics_obtained":[{"floor":6.0,"key":"Happy Flower"},{"floor":8.0,"key":"Singing Bowl"},{"floor":11.0,"key":"Peace Pipe"},{"floor":13.0,"key":"Dream Catcher"},{"floor":21.0,"key":"Enchiridion"},{"floor":25.0,"key":"Pen Nib"},{"floor":26.0,"key":"Toxic Egg 2"},{"floor":28.0,"key":"Red Mask"},{"floor":43.0,"key":"Juzu Bracelet"},{"floor":44.0,"key":"Bag of Preparation"},{"floor":54,"key":"Bronze Scales"}],"event_choices":[{"damage_healed":0.0,"max_hp_gain":0.0,"max_hp_loss":0.0,"gold_gain":75.0,"event_name":"World of Goop","player_choice":"Gather Gold","floor":2.0,"gold_loss":0.0,"damage_taken":11.0},{"damage_healed":0.0,"max_hp_gain":0.0,"max_hp_loss":0.0,"gold_gain":0.0,"event_name":"Lab","player_choice":"Got Potions","floor":3.0,"gold_loss":0.0,"damage_taken":0.0},{"damage_healed":0.0,"max_hp_gain":0.0,"max_hp_loss":0.0,"gold_gain":0.0,"event_name":"Back to Basics","player_choice":"Simplicity","floor":20.0,"gold_loss":0.0,"damage_taken":0.0,"cards_upgraded":["Strike_R","Strike_R","Strike_R","Strike_R","Strike_R","Defend_R","Defend_R","Defend_R","Defend_R"]},{"damage_healed":0.0,"max_hp_gain":0.0,"max_hp_loss":0.0,"gold_gain":0.0,"event_name":"Cursed Tome","player_choice":"Obtained Book","floor":21.0,"gold_loss":0.0,"damage_taken":16.0},{"damage_healed":0.0,"max_hp_gain":0.0,"max_hp_loss":0.0,"gold_gain":0.0,"event_name":"Masked Bandits","player_choice":"Fought Bandits","floor":28.0,"gold_loss":0.0,"damage_taken":0.0},{"cards_removed":["Strike_R"],"damage_healed":0.0,"max_hp_gain":0.0,"max_hp_loss":0.0,"gold_gain":0.0,"event_name":"Falling","player_choice":"Removed Attack","floor":36.0,"gold_loss":0.0,"damage_taken":0.0},{"cards_removed":["Parasite"],"damage_healed":0.0,"max_hp_gain":0.0,"max_hp_loss":0.0,"gold_gain":0.0,"event_name":"Purifier","player_choice":"Purged","floor":39.0,"gold_loss":0.0,"damage_taken":0.0},{"damage_healed":0.0,"max_hp_gain":0.0,"max_hp_loss":0.0,"gold_gain":0.0,"event_name":"Match and Keep!","player_choice":"1 cards matched","floor":45.0,"gold_loss":0.0,"damage_taken":0.0,"cards_obtained":["Armaments"]}],"is_beta":false,"boss_relics":[{"not_picked":["Cursed Key","Lizard Tail"],"picked":"Snecko Eye"},{"not_picked":["Runic Pyramid","White Beast Statue"],"picked":"Mark of Pain"}],"items_purged_floors":[],"is_endless":false,"potions_floor_spawned":[4,8,13,16,24,25,30,31,33,35,42,44],"killed_by":"The Heart","ascension_level":7}