{"gold_per_floor":[119,133,34,47,122,153,153,182,237,255,268,268,344,359,359,463,463,478,478,478,175,90,90,125,141,141,160,160,85,99,99,99,203,203,214,214,227,227,238,252,10,10,10,24,24,40,51,67,67,67],"floor_reached":50,"playtime":2236,"items_purged":["Strike_R","Strike_R"],"score":476,"play_id":"950e00f6-1e34-4892-87c0-6686b53b03f5","local_time":"20190327120358","is_ascension_mode":false,"campfire_choices":[{"data":"Rampage","floor":7,"key":"SMITH"},{"floor":12,"key":"RECALL"},{"data":"Body Slam","floor":15,"key":"SMITH"},{"floor":23,"key":"REST"},{"data":"Demon Form","floor":28,"key":"SMITH"},{"data":"Searing Blow+1","floor":32,"key":"SMITH"},{"floor":42,"key":"REST"},{"floor":49,"key":"REST"}],"neow_cost":"NONE","seed_source_timestamp":264685255643687,"circlet_count":0,"master_deck":["Strike_R","Strike_R","Defend_R","Defend_R","Defend_R","Bash","Rampage+1","Body Slam+1","Cleave","Feel No Pain","Clash+1","Shockwave","Sword Boomerang+1","Clothesline+1","Cleave+1","Demon Form+1","Dropkick+1","Twin Strike+1","Disarm","Searing Blow+2","Impervious","Body Slam+1","Clash+1","Reaper+1","Headbutt+1","Rampage+1","Entrench+1","Clash+1"],"relics":["Burning Blood","Molten Egg 2","Ancient Tea Set","Eternal Feather","Sling","Regal Pillow","Orichalcum","Nunchaku","Nloth\u0027s Gift","Lizard Tail","Centennial Puzzle","Kunai","Girya"],"potions_floor_usage":[16,18,18,20,24,25,33,47,48,50,50,50],"damage_taken":[{"damage":1,"enemies":"Jaw Worm","floor":1,"turns":5},{"damage":6,"enemies":"Cultist","floor":2,"turns":3},{"damage":1,"enemies":"2 Louse","floor":4,"turns":2},{"damage":15,"enemies":"3 Sentries","floor":6,"turns":8},{"damage":21,"enemies":"Lagavulin","floor":8,"turns":6},{"damage":9,"enemies":"Blue Slaver","floor":10,"turns":3},{"damage":4,"enemies":"Large Slime","floor":11,"turns":5},{"damage":0,"enemies":"2 Fungi Beasts","floor":14,"turns":2},{"damage":30,"enemies":"The Guardian","floor":16,"turns":9},{"damage":17,"enemies":"3 Byrds","floor":18,"turns":6},{"damage":23,"enemies":"Colosseum Slavers","floor":20,"turns":4},{"damage":9,"enemies":"Slavers","floor":24,"turns":3},{"damage":3,"enemies":"2 Thieves","floor":25,"turns":3},{"damage":30,"enemies":"Snake Plant","floor":27,"turns":3},{"damage":10,"enemies":"Snecko","floor":30,"turns":5},{"damage":47,"enemies":"Collector","floor":33,"turns":7},{"damage":47,"enemies":"3 Darklings","floor":35,"turns":7},{"damage":14,"enemies":"Orb Walker","floor":37,"turns":4},{"damage":40,"enemies":"Jaw Worm Horde","floor":39,"turns":5},{"damage":36,"enemies":"Sphere and 2 Shapes","floor":40,"turns":6},{"damage":19,"enemies":"Maw","floor":44,"turns":7},{"damage":36,"enemies":"Writhing Mass","floor":46,"turns":6},{"damage":17,"enemies":"Sphere and 2 Shapes","floor":47,"turns":4},{"damage":13,"enemies":"Transient","floor":48,"turns":5},{"damage":93,"enemies":"Donu and Deca","floor":50,"turns":6}],"seed_played":"-9063237229490443444","potions_obtained":[{"floor":1,"key":"Poison Potion"},{"floor":8,"key":"SkillPotion"},{"floor":11,"key":"GamblersBrew"},{"floor":16,"key":"Dexterity Potion"},{"floor":18,"key":"EssenceOfSteel"},{"floor":24,"key":"Fire Potion"},{"floor":30,"key":"FearPotion"},{"floor":40,"key":"BloodPotion"},{"floor":44,"key":"SteroidPotion"},{"floor":46,"key":"SkillPotion"},{"floor":47,"key":"Energy Potion"},{"floor":48,"key":"SkillPotion"}],"is_trial":false,"path_per_floor":["M","M","$","M","?","E","R","E","T","M","M","R","?","M","R","B",null,"M","?","?","$","?","R","E","M","T","M","R","?","M","?","R","B",null,"M","?","M","T","M","M","$","R","T","M","?","M","M","M","R","B"],"character_chosen":"IRONCLAD","items_purchased":["Cleave","Sling","Kunai"],"campfire_rested":3,"item_purchase_floors":[3,21,41],"current_hp_per_floor":[80,80,80,80,72,63,63,48,48,45,47,47,47,53,53,29,80,69,54,37,37,37,85,82,85,85,61,73,73,69,69,81,40,85,44,44,36,36,46,28,28,81,81,81,81,51,40,33,81,0],"gold":67,"neow_bonus":"RANDOM_COMMON_RELIC","is_prod":false,"is_daily":false,"chose_seed":false,"campfire_upgraded":4,"win_rate":0,"timestamp":1553699038,"path_taken":["M","M","$","M","?","E","R","E","T","?","M","R","?","M","R","BOSS","M","?","?","$","?","R","E","M","T","M","R","?","M","?","R","BOSS","M","?","M","?","M","?","$","R","T","M","?","M","M","M","R","BOSS"],"build_version":"2019-01-23","purchased_purges":2,"victory":false,"max_hp_per_floor":[80,80,80,80,80,80,80,80,80,80,80,80,80,80,80,80,80,80,85,85,85,85,85,85,85,85,85,85,85,85,85,85,85,85,85,81,81,81,81,81,81,81,81,81,81,81,81,81,81,81],"card_choices":[{"not_picked":["Twin Strike","Carnage"],"picked":"Rampage","floor":1},{"not_picked":["Flex","Entrench"],"picked":"Body Slam","floor":2},{"not_picked":["Iron Wave","Havoc"],"picked":"Feel No Pain","floor":4},{"not_picked":["Armaments","Thunderclap"],"picked":"Clash","floor":6},{"not_picked":["Warcry","Entrench","Shockwave"],"picked":"SKIP","floor":8},{"not_picked":["Warcry","Entrench"],"picked":"Shockwave","floor":8},{"not_picked":["Perfected Strike+1","Juggernaut"],"picked":"Sword Boomerang+1","floor":10},{"not_picked":["Twin Strike+1","Blood for Blood+1"],"picked":"Clothesline+1","floor":11},{"not_picked":["True Grit","Perfected Strike+1"],"picked":"Cleave+1","floor":14},{"not_picked":["Barricade","Bludgeon+1"],"picked":"Demon Form","floor":16},{"not_picked":["Iron Wave+1","Shrug It Off"],"picked":"Dropkick+1","floor":18},{"not_picked":["Searing Blow+1","Evolve"],"picked":"Twin Strike+1","floor":24},{"not_picked":["Rupture","Twin Strike+1","Clothesline+1"],"picked":"SKIP","floor":25},{"not_picked":["Wild Strike+1","Shrug It Off"],"picked":"Disarm","floor":27},{"not_picked":["Clothesline+1","Headbutt+1"],"picked":"Searing Blow+1","floor":30},{"not_picked":["Exhume","Dark Embrace"],"picked":"Impervious","floor":33},{"not_picked":["Brutality","Heavy Blade+1"],"picked":"Body Slam+1","floor":35},{"not_picked":["True Grit","Rupture"],"picked":"Clash+1","floor":37},{"not_picked":["Corruption","Headbutt+1"],"picked":"Reaper+1","floor":39},{"not_picked":["Twin Strike+1","Armaments"],"picked":"Headbutt+1","floor":40},{"not_picked":["Shrug It Off","Iron Wave+1","Brutality"],"picked":"SKIP","floor":44},{"not_picked":["Armaments+1","Wild Strike+1"],"picked":"Rampage+1","floor":46},{"not_picked":["Clash+1","Inflame"],"picked":"Entrench+1","floor":47},{"not_picked":["Sword Boomerang+1","Thunderclap+1"],"picked":"Clash+1","floor":48}],"player_experience":538087,"relics_obtained":[{"floor":6,"key":"Molten Egg 2"},{"floor":8,"key":"Ancient Tea Set"},{"floor":24,"key":"Orichalcum"},{"floor":26,"key":"Nunchaku"},{"floor":38,"key":"Centennial Puzzle"},{"floor":43,"key":"Girya"}],"event_choices":[{"damage_healed":0,"gold_gain":75,"player_choice":"Touch","damage_taken":8,"max_hp_gain":0,"max_hp_loss":0,"event_name":"FaceTrader","floor":5,"gold_loss":0},{"damage_healed":0,"gold_gain":76,"player_choice":"Gained Gold","damage_taken":0,"max_hp_gain":0,"max_hp_loss":0,"event_name":"Golden Wing","floor":13,"gold_loss":0},{"damage_healed":0,"gold_gain":0,"player_choice":"Shed Blood","damage_taken":20,"max_hp_gain":5,"max_hp_loss":0,"event_name":"Forgotten Altar","floor":19,"gold_loss":0},{"damage_healed":0,"gold_gain":0,"player_choice":"Fight","damage_taken":0,"max_hp_gain":0,"max_hp_loss":0,"event_name":"Colosseum","floor":20,"gold_loss":0},{"damage_healed":0,"gold_gain":0,"player_choice":"Fled From Nobs","damage_taken":0,"max_hp_gain":0,"max_hp_loss":0,"event_name":"Colosseum","floor":20,"gold_loss":0},{"damage_healed":0,"gold_gain":0,"player_choice":"Obtained Relic","damage_taken":0,"relics_obtained":["Regal Pillow"],"max_hp_gain":0,"max_hp_loss":0,"event_name":"Addict","floor":22,"gold_loss":85},{"cards_removed":["Strike_R"],"damage_healed":0,"gold_gain":0,"player_choice":"Gave Gold","damage_taken":0,"max_hp_gain":0,"max_hp_loss":0,"event_name":"Beggar","floor":29,"gold_loss":75},{"damage_healed":0,"gold_gain":0,"player_choice":"Traded Relic","damage_taken":0,"relics_obtained":["Nloth\u0027s Gift"],"max_hp_gain":0,"max_hp_loss":0,"event_name":"N\u0027loth","floor":31,"relics_lost":["Potion Belt"],"gold_loss":0},{"damage_healed":0,"gold_gain":0,"player_choice":"Max HP","damage_taken":0,"max_hp_gain":0,"max_hp_loss":4,"event_name":"Winding Halls","floor":36,"gold_loss":0},{"cards_removed":["Defend_R"],"damage_healed":0,"gold_gain":0,"player_choice":"Offered Basic","damage_taken":0,"max_hp_gain":0,"max_hp_loss":0,"event_name":"Bonfire Elementals","floor":45,"gold_loss":0}],"is_beta":false,"boss_relics":[{"not_picked":["Tiny House","Runic Pyramid"],"picked":"Eternal Feather"},{"not_picked":["Sozu","Philosopher\u0027s Stone"],"picked":"Lizard Tail"}],"items_purged_floors":[3,21],"is_endless":false,"potions_floor_spawned":[1,8,11,16,18,24,30,40,44,46,47,48],"killed_by":"Donu and Deca","ascension_level":0}