{"gold_per_floor":[109,54,54,69,144,174,191,205,232,67,96,96,142,168,168,245,245,260,260,25,25,25,25,52,68,68,68,168,168,178,198,198,272,272,291,305,168,168,178,178,207,217,217,247,247,247,273,64,64,64,64,64,64,64,93,93],"floor_reached":56,"playtime":3127,"items_purged":["Strike_G","Strike_G","Strike_G+1"],"score":2338,"play_id":"19815623-eda7-4747-b5c1-f5120616be63","local_time":"20190609204321","is_ascension_mode":true,"campfire_choices":[{"data":"Noxious Fumes","floor":12.0,"key":"SMITH"},{"data":"Neutralize","floor":15.0,"key":"SMITH"},{"data":"Ghostly","floor":23.0,"key":"SMITH"},{"data":"Ghostly","floor":27.0,"key":"SMITH"},{"data":"Ghostly","floor":29.0,"key":"SMITH"},{"data":"Night Terror","floor":32.0,"key":"SMITH"},{"floor":40.0,"key":"RECALL"},{"data":"Catalyst","floor":45.0,"key":"SMITH"},{"floor":49.0,"key":"REST"},{"data":"Survivor","floor":53.0,"key":"SMITH"}],"neow_cost":"NONE","seed_source_timestamp":27027802867849,"circlet_count":0,"master_deck":["AscendersBane","Defend_G","Defend_G","Defend_G","Defend_G","Defend_G+1","Survivor+1","Neutralize+1","Catalyst+1","Poisoned Stab+1","PiercingWail","Noxious Fumes+1","Backflip","Night Terror+1","Ghostly+1","Ghostly+1","Ghostly+1","Skewer","Backstab","Die Die Die","Catalyst+1","Impatience","Flash of Steel","PiercingWail","Deadly Poison","Well Laid Plans+1"],"special_seed":0,"relics":["Ring of the Snake","NeowsBlessing","Ancient Tea Set","War Paint","Bag of Marbles","Snake Skull","Bottled Tornado","Bag of Preparation","Whetstone","Busted Crown","Oddly Smooth Stone","Kunai","FossilizedHelix","Meat on the Bone","Black Star","Centennial Puzzle","Blood Vial","Letter Opener","Frozen Egg 2","Ornamental Fan","Regal Pillow","The Specimen","Mummified Hand","Vajra"],"potions_floor_usage":[56,56,56,56],"damage_taken":[{"damage":0.0,"enemies":"Cultist","floor":1.0,"turns":1.0},{"damage":0.0,"enemies":"Jaw Worm","floor":4.0,"turns":1.0},{"damage":0.0,"enemies":"3 Sentries","floor":6.0,"turns":1.0},{"damage":0.0,"enemies":"2 Louse","floor":7.0,"turns":2.0},{"damage":0.0,"enemies":"Exordium Wildlife","floor":8.0,"turns":2.0},{"damage":0.0,"enemies":"Gremlin Nob","floor":11.0,"turns":3.0},{"damage":7.0,"enemies":"Lagavulin","floor":14.0,"turns":4.0},{"damage":0.0,"enemies":"The Guardian","floor":16.0,"turns":6.0},{"damage":8.0,"enemies":"Shell Parasite","floor":18.0,"turns":4.0},{"damage":1.0,"enemies":"Book of Stabbing","floor":24.0,"turns":5.0},{"damage":0.0,"enemies":"2 Thieves","floor":25.0,"turns":4.0},{"damage":0.0,"enemies":"Colosseum Slavers","floor":28.0,"turns":4.0},{"damage":2.0,"enemies":"Colosseum Nobs","floor":28.0,"turns":7.0},{"damage":0.0,"enemies":"Shelled Parasite and Fungi","floor":30.0,"turns":4.0},{"damage":5.0,"enemies":"Snecko","floor":31.0,"turns":5.0},{"damage":14.0,"enemies":"Collector","floor":33.0,"turns":8.0},{"damage":0.0,"enemies":"Orb Walker","floor":35.0,"turns":3.0},{"damage":0.0,"enemies":"3 Darklings","floor":36.0,"turns":4.0},{"damage":13.0,"enemies":"Spire Growth","floor":39.0,"turns":4.0},{"damage":0.0,"enemies":"Nemesis","floor":41.0,"turns":4.0},{"damage":0.0,"enemies":"4 Shapes","floor":42.0,"turns":5.0},{"damage":0.0,"enemies":"Giant Head","floor":44.0,"turns":7.0},{"damage":15.0,"enemies":"Reptomancer","floor":47.0,"turns":5.0},{"damage":0.0,"enemies":"Donu and Deca","floor":50.0,"turns":5.0},{"damage":30.0,"enemies":"Awakened One","floor":51.0,"turns":8.0},{"damage":2,"enemies":"Shield and Spear","floor":55,"turns":5},{"damage":38,"enemies":"The Heart","floor":56,"turns":3}],"seed_played":"6902631080453626230","potions_obtained":[{"floor":6.0,"key":"SpeedPotion"},{"floor":8.0,"key":"Block Potion"},{"floor":11.0,"key":"Block Potion"},{"floor":18.0,"key":"SkillPotion"},{"floor":24.0,"key":"EssenceOfSteel"},{"floor":33.0,"key":"Ancient Potion"},{"floor":35.0,"key":"PowerPotion"},{"floor":42.0,"key":"EntropicBrew"}],"is_trial":false,"path_per_floor":["M","$","?","M","?","E","M","M","T","$","E","R","T","E","R","B",null,"M","?","$","?","?","R","E","M","T","R","?","R","M","M","R","B",null,"M","M","$","?","M","R","E","M","T","E","R","?","E","$","R","B","B",null,"R","$","E","B"],"character_chosen":"THE_SILENT","items_purchased":["SteroidPotion","Snake Skull","Oddly Smooth Stone","Catalyst","Well Laid Plans+1"],"campfire_rested":1,"item_purchase_floors":[2,10,20,37,48],"current_hp_per_floor":[59,59,54,54,43,43,43,43,43,43,43,43,43,36,36,36,59,51,33,33,33,26,26,25,25,25,25,23,23,23,30,30,28,36,36,36,36,26,25,25,25,27,27,29,29,29,28,28,38,38,20,34,34,34,34,0],"gold":93,"neow_bonus":"THREE_ENEMY_KILL","is_prod":false,"is_daily":false,"chose_seed":false,"campfire_upgraded":8,"win_rate":0,"timestamp":1560105801,"path_taken":["M","?","?","M","?","E","M","?","T","$","E","R","?","E","R","BOSS","M","?","$","?","?","R","E","M","T","R","?","R","M","M","R","BOSS","M","M","$","?","M","R","E","M","T","E","R","?","E","$","R","BOSS","BOSS","R","$","E","BOSS"],"build_version":"2019-01-23","purchased_purges":3,"victory":false,"max_hp_per_floor":[66,66,66,66,66,66,66,66,66,66,66,66,66,66,66,66,66,66,33,33,33,38,38,38,38,38,38,38,38,38,38,38,38,38,38,38,38,38,38,38,38,38,38,38,38,38,38,38,38,38,38,38,38,38,38,38],"card_choices":[{"not_picked":["PiercingWail","Cloak And Dagger"],"picked":"Catalyst","floor":1.0},{"not_picked":["Quick Slash","Slice"],"picked":"Poisoned Stab","floor":4.0},{"not_picked":["Choke","Skewer"],"picked":"Unload","floor":6.0},{"not_picked":["Underhanded Strike","Flechettes"],"picked":"PiercingWail","floor":7.0},{"not_picked":["Backflip","Prepared"],"picked":"Noxious Fumes","floor":8.0},{"not_picked":["Sucker Punch","Prepared","Bane"],"picked":"SKIP","floor":11.0},{"not_picked":["Acrobatics","Distraction"],"picked":"Backflip","floor":14.0},{"not_picked":["Envenom","Malaise"],"picked":"Night Terror","floor":16.0},{"not_picked":["Terror"],"picked":"SKIP","floor":18.0},{"not_picked":["Slice"],"picked":"SKIP","floor":24.0},{"not_picked":["Infinite Blades"],"picked":"SKIP","floor":25.0},{"not_picked":["Flying Knee"],"picked":"SKIP","floor":30.0},{"not_picked":["Choke"],"picked":"SKIP","floor":31.0},{"not_picked":[],"picked":"Die Die Die","floor":33.0},{"not_picked":["Bane"],"picked":"SKIP","floor":35.0},{"not_picked":["Cloak And Dagger"],"picked":"SKIP","floor":36.0},{"not_picked":[],"picked":"Impatience","floor":38.0},{"not_picked":[],"picked":"Flash of Steel","floor":38.0},{"not_picked":["Flying Knee"],"picked":"SKIP","floor":39.0},{"not_picked":["Dagger Throw+1"],"picked":"SKIP","floor":41.0},{"not_picked":[],"picked":"PiercingWail","floor":42.0},{"not_picked":["Dagger Spray+1"],"picked":"SKIP","floor":44.0},{"not_picked":["Glass Knife"],"picked":"SKIP","floor":47.0},{"not_picked":["Dash"],"picked":"SKIP","floor":55}],"player_experience":1313691,"relics_obtained":[{"floor":6.0,"key":"War Paint"},{"floor":9.0,"key":"Bag of Marbles"},{"floor":11.0,"key":"Bottled Tornado"},{"floor":13.0,"key":"Bag of Preparation"},{"floor":14.0,"key":"Whetstone"},{"floor":24.0,"key":"Kunai"},{"floor":28.0,"key":"FossilizedHelix"},{"floor":28.0,"key":"Meat on the Bone"},{"floor":41.0,"key":"Centennial Puzzle"},{"floor":41.0,"key":"Blood Vial"},{"floor":43.0,"key":"Letter Opener"},{"floor":44.0,"key":"Frozen Egg 2"},{"floor":44.0,"key":"Ornamental Fan"},{"floor":47.0,"key":"Regal Pillow"},{"floor":47.0,"key":"The Specimen"},{"floor":55,"key":"Mummified Hand"},{"floor":55,"key":"Vajra"}],"event_choices":[{"damage_healed":0.0,"max_hp_gain":0.0,"max_hp_loss":0.0,"gold_gain":0.0,"event_name":"Scrap Ooze","player_choice":"Success","floor":3.0,"gold_loss":0.0,"damage_taken":5.0,"relics_obtained":["Ancient Tea Set"]},{"damage_healed":0.0,"max_hp_gain":0.0,"max_hp_loss":0.0,"gold_gain":75.0,"event_name":"World of Goop","player_choice":"Gather Gold","floor":5.0,"gold_loss":0.0,"damage_taken":11.0},{"damage_healed":0.0,"max_hp_gain":0.0,"max_hp_loss":33.0,"gold_gain":0.0,"event_name":"Ghosts","player_choice":"Became a Ghost","floor":19.0,"gold_loss":0.0,"damage_taken":0.0,"cards_obtained":["Ghostly","Ghostly","Ghostly"]},{"damage_healed":0.0,"max_hp_gain":0.0,"max_hp_loss":0.0,"gold_gain":0.0,"cards_transformed":["Strike_G","Strike_G"],"event_name":"Drug Dealer","player_choice":"Became Test Subject","floor":21.0,"gold_loss":0.0,"damage_taken":0.0,"cards_obtained":["Skewer","Backstab"]},{"damage_healed":0.0,"max_hp_gain":5.0,"max_hp_loss":0.0,"gold_gain":0.0,"event_name":"Forgotten Altar","player_choice":"Shed Blood","floor":22.0,"gold_loss":0.0,"damage_taken":12.0},{"damage_healed":0.0,"max_hp_gain":0.0,"max_hp_loss":0.0,"gold_gain":0.0,"event_name":"Colosseum","player_choice":"Fight","floor":28.0,"gold_loss":0.0,"damage_taken":0.0},{"damage_healed":0.0,"max_hp_gain":0.0,"max_hp_loss":0.0,"gold_gain":0.0,"event_name":"Colosseum","player_choice":"Fought Nobs","floor":28.0,"gold_loss":0.0,"damage_taken":0.0},{"damage_healed":0.0,"max_hp_gain":0.0,"max_hp_loss":0.0,"gold_gain":0.0,"event_name":"SensoryStone","player_choice":"Memory 3","floor":38.0,"gold_loss":0.0,"damage_taken":10.0},{"damage_healed":0.0,"max_hp_gain":0.0,"max_hp_loss":0.0,"gold_gain":0.0,"cards_transformed":["Unload"],"event_name":"Transmorgrifier","player_choice":"Transformed","floor":46.0,"gold_loss":0.0,"damage_taken":0.0,"cards_obtained":["Deadly Poison"]}],"is_beta":false,"boss_relics":[{"not_picked":["Ring of the Serpent","Eternal Feather"],"picked":"Busted Crown"},{"not_picked":["Pandora\u0027s Box","HoveringKite"],"picked":"Black Star"}],"items_purged_floors":[20,37,48],"is_endless":false,"potions_floor_spawned":[6,8,11,18,24,28,33,35,41,42,55],"killed_by":"The Heart","ascension_level":20}