{"gold_per_floor":[110,121,139,139,159,185,185,110,110,110,136,153,153,181,181,253,253,267,292,292,292,32,60,60,86,135,146,146,71,84,117,117,193,193,206,166,181,22,36,36,36,46,70,70,86,86,103,133,133,133,133],"floor_reached":51,"playtime":4140,"items_purged":["Strike_R"],"score":1506,"play_id":"d8df3781-b5a1-4e77-ae6a-4ef76f47dae3","local_time":"20190214215604","is_ascension_mode":true,"campfire_choices":[{"data":"Bash","floor":7,"key":"SMITH"},{"data":"Pommel Strike","floor":10,"key":"SMITH"},{"data":"Whirlwind","floor":15,"key":"SMITH"},{"data":"Fiend Fire","floor":24,"key":"SMITH"},{"data":"1","floor":28,"key":"LIFT"},{"data":"2","floor":32,"key":"LIFT"},{"data":"3","floor":40,"key":"LIFT"},{"floor":44,"key":"RECALL"},{"data":"Feel No Pain","floor":46,"key":"SMITH"},{"data":"Feel No Pain","floor":49,"key":"SMITH"}],"neow_cost":"PERCENT_DAMAGE","seed_source_timestamp":31495948748052,"circlet_count":0,"master_deck":["AscendersBane","Strike_R","Defend_R","Defend_R","Defend_R","Bash+1","Anger","Anger","Pommel Strike+1","Pommel Strike","Metallicize","Whirlwind+1","Shrug It Off","Fiend Fire+1","Feel No Pain+1","Intimidate","Corruption","Havoc+1","Ghostly Armor","Impervious","Feel No Pain+1","Armaments","Dark Shackles","True Grit+1","Barricade"],"relics":["Burning Blood","Bottled Flame","Self Forming Clay","Darkstone Periapt","Lantern","Runic Pyramid","Red Mask","OrangePellets","Ornamental Fan","Girya","Bag of Marbles","Mercury Hourglass","Coffee Dripper","Anchor"],"potions_floor_usage":[5,5,6,12,14,16,23,31,31,51,51],"damage_taken":[{"damage":7,"enemies":"Cultist","floor":1,"turns":4},{"damage":7,"enemies":"Small Slimes","floor":2,"turns":3},{"damage":0,"enemies":"2 Louse","floor":3,"turns":3},{"damage":0,"enemies":"2 Fungi Beasts","floor":5,"turns":2},{"damage":40,"enemies":"Lagavulin","floor":6,"turns":5},{"damage":23,"enemies":"3 Sentries","floor":11,"turns":7},{"damage":0,"enemies":"Blue Slaver","floor":12,"turns":3},{"damage":0,"enemies":"Gremlin Nob","floor":14,"turns":2},{"damage":17,"enemies":"Hexaghost","floor":16,"turns":6},{"damage":0,"enemies":"Chosen","floor":18,"turns":2},{"damage":0,"enemies":"Masked Bandits","floor":19,"turns":2},{"damage":5,"enemies":"Slavers","floor":23,"turns":2},{"damage":1,"enemies":"Book of Stabbing","floor":25,"turns":4},{"damage":0,"enemies":"3 Byrds","floor":27,"turns":2},{"damage":7,"enemies":"Shelled Parasite and Fungi","floor":30,"turns":3},{"damage":17,"enemies":"Gremlin Leader","floor":31,"turns":4},{"damage":59,"enemies":"Automaton","floor":33,"turns":10},{"damage":0,"enemies":"Orb Walker","floor":35,"turns":2},{"damage":0,"enemies":"3 Darklings","floor":37,"turns":3},{"damage":9,"enemies":"Writhing Mass","floor":39,"turns":3},{"damage":0,"enemies":"Sphere and 2 Shapes","floor":42,"turns":5},{"damage":10,"enemies":"4 Shapes","floor":45,"turns":5},{"damage":25,"enemies":"Jaw Worm Horde","floor":47,"turns":3},{"damage":0,"enemies":"Giant Head","floor":48,"turns":7},{"damage":56,"enemies":"Time Eater","floor":50,"turns":17},{"damage":15,"enemies":"Awakened One","floor":51,"turns":9}],"seed_played":"7872057294925344265","potions_obtained":[{"floor":1,"key":"EntropicBrew"},{"floor":5,"key":"PowerPotion"},{"floor":11,"key":"EssenceOfSteel"},{"floor":12,"key":"SteroidPotion"},{"floor":16,"key":"GamblersBrew"},{"floor":18,"key":"AttackPotion"},{"floor":23,"key":"SneckoOil"},{"floor":25,"key":"Weak Potion"},{"floor":33,"key":"Explosive Potion"},{"floor":35,"key":"Ancient Potion"},{"floor":37,"key":"Swift Potion"}],"is_trial":false,"path_per_floor":["M","M","M","?","M","E","R","?","T","R","E","M","?","E","R","B",null,"M","?","?","?","$","E","R","E","T","M","R","$","M","E","R","B",null,"M","$","M","$","M","R","?","M","T","R","M","R","M","E","R","B","B"],"character_chosen":"IRONCLAD","items_purchased":["OrangePellets","Feel No Pain","Feel No Pain","SpeedPotion","Dark Shackles"],"campfire_rested":0,"item_purchase_floors":[22,22,36,38,38],"current_hp_per_floor":[49,48,54,59,65,45,45,45,45,45,28,34,34,40,40,29,67,73,79,79,79,79,80,80,80,80,80,80,80,79,68,68,15,64,70,70,76,76,73,73,73,79,79,79,75,75,56,62,62,12,0],"gold":133,"neow_bonus":"REMOVE_TWO","is_prod":false,"is_daily":false,"chose_seed":false,"campfire_upgraded":6,"win_rate":0,"timestamp":1550177764,"path_taken":["M","?","M","?","M","E","R","?","T","R","E","M","?","E","R","BOSS","M","?","?","?","$","E","R","E","T","M","R","?","M","E","R","BOSS","M","$","M","$","M","R","?","?","T","R","M","R","M","E","R","BOSS","BOSS"],"build_version":"2019-01-23","purchased_purges":1,"victory":false,"max_hp_per_floor":[75,75,75,80,80,80,80,80,80,80,80,80,80,80,80,80,80,80,80,80,80,80,80,80,80,80,80,80,80,80,80,80,80,80,80,80,80,80,80,80,80,80,80,80,80,80,80,80,80,80,80],"card_choices":[{"not_picked":["Bloodletting","Sword Boomerang"],"picked":"Anger","floor":1},{"not_picked":["Blood for Blood","Clothesline"],"picked":"Anger","floor":2},{"not_picked":["Clash","Perfected Strike"],"picked":"Pommel Strike","floor":3},{"not_picked":["Warcry","Heavy Blade"],"picked":"Pommel Strike","floor":5},{"not_picked":["Pommel Strike","Clash"],"picked":"Metallicize","floor":6},{"not_picked":["Wild Strike","Havoc"],"picked":"Whirlwind","floor":11},{"not_picked":["Twin Strike","Anger"],"picked":"Shrug It Off","floor":12},{"not_picked":["Pommel Strike","Thunderclap","Perfected Strike"],"picked":"SKIP","floor":14},{"not_picked":["Reaper","Exhume"],"picked":"Fiend Fire","floor":16},{"not_picked":["Clothesline","Rampage","Warcry"],"picked":"SKIP","floor":18},{"not_picked":["Carnage","Havoc"],"picked":"Intimidate","floor":23},{"not_picked":["Bludgeon","Body Slam+1"],"picked":"Corruption","floor":25},{"not_picked":["Rage","Thunderclap","True Grit"],"picked":"SKIP","floor":27},{"not_picked":["Blood for Blood","Combust+1"],"picked":"Havoc+1","floor":30},{"not_picked":["Anger","Warcry"],"picked":"Ghostly Armor","floor":31},{"not_picked":["Demon Form","Fiend Fire"],"picked":"Impervious","floor":33},{"not_picked":["Wild Strike","Hemokinesis","Cleave"],"picked":"SKIP","floor":35},{"not_picked":["Dual Wield","Reckless Charge"],"picked":"Armaments","floor":37},{"not_picked":["Pommel Strike","Headbutt","Cleave"],"picked":"SKIP","floor":39},{"not_picked":["Dropkick","Rupture","Twin Strike"],"picked":"SKIP","floor":42},{"not_picked":["Pommel Strike","Power Through","Clash"],"picked":"SKIP","floor":45},{"not_picked":["Flex","Iron Wave+1"],"picked":"True Grit+1","floor":47},{"not_picked":["Intimidate","Twin Strike"],"picked":"Barricade","floor":48}],"player_experience":962234,"relics_obtained":[{"floor":6,"key":"Bottled Flame"},{"floor":9,"key":"Self Forming Clay"},{"floor":11,"key":"Darkstone Periapt"},{"floor":14,"key":"Lantern"},{"floor":19,"key":"Red Mask"},{"floor":23,"key":"Ornamental Fan"},{"floor":25,"key":"Girya"},{"floor":26,"key":"Bag of Marbles"},{"floor":31,"key":"Mercury Hourglass"},{"floor":48,"key":"Anchor"}],"event_choices":[{"damage_healed":0,"gold_gain":0,"player_choice":"Donut","damage_taken":0,"max_hp_gain":5,"max_hp_loss":0,"event_name":"Big Fish","floor":4,"gold_loss":0},{"cards_removed":["Strike_R"],"damage_healed":0,"gold_gain":0,"player_choice":"Card Removal","damage_taken":0,"max_hp_gain":0,"max_hp_loss":0,"event_name":"The Cleric","floor":8,"gold_loss":75},{"cards_removed":["Strike_R"],"damage_healed":0,"gold_gain":0,"player_choice":"Forget","damage_taken":0,"max_hp_gain":0,"max_hp_loss":0,"event_name":"Living Wall","floor":13,"gold_loss":0},{"damage_healed":0,"gold_gain":0,"player_choice":"Fought Bandits","damage_taken":0,"max_hp_gain":0,"max_hp_loss":0,"event_name":"Masked Bandits","floor":19,"gold_loss":0},{"damage_healed":0,"gold_gain":0,"player_choice":"Ignored","damage_taken":0,"max_hp_gain":0,"max_hp_loss":0,"event_name":"Vampires","floor":20,"gold_loss":0},{"damage_healed":0,"gold_gain":0,"player_choice":"Ignored","damage_taken":0,"max_hp_gain":0,"max_hp_loss":0,"event_name":"Ghosts","floor":21,"gold_loss":0},{"damage_healed":0,"gold_gain":0,"player_choice":"Got Potions","damage_taken":0,"max_hp_gain":0,"max_hp_loss":0,"event_name":"Lab","floor":41,"gold_loss":0}],"is_beta":false,"boss_relics":[{"not_picked":["Sozu","Velvet Choker"],"picked":"Runic Pyramid"},{"not_picked":["Busted Crown","Calling Bell"],"picked":"Coffee Dripper"}],"items_purged_floors":[29],"is_endless":false,"potions_floor_spawned":[1,5,11,12,16,18,23,25,33,35,37,47],"killed_by":"Awakened One","ascension_level":20}