{"gold_per_floor":[110,30,49,49,124,124,137,137,137,155,155,190,201,232,232,329,329,348,7,20,38,53,53],"floor_reached":23,"playtime":1307,"items_purged":["Strike_R"],"score":315,"play_id":"059f9cea-e217-46e8-9e9c-719d9f1279ca","local_time":"20190426093755","is_ascension_mode":true,"campfire_choices":[{"data":"Body Slam","floor":6.0,"key":"SMITH"},{"data":"Shrug It Off","floor":11.0,"key":"SMITH"},{"floor":15.0,"key":"REST"}],"neow_cost":"NONE","seed_source_timestamp":0,"circlet_count":0,"master_deck":["AscendersBane","Strike_R","Strike_R","Strike_R","Defend_R","Defend_R","Defend_R","Defend_R","Bash","Feel No Pain","Rampage","Body Slam+1","Shrug It Off+1","Shockwave","Inflame","Infernal Blade+1","Limit Break+1","Rampage+1","Headbutt","Armaments+1","Metallicize","Battle Trance+1"],"special_seed":0,"relics":["Burning Blood","Vajra","Boot","Happy Flower","Art of War","Toxic Egg 2","Philosopher\u0027s Stone","Singing Bowl"],"potions_floor_usage":[20,22],"damage_taken":[{"damage":1.0,"enemies":"Cultist","floor":1.0,"turns":4.0},{"damage":9.0,"enemies":"Small Slimes","floor":3.0,"turns":4.0},{"damage":2.0,"enemies":"Jaw Worm","floor":7.0,"turns":3.0},{"damage":3.0,"enemies":"Looter","floor":10.0,"turns":4.0},{"damage":4.0,"enemies":"3 Sentries","floor":12.0,"turns":7.0},{"damage":10.0,"enemies":"Lots of Slimes","floor":13.0,"turns":5.0},{"damage":24.0,"enemies":"Gremlin Nob","floor":14.0,"turns":4.0},{"damage":39.0,"enemies":"Hexaghost","floor":16.0,"turns":10.0},{"damage":14,"enemies":"Chosen","floor":18,"turns":5},{"damage":0,"enemies":"3 Byrds","floor":20,"turns":6},{"damage":31,"enemies":"Shelled Parasite and Fungi","floor":21,"turns":5},{"damage":7,"enemies":"Centurion and Healer","floor":22,"turns":5},{"damage":48,"enemies":"Gremlin Leader","floor":23,"turns":4}],"seed_played":"7025306795243743584","potions_obtained":[{"floor":3.0,"key":"AttackPotion"},{"floor":10.0,"key":"GamblersBrew"},{"floor":12.0,"key":"Regen Potion"},{"floor":18,"key":"AttackPotion"},{"floor":21,"key":"Weak Potion"}],"is_trial":false,"path_per_floor":["M","$","M","?","?","R","M","?","T","M","R","E","M","E","R","B",null,"M","$","M","M","M","E"],"character_chosen":"IRONCLAD","items_purchased":["Rampage","Singing Bowl","Headbutt"],"campfire_rested":1,"item_purchase_floors":[2,19,19],"current_hp_per_floor":[77,77,74,62,51,51,55,55,55,58,58,60,56,50,74,41,70,62,62,68,43,42,0],"gold":53,"neow_bonus":"RANDOM_COMMON_RELIC","is_prod":false,"is_daily":false,"chose_seed":false,"campfire_upgraded":2,"win_rate":0,"timestamp":1556282275,"path_taken":["M","$","M","?","?","R","M","?","T","?","R","E","M","E","R","BOSS","M","$","M","M","?","E"],"build_version":"2019-01-23","purchased_purges":1,"victory":false,"max_hp_per_floor":[80,80,80,80,80,80,80,80,80,80,80,80,80,80,80,80,80,80,80,80,80,80,80],"card_choices":[{"not_picked":["True Grit","Warcry"],"picked":"Feel No Pain","floor":1.0},{"not_picked":["Twin Strike","Sword Boomerang"],"picked":"Body Slam","floor":3.0},{"not_picked":["Warcry","Searing Blow"],"picked":"Shrug It Off","floor":7.0},{"not_picked":["Seeing Red","Wild Strike","Bludgeon"],"picked":"SKIP","floor":10.0},{"not_picked":["Perfected Strike","Anger","Headbutt"],"picked":"SKIP","floor":12.0},{"not_picked":["Evolve","Shrug It Off"],"picked":"Inflame","floor":13.0},{"not_picked":["Flex","Sword Boomerang"],"picked":"Infernal Blade","floor":14.0},{"not_picked":["Impervious+1","Berserk"],"picked":"Limit Break+1","floor":16.0},{"not_picked":["Twin Strike","Sword Boomerang"],"picked":"Rampage+1","floor":18},{"not_picked":["Flame Barrier+1","Ghostly Armor+1"],"picked":"Armaments+1","floor":20},{"not_picked":["Cleave","Anger"],"picked":"Metallicize","floor":21},{"not_picked":["Heavy Blade","Entrench+1"],"picked":"Battle Trance+1","floor":22}],"player_experience":660940,"relics_obtained":[{"floor":9.0,"key":"Happy Flower"},{"floor":12.0,"key":"Art of War"},{"floor":14.0,"key":"Toxic Egg 2"}],"event_choices":[{"damage_healed":0.0,"max_hp_gain":0.0,"max_hp_loss":0.0,"gold_gain":0.0,"event_name":"Scrap Ooze","player_choice":"Success","floor":4.0,"gold_loss":0.0,"damage_taken":12.0,"relics_obtained":["Boot"]},{"damage_healed":0.0,"max_hp_gain":0.0,"max_hp_loss":0.0,"gold_gain":75.0,"event_name":"World of Goop","player_choice":"Gather Gold","floor":5.0,"gold_loss":0.0,"damage_taken":11.0},{"damage_healed":0.0,"max_hp_gain":0.0,"max_hp_loss":0.0,"gold_gain":0.0,"cards_transformed":["Strike_R"],"event_name":"Transmorgrifier","player_choice":"Transformed","floor":8.0,"gold_loss":0.0,"damage_taken":0.0,"cards_obtained":["Shockwave"]}],"is_beta":false,"boss_relics":[{"not_picked":["Runic Pyramid","Fusion Hammer"],"picked":"Philosopher\u0027s Stone"}],"items_purged_floors":[19],"is_endless":false,"potions_floor_spawned":[3,10,12,18,21],"killed_by":"Gremlin Leader","ascension_level":11}