{"gold_per_floor":[116,135,135,154,154,154,154,185,185,150,185,209,252,276,276,371,371,384,7,7,20,20,20,43,43,120,160,181,205,230,255,255,349,349,373,386,170,170,186,227,227,247,271,604,616,265,282,282,282,282,282,282,282,63,96,96],"floor_reached":57,"playtime":5385,"items_purged":["Strike_R","Strike_R","Strike_R"],"score":2652,"play_id":"7a277f07-edcf-469a-bcd4-f1453e60a0ee","local_time":"20190329181530","is_ascension_mode":true,"campfire_choices":[{"data":"Combust","floor":6,"key":"SMITH"},{"data":"Shockwave","floor":15,"key":"SMITH"},{"floor":23,"key":"REST"},{"data":"Armaments","floor":25,"key":"SMITH"},{"floor":32,"key":"REST"},{"floor":41,"key":"RECALL"},{"data":"True Grit","floor":49,"key":"SMITH"},{"data":"Fiend Fire","floor":53,"key":"SMITH"}],"neow_cost":"NONE","seed_source_timestamp":17817304574509,"circlet_count":0,"master_deck":["AscendersBane","Strike_R","Strike_R","Defend_R","Defend_R","Defend_R","Defend_R","Bash+1","Twin Strike","Pommel Strike","Combust+1","Shrug It Off","Ghostly Armor","Shockwave+1","Armaments+1","Anger","Dark Embrace+1","Feel No Pain+1","Shrug It Off","Pain","Intimidate","Spot Weakness","Infernal Blade+1","Body Slam+1","Fiend Fire+1","Seeing Red","Impervious","True Grit+1","Havoc+1","Rupture+1","Battle Trance","Thunderclap","Inflame+1","Clumsy","Reaper","True Grit+1","Seeing Red","Havoc","Sword Boomerang+1"],"relics":["Burning Blood","Juzu Bracelet","Gremlin Horn","Mercury Hourglass","Blue Candle","Frozen Egg 2","Runic Pyramid","Centennial Puzzle","Nilry\u0027s Codex","WarpedTongs","Question Card","Dream Catcher","Cursed Key","Shuriken","Strawberry","Happy Flower","Nunchaku"],"potions_floor_usage":[13,18,27,28,33,33,56,56],"damage_taken":[{"damage":9,"enemies":"Small Slimes","floor":1,"turns":4},{"damage":1,"enemies":"Cultist","floor":2,"turns":3},{"damage":6,"enemies":"2 Louse","floor":4,"turns":2},{"damage":33,"enemies":"Gremlin Nob","floor":8,"turns":4},{"damage":34,"enemies":"Lagavulin","floor":11,"turns":7},{"damage":0,"enemies":"Blue Slaver","floor":12,"turns":4},{"damage":10,"enemies":"Gremlin Nob","floor":13,"turns":3},{"damage":0,"enemies":"3 Louse","floor":14,"turns":3},{"damage":14,"enemies":"The Guardian","floor":16,"turns":13},{"damage":11,"enemies":"Shell Parasite","floor":18,"turns":8},{"damage":10,"enemies":"2 Thieves","floor":21,"turns":5},{"damage":16,"enemies":"Snecko","floor":24,"turns":7},{"damage":36,"enemies":"Slavers","floor":27,"turns":5},{"damage":6,"enemies":"Shelled Parasite and Fungi","floor":28,"turns":4},{"damage":0,"enemies":"Snake Plant","floor":29,"turns":2},{"damage":2,"enemies":"Snecko","floor":30,"turns":6},{"damage":3,"enemies":"Centurion and Healer","floor":31,"turns":2},{"damage":17,"enemies":"Champ","floor":33,"turns":7},{"damage":3,"enemies":"3 Darklings","floor":35,"turns":4},{"damage":2,"enemies":"3 Shapes","floor":36,"turns":3},{"damage":7,"enemies":"3 Darklings","floor":39,"turns":3},{"damage":27,"enemies":"Giant Head","floor":40,"turns":7},{"damage":4,"enemies":"Maw","floor":42,"turns":4},{"damage":1,"enemies":"Sphere and 2 Shapes","floor":45,"turns":6},{"damage":7,"enemies":"Writhing Mass","floor":47,"turns":5},{"damage":43,"enemies":"Donu and Deca","floor":50,"turns":7},{"damage":28,"enemies":"Time Eater","floor":51,"turns":8},{"damage":66,"enemies":"Shield and Spear","floor":55,"turns":6},{"damage":70,"enemies":"The Heart","floor":56,"turns":9}],"seed_played":"3275603088674700258","potions_obtained":[{"floor":11,"key":"Strength Potion"},{"floor":12,"key":"EssenceOfSteel"},{"floor":13,"key":"Energy Potion"},{"floor":16,"key":"PowerPotion"},{"floor":27,"key":"EssenceOfSteel"},{"floor":28,"key":"PowerPotion"},{"floor":30,"key":"Dexterity Potion"},{"floor":31,"key":"Strength Potion"},{"floor":35,"key":"Swift Potion"},{"floor":40,"key":"Weak Potion"}],"is_trial":false,"path_per_floor":["M","M","?","M","?","R","?","E","T","?","E","M","E","M","R","B",null,"M","$","?","M","?","R","M","R","T","E","M","M","M","M","R","B",null,"M","M","$","?","M","E","R","M","T","?","M","$","M","?","R","B","B",null,"R","$","E","B",null],"character_chosen":"IRONCLAD","items_purchased":["Feel No Pain+1","Centennial Puzzle","Shrug It Off","Rupture+1","Battle Trance","True Grit","Strawberry","Happy Flower","Havoc"],"campfire_rested":2,"item_purchase_floors":[19,19,19,37,37,46,46,54,54],"current_hp_per_floor":[65,70,70,70,70,70,68,41,41,58,30,36,32,38,38,30,59,54,54,33,29,29,49,39,39,39,9,9,15,19,22,42,31,59,62,66,66,66,65,44,44,46,46,46,51,58,68,68,68,75,74,75,75,75,69,23],"gold":96,"neow_bonus":"RANDOM_COMMON_RELIC","is_prod":false,"is_daily":false,"chose_seed":false,"campfire_upgraded":5,"win_rate":0,"timestamp":1553879730,"path_taken":["M","M","?","M","?","R","?","E","T","?","E","M","E","M","R","BOSS","M","$","?","M","?","R","M","R","T","E","M","M","M","M","R","BOSS","M","M","$","?","M","E","R","M","T","?","M","$","M","?","R","BOSS","BOSS","R","$","E","BOSS"],"build_version":"2019-01-23","purchased_purges":3,"victory":true,"max_hp_per_floor":[75,75,75,75,75,75,68,68,68,68,68,68,68,68,68,68,68,68,68,68,68,68,68,68,68,68,68,68,68,68,68,68,68,68,68,68,68,68,68,68,68,68,68,68,68,75,75,75,75,75,75,75,75,75,75,75],"card_choices":[{"not_picked":["Wild Strike","Cleave"],"picked":"Twin Strike","floor":1},{"not_picked":["Wild Strike","Sword Boomerang"],"picked":"Pommel Strike","floor":2},{"not_picked":["Warcry","Cleave"],"picked":"Combust","floor":4},{"not_picked":["Warcry","Body Slam"],"picked":"Shrug It Off","floor":8},{"not_picked":["Double Tap","Pummel"],"picked":"Ghostly Armor","floor":11},{"not_picked":["Blood for Blood","Iron Wave"],"picked":"Shockwave","floor":12},{"not_picked":["Twin Strike","Iron Wave"],"picked":"Armaments","floor":13},{"not_picked":["Armaments","Twin Strike"],"picked":"Anger","floor":14},{"not_picked":["Bludgeon","Reaper"],"picked":"Dark Embrace+1","floor":16},{"not_picked":["Armaments","Warcry","Twin Strike+1"],"picked":"SKIP","floor":18},{"not_picked":["Heavy Blade","Perfected Strike","Wild Strike"],"picked":"SKIP","floor":21},{"not_picked":["Heavy Blade","Perfected Strike","Wild Strike"],"picked":"SKIP","floor":21},{"not_picked":["Brutality+1","Body Slam"],"picked":"Intimidate","floor":24},{"not_picked":["Flex","Carnage","Headbutt"],"picked":"Spot Weakness","floor":27},{"not_picked":["Thunderclap","Heavy Blade+1","Hemokinesis"],"picked":"Infernal Blade+1","floor":28},{"not_picked":["Headbutt","Havoc","Perfected Strike"],"picked":"Body Slam+1","floor":29},{"not_picked":["Dropkick","Shrug It Off+1","Clash"],"picked":"Fiend Fire","floor":30},{"not_picked":["Heavy Blade","Flex","Pommel Strike"],"picked":"Seeing Red","floor":31},{"not_picked":["Dark Embrace+1","Juggernaut+1","Immolate"],"picked":"Impervious","floor":33},{"not_picked":["Sever Soul","Flame Barrier+1","Rupture+1"],"picked":"True Grit+1","floor":35},{"not_picked":["Thunderclap","Burning Pact","Dual Wield+1"],"picked":"Havoc+1","floor":36},{"not_picked":["Clash","Clothesline","Twin Strike"],"picked":"Thunderclap","floor":39},{"not_picked":["Hemokinesis","Wild Strike","Reckless Charge"],"picked":"Inflame+1","floor":40},{"not_picked":["Fire Breathing+1","Headbutt","Flex","Heavy Blade"],"picked":"SKIP","floor":42},{"not_picked":["Heavy Blade","Sword Boomerang","Armaments"],"picked":"Reaper","floor":45},{"not_picked":["Rage","Clothesline","Whirlwind"],"picked":"Seeing Red","floor":47},{"not_picked":["Clash+1","Second Wind","Havoc"],"picked":"Sword Boomerang+1","floor":55}],"player_experience":1061186,"relics_obtained":[{"floor":8,"key":"Gremlin Horn"},{"floor":9,"key":"Mercury Hourglass"},{"floor":11,"key":"Blue Candle"},{"floor":13,"key":"Frozen Egg 2"},{"floor":20,"key":"Nilry\u0027s Codex"},{"floor":26,"key":"Question Card"},{"floor":27,"key":"Dream Catcher"},{"floor":40,"key":"Shuriken"},{"floor":55,"key":"Nunchaku"}],"event_choices":[{"damage_healed":0,"gold_gain":0,"player_choice":"Upgraded","damage_taken":0,"max_hp_gain":0,"max_hp_loss":0,"event_name":"Upgrade Shrine","floor":3,"gold_loss":0,"cards_upgraded":["Bash"]},{"damage_healed":0,"gold_gain":0,"player_choice":"0 cards matched","damage_taken":0,"max_hp_gain":0,"max_hp_loss":0,"event_name":"Match and Keep!","floor":5,"gold_loss":0,"cards_obtained":[]},{"damage_healed":0,"gold_gain":0,"player_choice":"Lose Max HP","damage_taken":0,"relics_obtained":["Golden Idol"],"max_hp_gain":0,"max_hp_loss":7,"event_name":"Golden Idol","floor":7,"gold_loss":0},{"damage_healed":17,"gold_gain":0,"player_choice":"Healed","damage_taken":0,"max_hp_gain":0,"max_hp_loss":0,"event_name":"The Cleric","floor":10,"gold_loss":35},{"damage_healed":0,"gold_gain":0,"player_choice":"Obtained Book","damage_taken":21,"max_hp_gain":0,"max_hp_loss":0,"event_name":"Cursed Tome","floor":20,"gold_loss":0},{"damage_healed":0,"gold_gain":0,"player_choice":"Rummage","damage_taken":0,"relics_obtained":["WarpedTongs"],"max_hp_gain":0,"max_hp_loss":0,"event_name":"Accursed Blacksmith","floor":22,"gold_loss":0,"cards_obtained":["Pain"]},{"damage_healed":0,"gold_gain":0,"player_choice":"Ignored","damage_taken":0,"max_hp_gain":0,"max_hp_loss":0,"event_name":"Tomb of Lord Red Mask","floor":38,"gold_loss":0},{"damage_healed":0,"gold_gain":333,"player_choice":"Gave Idol","damage_taken":0,"max_hp_gain":0,"max_hp_loss":0,"event_name":"The Moai Head","floor":44,"relics_lost":["Golden Idol"],"gold_loss":0},{"damage_healed":0,"gold_gain":0,"player_choice":"Got Potions","damage_taken":0,"max_hp_gain":0,"max_hp_loss":0,"event_name":"Lab","floor":48,"gold_loss":0}],"is_beta":false,"boss_relics":[{"not_picked":["Mark of Pain","Black Blood"],"picked":"Runic Pyramid"},{"not_picked":["Calling Bell","Empty Cage"],"picked":"Cursed Key"}],"items_purged_floors":[19,37,46],"is_endless":false,"potions_floor_spawned":[11,12,13,16,27,28,30,31,35,40,47],"ascension_level":20}