{"path_per_floor":["M","$","M","M","?","E","?","M","T","E","R","E","R","M","R","B",null,"M","$","M","M","M","R","M","R","T","R","?","M"],"character_chosen":"IRONCLAD","items_purchased":["Flex","Uppercut","Kunai"],"gold_per_floor":[110,8,28,41,41,67,67,84,84,109,109,143,143,163,163,260,260,260,18,18,18,18,18,18,18,18,18,18,18],"floor_reached":30,"campfire_rested":5,"playtime":3390,"current_hp_per_floor":[79,79,80,77,77,35,61,55,55,38,62,38,62,48,72,72,80,61,61,37,29,36,60,36,60,60,60,60,36],"items_purged":[],"gold":18,"play_id":"f65d3e9e-e859-4ab9-8921-40e2675ea513","is_prod":false,"is_daily":false,"campfire_rituals":0,"campfire_upgraded":1,"is_hardmode":false,"path_taken":["M","?","M","M","?","E","?","?","T","E","R","E","R","M","R","BOSS","M","$","M","M","?","R","M","R","T","R","?","M","E"],"build_version":"2018-01-18-PROD4","purchased_purges":0,"victory":false,"master_deck":["Strike_R","Strike_R","Strike_R","Strike_R","Strike_R","Defend_R","Defend_R","Defend_R","Defend_R","Bash","Pommel Strike","Flex","Uppercut","Sword Boomerang","Sever Soul","Searing Blow","Anger","Demon Form","Flame Barrier","Metallicize","Barricade","Spot Weakness","Heavy Blade","Rampage","Seeing Red","Inflame","Thunderclap"],"max_hp_per_floor":[80,80,80,80,80,80,80,80,80,80,80,80,80,80,80,80,80,80,80,80,80,80,80,80,80,80,80,80,80],"relics":["Burning Blood","Oddly Smooth Stone","Lantern","Magic Flower","Ornamental Fan","Frozen Egg","Ectoplasm","Kunai","Pantograph"],"campfire_meditates":0,"card_choices":[{"not_picked":["Perfected Strike","Shrug It Off"],"picked":"Pommel Strike"},{"not_picked":["Warcry","Power Through"],"picked":"Sword Boomerang"},{"not_picked":["Pommel Strike","Burning Pact"],"picked":"Sever Soul"},{"not_picked":["Clothesline","Warcry"],"picked":"Searing Blow"},{"not_picked":["Headbutt","Flex"],"picked":"Anger"},{"not_picked":["Twin Strike","Flame Barrier"],"picked":"Demon Form"},{"not_picked":["Headbutt","Hemokinesis"],"picked":"Flame Barrier"},{"not_picked":["Hemokinesis","Clothesline"],"picked":"Metallicize"},{"not_picked":["Impervious","Juggernaut"],"picked":"Barricade"},{"not_picked":["Twin Strike","Sever Soul"],"picked":"Spot Weakness"},{"not_picked":["Flame Barrier","Battle Trance"],"picked":"Heavy Blade"},{"not_picked":["Rupture","Body Slam"],"picked":"Rampage"},{"not_picked":["Dual Wield","Rampage"],"picked":"Seeing Red"},{"not_picked":["Shockwave","True Grit"],"picked":"Inflame"},{"not_picked":["Armaments","Pummel"],"picked":"Thunderclap"}],"player_experience":9080,"potions_floor_usage":[10,16,16,29],"damage_taken":[{"damage":7,"enemies":"Blue Slaver","floor":1,"turns":5},{"damage":0,"enemies":"2 Louse","floor":3,"turns":3},{"damage":9,"enemies":"Jaw Worm","floor":4,"turns":3},{"damage":48,"enemies":"Gremlin Nob","floor":6,"turns":5},{"damage":12,"enemies":"Large Slime","floor":8,"turns":6},{"damage":26,"enemies":"3 Sentries","floor":10,"turns":6},{"damage":33,"enemies":"Lagavulin","floor":12,"turns":6},{"damage":23,"enemies":"3 Louse","floor":14,"turns":3},{"damage":9,"enemies":"Slime Boss","floor":16,"turns":5},{"damage":28,"enemies":"Spheric Guardian","floor":18,"turns":6},{"damage":33,"enemies":"3 Byrds","floor":20,"turns":5},{"damage":17,"enemies":"Centurion and Healer","floor":21,"turns":7},{"damage":2,"enemies":"Snecko","floor":22,"turns":4},{"damage":33,"enemies":"Slaver and Parasite","floor":24,"turns":6},{"damage":43,"enemies":"3 Cultists","floor":29,"turns":5},{"damage":41,"enemies":"Gremlin Leader","floor":30,"turns":5}],"event_choices":[{"event_name":"The Cleric","player_choice":"Leave","floor":5,"damage_taken":0},{"event_name":"Big Fish","player_choice":"Banana","floor":7,"damage_taken":0},{"event_name":"Beggar","player_choice":"Ignored","floor":28,"damage_taken":0}],"boss_relics":[{"not_picked":["Sozu","Mark of Pain"],"picked":"Ectoplasm"}],"potions_floor_spawned":[3,6,10,12,16,20,24],"seed_played":"-4707642423366810018","killed_by":"Gremlin Leader","is_trial":false}