{"path_per_floor":["M","M","$","?","M","M","E","R","T","E","?","R","M","?","R"],"character_chosen":"THE_SILENT","items_purchased":["Footwork"],"gold_per_floor":[112,123,54,54,74,87,112,112,193,222,322,322,336,411,411],"floor_reached":16,"campfire_rested":3,"playtime":844,"current_hp_per_floor":[70,70,70,70,70,70,32,53,53,40,40,61,56,45,66],"items_purged":[],"gold":411,"score":116,"play_id":"3eb477f5-31f9-4169-85f7-21eaefcd1dda","is_prod":false,"is_daily":false,"is_ascension_mode":true,"campfire_upgraded":0,"path_taken":["M","?","$","?","M","?","E","R","T","E","?","R","M","?","R","BOSS"],"build_version":"2018-02-15-PROD1","purchased_purges":0,"victory":false,"master_deck":["Defend_G","Defend_G","Defend_G","Defend_G","Defend_G","Strike_G","Strike_G","Strike_G","Strike_G","Survivor","Neutralize","Dagger Throw","Escape Plan","Footwork","Flying Knee","Burst","Endless Agony","Outmaneuver","Dodge and Roll+1","Heel Hook"],"max_hp_per_floor":[70,70,70,70,70,70,70,70,70,70,70,70,70,70,70],"relics":["Ring of the Snake","Prayer Wheel","Matryoshka","Toxic Egg 2"],"card_choices":[{"not_picked":["Cloak And Dagger","Bane"],"picked":"Dagger Throw"},{"not_picked":["Sucker Punch","Predator"],"picked":"Escape Plan"},{"not_picked":["Sucker Punch","Acrobatics"],"picked":"Flying Knee"},{"not_picked":["Sucker Punch","Dagger Throw"],"picked":"Burst"},{"not_picked":["Cloak And Dagger","Malaise"],"picked":"Endless Agony"},{"not_picked":["Masterful Stab","Cloak And Dagger"],"picked":"Outmaneuver"},{"not_picked":["Bane","Riddle With Holes"],"picked":"Dodge and Roll"},{"not_picked":["Bane","Endless Agony"],"picked":"Heel Hook"}],"player_experience":156186,"potions_floor_usage":[6,7,10],"damage_taken":[{"damage":0,"enemies":"Cultist","floor":1,"turns":7},{"damage":0,"enemies":"Jaw Worm","floor":2,"turns":4},{"damage":0,"enemies":"2 Louse","floor":5,"turns":4},{"damage":0,"enemies":"Lots of Slimes","floor":6,"turns":7},{"damage":38,"enemies":"Gremlin Nob","floor":7,"turns":5},{"damage":28,"enemies":"3 Sentries","floor":10,"turns":12},{"damage":5,"enemies":"Exordium Thugs","floor":13,"turns":7},{"damage":75,"enemies":"Slime Boss","floor":16,"turns":9}],"event_choices":[{"event_name":"The Lab","player_choice":"Got Potions","floor":4,"damage_taken":0},{"event_name":"Golden Shrine","player_choice":"Pray","floor":11,"damage_taken":0},{"event_name":"World of Goop","player_choice":"Gather Gold","floor":14,"damage_taken":0}],"boss_relics":[],"potions_floor_spawned":[2,5,10],"seed_played":"7326505302002307617","killed_by":"Slime Boss","ascension_level":1,"is_trial":false}