{"gold_per_floor":[116,116,132,307,318,318,308,321,321,338,1,23,23,50,50,153,153,125,0,0,0,0,0,16,16,16,16,16,46,46],"floor_reached":30,"playtime":1299,"items_purged":["Doubt"],"score":308,"play_id":"019055d1-5fa2-4a84-824d-c703b3642a82","local_time":"20190201152313","is_ascension_mode":true,"campfire_choices":[{"data":"Metallicize","floor":6,"key":"SMITH"},{"floor":13,"key":"REST"},{"floor":15,"key":"REST"},{"floor":23,"key":"REST"},{"floor":28,"key":"REST"}],"neow_cost":"NONE","seed_source_timestamp":964906494269080,"circlet_count":0,"master_deck":["Strike_R","Strike_R","Strike_R","Defend_R","Defend_R+1","Defend_R","Defend_R","Bash","Metallicize+1","Pommel Strike","Body Slam","Flex+1","Metallicize","Impatience","Twin Strike","Juggernaut","Writhe","Second Wind+1","True Grit"],"relics":["Burning Blood","Ancient Tea Set","Membership Card","Odd Mushroom","Vajra","Eternal Feather","The Courier","War Paint","Question Card"],"potions_floor_usage":[5,12,12,16,29,29],"damage_taken":[{"damage":8,"enemies":"2 Louse","floor":1,"turns":3},{"damage":8,"enemies":"Small Slimes","floor":3,"turns":4},{"damage":7,"enemies":"Jaw Worm","floor":5,"turns":3},{"damage":20,"enemies":"Exordium Thugs","floor":7,"turns":4},{"damage":10,"enemies":"3 Louse","floor":8,"turns":4},{"damage":6,"enemies":"Looter","floor":10,"turns":4},{"damage":19,"enemies":"The Mushroom Lair","floor":12,"turns":6},{"damage":29,"enemies":"Lagavulin","floor":14,"turns":7},{"damage":41,"enemies":"The Guardian","floor":16,"turns":12},{"damage":46,"enemies":"2 Thieves","floor":18,"turns":5},{"damage":38,"enemies":"Shell Parasite","floor":24,"turns":7},{"damage":49,"enemies":"Book of Stabbing","floor":29,"turns":6},{"damage":26,"enemies":"3 Cultists","floor":30,"turns":3}],"seed_played":"-2691872063670805255","potions_obtained":[{"floor":3,"key":"Strength Potion"},{"floor":7,"key":"Swift Potion"},{"floor":10,"key":"Poison Potion"},{"floor":14,"key":"Swift Potion"},{"floor":27,"key":"SkillPotion"},{"floor":27,"key":"FairyPotion"},{"floor":27,"key":"LiquidBronze"},{"floor":29,"key":"Swift Potion"}],"is_trial":false,"path_per_floor":["M","?","M","?","M","R","M","M","T","M","$","?","R","E","R","B",null,"M","?","?","$","?","R","M","$","T","?","R","E","M"],"character_chosen":"IRONCLAD","items_purchased":["Membership Card","Metallicize","Impatience"],"campfire_rested":4,"item_purchase_floors":[11,11,11],"current_hp_per_floor":[78,71,69,69,68,68,54,50,50,50,50,37,61,38,62,27,67,27,27,27,27,27,60,28,28,28,28,61,18,0],"gold":46,"neow_bonus":"REMOVE_CARD","is_prod":false,"is_daily":false,"chose_seed":false,"campfire_upgraded":1,"win_rate":0,"timestamp":1549048993,"path_taken":["M","?","M","?","?","R","M","M","T","M","$","?","R","E","R","BOSS","M","?","?","?","?","R","?","$","T","?","R","E","M"],"build_version":"2019-01-23","purchased_purges":1,"victory":false,"max_hp_per_floor":[80,80,80,80,80,80,80,80,80,80,80,80,80,80,80,80,80,80,80,80,80,80,80,80,80,80,80,80,80,80],"card_choices":[{"not_picked":["Heavy Blade","Thunderclap"],"picked":"Metallicize","floor":1},{"not_picked":["Clash","Sever Soul"],"picked":"Pommel Strike","floor":3},{"not_picked":["Wild Strike","Shockwave","Headbutt"],"picked":"SKIP","floor":5},{"not_picked":["Perfected Strike","Sword Boomerang","Thunderclap"],"picked":"SKIP","floor":7},{"not_picked":["Clash","Sword Boomerang"],"picked":"Body Slam","floor":8},{"not_picked":["Heavy Blade","Blood for Blood"],"picked":"Flex","floor":10},{"not_picked":["Sword Boomerang","Combust"],"picked":"Twin Strike","floor":14},{"not_picked":["Immolate","Fiend Fire"],"picked":"Juggernaut","floor":16},{"not_picked":["Cleave","Body Slam","Clothesline+1"],"picked":"SKIP","floor":18},{"not_picked":["Havoc","Clothesline"],"picked":"Second Wind+1","floor":24},{"not_picked":["Dual Wield","Warcry+1"],"picked":"True Grit","floor":29}],"player_experience":377549,"relics_obtained":[{"floor":9,"key":"Ancient Tea Set"},{"floor":12,"key":"Odd Mushroom"},{"floor":14,"key":"Vajra"},{"floor":26,"key":"War Paint"},{"floor":29,"key":"Question Card"}],"event_choices":[{"cards_removed":["Strike_R"],"damage_healed":0,"gold_gain":0,"player_choice":"Card Removal","damage_taken":7,"max_hp_gain":0,"max_hp_loss":0,"event_name":"Golden Wing","floor":2,"gold_loss":0},{"damage_healed":0,"gold_gain":175,"player_choice":"AGREE","damage_taken":0,"max_hp_gain":0,"max_hp_loss":0,"event_name":"Liars Game","floor":4,"gold_loss":0,"cards_obtained":["Doubt"]},{"damage_healed":0,"gold_gain":0,"player_choice":"Fought Mushrooms","damage_taken":0,"max_hp_gain":0,"max_hp_loss":0,"event_name":"Mushrooms","floor":12,"gold_loss":0},{"damage_healed":0,"gold_gain":0,"player_choice":"Paid Fearfully","damage_taken":0,"max_hp_gain":0,"max_hp_loss":0,"event_name":"Masked Bandits","floor":19,"gold_loss":125},{"damage_healed":0,"gold_gain":0,"player_choice":"Opened","damage_taken":0,"relics_obtained":["The Courier"],"max_hp_gain":0,"max_hp_loss":0,"event_name":"The Mausoleum","floor":20,"gold_loss":0,"cards_obtained":["Writhe"]},{"damage_healed":0,"gold_gain":0,"player_choice":"Ignored","damage_taken":0,"max_hp_gain":0,"max_hp_loss":0,"event_name":"Ghosts","floor":22,"gold_loss":0},{"damage_healed":0,"gold_gain":0,"player_choice":"Got Potions","damage_taken":0,"max_hp_gain":0,"max_hp_loss":0,"event_name":"Lab","floor":27,"gold_loss":0}],"is_beta":false,"boss_relics":[{"not_picked":["Coffee Dripper","White Beast Statue"],"picked":"Eternal Feather"}],"items_purged_floors":[11],"is_endless":false,"potions_floor_spawned":[3,7,10,14,29],"killed_by":"3 Cultists","ascension_level":5}