{"gold_per_floor":[117,117,136,236,259,300,300,335,335,359,372,297,315,336,336,457,457,457],"floor_reached":18,"playtime":815,"items_purged":["Defend_B"],"score":174,"play_id":"36620d2a-4e59-47e0-b8d3-68f4351a7e73","local_time":"20190415133335","is_ascension_mode":false,"campfire_choices":[{"floor":7,"key":"REST"},{"data":"Hello World","floor":15,"key":"SMITH"}],"neow_cost":"NONE","seed_source_timestamp":483455595550921,"circlet_count":0,"master_deck":["Strike_B","Strike_B","Strike_B","Strike_B","Defend_B","Defend_B","Defend_B","Zap","Dualcast","Purity","Leap","Streamline","Conserve Battery","Cold Snap","Gash","Reinforced Body","Redo","Go for the Eyes","Hello World+1","Machine Learning"],"relics":["Cracked Core","Golden Idol","Bottled Flame","Orichalcum","Meat on the Bone","Snecko Eye"],"potions_floor_usage":[6,10,18],"damage_taken":[{"damage":7,"enemies":"Small Slimes","floor":1,"turns":3},{"damage":0,"enemies":"Jaw Worm","floor":3,"turns":4},{"damage":1,"enemies":"Cultist","floor":5,"turns":3},{"damage":15,"enemies":"Lagavulin","floor":6,"turns":7},{"damage":29,"enemies":"Gremlin Nob","floor":8,"turns":4},{"damage":7,"enemies":"Exordium Wildlife","floor":10,"turns":4},{"damage":3,"enemies":"Large Slime","floor":11,"turns":6},{"damage":0,"enemies":"Blue Slaver","floor":13,"turns":4},{"damage":0,"enemies":"Exordium Thugs","floor":14,"turns":4},{"damage":24,"enemies":"Hexaghost","floor":16,"turns":9},{"damage":4,"enemies":"3 Byrds","floor":18,"turns":3}],"seed_played":"-3428180302271259830","potions_obtained":[{"floor":1,"key":"AttackPotion"},{"floor":8,"key":"SkillPotion"},{"floor":16,"key":"EssenceOfSteel"}],"is_trial":false,"path_per_floor":["M","?","M","?","M","E","R","E","T","M","M","$","M","M","R","B",null,"M"],"character_chosen":"DEFECT","items_purchased":[],"campfire_rested":1,"item_purchase_floors":[],"current_hp_per_floor":[68,50,50,50,49,34,56,27,27,32,41,41,41,41,41,29,75,71],"gold":457,"neow_bonus":"RANDOM_COLORLESS","is_prod":false,"is_daily":false,"chose_seed":false,"campfire_upgraded":1,"win_rate":0,"timestamp":1555346015,"path_taken":["M","?","M","?","M","E","R","E","T","?","M","$","M","M","R","BOSS","M"],"build_version":"2019-01-23","purchased_purges":1,"victory":false,"max_hp_per_floor":[75,75,75,75,75,75,75,75,75,75,75,75,75,75,75,75,75,75],"card_choices":[{"not_picked":["Streamline","Redo"],"picked":"Leap","floor":1},{"not_picked":["Steam","Aggregate"],"picked":"Streamline","floor":3},{"not_picked":["Sweeping Beam","Gash"],"picked":"Conserve Battery","floor":5},{"not_picked":["Barrage","Hologram"],"picked":"Cold Snap","floor":6},{"not_picked":["Skim","Amplify"],"picked":"Gash","floor":8},{"not_picked":["Barrage","Turbo"],"picked":"Reinforced Body","floor":10},{"not_picked":["Steam Power","Streamline"],"picked":"Redo","floor":11},{"not_picked":["Sweeping Beam","Meteor Strike"],"picked":"Go for the Eyes","floor":13},{"not_picked":["Leap","Streamline"],"picked":"Hello World","floor":14},{"not_picked":["All For One","Hyperbeam"],"picked":"Machine Learning","floor":16}],"player_experience":598002,"relics_obtained":[{"floor":6,"key":"Bottled Flame"},{"floor":8,"key":"Orichalcum"},{"floor":9,"key":"Meat on the Bone"}],"event_choices":[{"damage_healed":0,"gold_gain":0,"player_choice":"Take Damage","damage_taken":18,"relics_obtained":["Golden Idol"],"max_hp_gain":0,"max_hp_loss":0,"event_name":"Golden Idol","floor":2,"gold_loss":0},{"damage_healed":0,"gold_gain":100,"player_choice":"Gold","damage_taken":0,"max_hp_gain":0,"max_hp_loss":0,"event_name":"Wheel of Change","floor":4,"gold_loss":0}],"is_beta":false,"boss_relics":[{"not_picked":["Black Star","Eternal Feather"],"picked":"Snecko Eye"}],"items_purged_floors":[12],"is_endless":false,"potions_floor_spawned":[1,8,16],"killed_by":"3 Byrds","ascension_level":0}