{"gold_per_floor":[114,114,28,39,114,114,89,114,114,114,124,156,173,207,207,281,281,296,309,309,359,359],"floor_reached":22,"playtime":745,"items_purged":[],"score":431,"play_id":"4cfc417a-3960-46cb-b89d-aeb917395523","local_time":"20190520145351","is_ascension_mode":true,"campfire_choices":[{"data":"Anger","floor":6,"key":"SMITH"},{"data":"Uppercut","floor":15,"key":"SMITH"}],"neow_cost":"NONE","seed_source_timestamp":198670704933267,"circlet_count":0,"master_deck":["AscendersBane","Strike_R","Strike_R+1","Strike_R+1","Strike_R","Defend_R","Defend_R","Defend_R","Bash","Rage","Anger+1","Shrug It Off","Twin Strike","Warcry","Uppercut+1","Reaper","Flex"],"relics":["Burning Blood","NeowsBlessing","Red Skull","Strawberry","Singing Bowl","Gremlin Horn","Empty Cage"],"potions_floor_usage":[11,16,18],"damage_taken":[{"damage":0,"enemies":"Small Slimes","floor":1,"turns":1},{"damage":0,"enemies":"Jaw Worm","floor":4,"turns":1},{"damage":0,"enemies":"Gremlin Nob","floor":8,"turns":1},{"damage":0,"enemies":"2 Louse","floor":11,"turns":2},{"damage":25,"enemies":"3 Sentries","floor":12,"turns":9},{"damage":13,"enemies":"Blue Slaver","floor":13,"turns":2},{"damage":8,"enemies":"Gremlin Nob","floor":14,"turns":3},{"damage":12,"enemies":"Hexaghost","floor":16,"turns":7},{"damage":21,"enemies":"Chosen","floor":18,"turns":6},{"damage":36,"enemies":"3 Byrds","floor":19,"turns":5},{"damage":12,"enemies":"Snake Plant","floor":22,"turns":1}],"seed_played":"7204782365546012883","potions_obtained":[{"floor":8,"key":"GamblersBrew"},{"floor":11,"key":"SpeedPotion"},{"floor":14,"key":"Block Potion"}],"is_trial":false,"path_per_floor":["M","?","$","M","?","R","$","E","T","?","M","E","M","E","R","B",null,"M","M","?","?","M"],"character_chosen":"IRONCLAD","items_purchased":["Rage","Shrug It Off"],"campfire_rested":0,"item_purchase_floors":[3,7],"current_hp_per_floor":[74,51,51,57,46,46,46,52,59,59,65,48,41,41,41,35,73,58,34,8,8,0],"gold":359,"neow_bonus":"THREE_ENEMY_KILL","is_prod":false,"is_daily":false,"chose_seed":false,"campfire_upgraded":2,"win_rate":0,"timestamp":1558374831,"path_taken":["M","?","?","M","?","R","$","E","T","?","M","E","M","E","R","BOSS","M","M","?","?","M"],"build_version":"2019-01-23","purchased_purges":0,"victory":false,"max_hp_per_floor":[75,75,75,75,75,75,75,75,82,82,82,84,84,86,86,86,86,86,88,93,93,93],"card_choices":[{"not_picked":["Havoc","Ghostly Armor","Heavy Blade"],"picked":"SKIP","floor":1},{"not_picked":["Burning Pact","Anger","Cleave"],"picked":"SKIP","floor":4},{"not_picked":["Burning Pact","Cleave"],"picked":"Anger","floor":4},{"not_picked":["Hemokinesis","Double Tap"],"picked":"Twin Strike","floor":8},{"not_picked":["Heavy Blade","Entrench"],"picked":"Warcry","floor":11},{"not_picked":["Flex","Power Through","Bloodletting"],"picked":"Singing Bowl","floor":12},{"not_picked":["Cleave","Clothesline"],"picked":"Uppercut","floor":13},{"not_picked":["Body Slam","Reckless Charge","Bloodletting"],"picked":"Singing Bowl","floor":14},{"not_picked":["Brutality","Fiend Fire"],"picked":"Reaper","floor":16},{"not_picked":["Cleave+1","Warcry"],"picked":"Flex","floor":18},{"not_picked":["Iron Wave","Cleave","True Grit"],"picked":"Singing Bowl","floor":19}],"player_experience":772943,"relics_obtained":[{"floor":8,"key":"Red Skull"},{"floor":9,"key":"Strawberry"},{"floor":12,"key":"Singing Bowl"},{"floor":14,"key":"Gremlin Horn"}],"event_choices":[{"damage_healed":0,"gold_gain":0,"player_choice":"Entered Light","damage_taken":23,"max_hp_gain":0,"max_hp_loss":0,"event_name":"Shining Light","floor":2,"gold_loss":0,"cards_upgraded":["Strike_R","Strike_R"]},{"damage_healed":0,"gold_gain":75,"player_choice":"Gather Gold","damage_taken":11,"max_hp_gain":0,"max_hp_loss":0,"event_name":"World of Goop","floor":5,"gold_loss":0},{"damage_healed":0,"gold_gain":0,"player_choice":"Ignored","damage_taken":0,"max_hp_gain":0,"max_hp_loss":0,"event_name":"Liars Game","floor":10,"gold_loss":0},{"damage_healed":0,"gold_gain":0,"player_choice":"Shed Blood","damage_taken":31,"max_hp_gain":5,"max_hp_loss":0,"event_name":"Forgotten Altar","floor":20,"gold_loss":0},{"damage_healed":0,"gold_gain":50,"player_choice":"Stole From Cult","damage_taken":0,"max_hp_gain":0,"max_hp_loss":0,"event_name":"Nest","floor":21,"gold_loss":0}],"is_beta":false,"boss_relics":[{"not_picked":["Runic Dome","Runic Pyramid"],"picked":"Empty Cage"}],"items_purged_floors":[],"is_endless":false,"potions_floor_spawned":[8,11,14],"killed_by":"Snake Plant","ascension_level":18}