{"gold_per_floor":[118,193,208,208,228,228,254,254,254,265,265,265,276,303,303,377,377,387,387,399,399,419,419,447,447,447,447,481,497,510,20,20,99,99,118,54,54,74,92,121,121,152,201,219,219,219,253,253],"floor_reached":48,"playtime":2479,"items_purged":["Strike_G"],"score":1286,"play_id":"cd2d9386-ea84-4934-8756-fcf148c70b86","local_time":"20190617185448","is_ascension_mode":true,"campfire_choices":[{"data":"Bouncing Flask","floor":6,"key":"SMITH"},{"data":"Quick Slash","floor":8,"key":"SMITH"},{"data":"Leg Sweep","floor":11,"key":"SMITH"},{"data":"Wraith Form v2","floor":15,"key":"SMITH"},{"floor":23,"key":"REST"},{"data":"Noxious Fumes","floor":25,"key":"SMITH"},{"floor":27,"key":"REST"},{"data":"Catalyst","floor":32,"key":"SMITH"},{"floor":46,"key":"RECALL"}],"neow_cost":"NONE","seed_source_timestamp":20254714455034,"circlet_count":0,"master_deck":["AscendersBane","Defend_G+1","Defend_G+1","Defend_G+1","Defend_G+1","Defend_G+1","Strike_G+1","Strike_G+1","Strike_G+1","Survivor+1","Neutralize+1","Bouncing Flask+1","PiercingWail+1","Leg Sweep+1","Quick Slash+1","Backflip+1","Quick Slash+1","Wraith Form v2+1","Corpse Explosion+1","Backflip+1","Noxious Fumes+1","Bouncing Flask+1","Calculated Gamble+1","PiercingWail+1","Catalyst+1","Noxious Fumes+1","Footwork+1","Calculated Gamble+1","Well Laid Plans","Catalyst","Thinking Ahead","PiercingWail"],"relics":["Ring of the Snake","The Courier","PreservedInsect","Tingsha","Sozu","Enchiridion","Boot","Pear","Ornamental Fan","Gambling Chip","Philosopher\u0027s Stone","Mark of the Bloom","Paper Crane","Bronze Scales","The Specimen"],"potions_floor_usage":[10,14,16],"damage_taken":[{"damage":0,"enemies":"Small Slimes","floor":1,"turns":5},{"damage":0,"enemies":"Cultist","floor":3,"turns":3},{"damage":0,"enemies":"2 Louse","floor":5,"turns":4},{"damage":7,"enemies":"Lagavulin","floor":7,"turns":6},{"damage":3,"enemies":"Exordium Thugs","floor":10,"turns":6},{"damage":0,"enemies":"Looter","floor":13,"turns":4},{"damage":9,"enemies":"3 Sentries","floor":14,"turns":8},{"damage":20,"enemies":"Hexaghost","floor":16,"turns":11},{"damage":1,"enemies":"Shell Parasite","floor":18,"turns":5},{"damage":2,"enemies":"2 Thieves","floor":20,"turns":4},{"damage":1,"enemies":"Snake Plant","floor":22,"turns":4},{"damage":31,"enemies":"Gremlin Leader","floor":24,"turns":6},{"damage":10,"enemies":"Book of Stabbing","floor":28,"turns":5},{"damage":10,"enemies":"Sentry and Sphere","floor":29,"turns":7},{"damage":0,"enemies":"3 Cultists","floor":30,"turns":3},{"damage":10,"enemies":"Champ","floor":33,"turns":8},{"damage":0,"enemies":"3 Shapes","floor":35,"turns":3},{"damage":0,"enemies":"Orb Walker","floor":38,"turns":3},{"damage":0,"enemies":"4 Shapes","floor":39,"turns":5},{"damage":0,"enemies":"Nemesis","floor":40,"turns":5},{"damage":0,"enemies":"Giant Head","floor":42,"turns":4},{"damage":0,"enemies":"Maw","floor":44,"turns":4},{"damage":13,"enemies":"Reptomancer","floor":47,"turns":6},{"damage":63,"enemies":"2 Orb Walkers","floor":48,"turns":5}],"seed_played":"-7140033466275823998","potions_obtained":[{"floor":3,"key":"SmokeBomb"},{"floor":5,"key":"GamblersBrew"},{"floor":7,"key":"Explosive Potion"},{"floor":13,"key":"Weak Potion"}],"is_trial":false,"path_per_floor":["M","?","M","?","M","R","E","R","T","M","R","?","M","E","R","B",null,"M","?","M","?","M","R","E","R","T","R","E","M","M","$","R","B",null,"M","$","?","M","M","E","?","E","T","M","?","R","E","?"],"character_chosen":"THE_SILENT","items_purchased":["Gambling Chip","PiercingWail","Catalyst","Noxious Fumes","Calculated Gamble"],"campfire_rested":2,"item_purchase_floors":[31,31,31,31,36],"current_hp_per_floor":[65,54,54,44,44,44,37,37,37,34,34,34,34,25,25,5,55,54,54,52,31,30,51,20,20,30,54,44,34,34,34,34,24,68,68,68,68,68,68,68,68,68,68,68,68,68,55,0],"gold":253,"neow_bonus":"TEN_PERCENT_HP_BONUS","is_prod":false,"is_daily":false,"chose_seed":false,"campfire_upgraded":6,"win_rate":0,"timestamp":1560790488,"path_taken":["M","?","M","?","M","R","E","R","T","?","R","?","M","E","R","BOSS","M","?","M","?","M","R","E","R","T","R","E","M","M","$","R","BOSS","M","$","?","M","M","E","?","E","T","M","?","R","E","?"],"build_version":"2019-01-23","purchased_purges":1,"victory":false,"max_hp_per_floor":[72,72,72,72,72,72,72,72,72,72,72,72,72,72,72,72,72,72,72,72,72,72,72,72,72,82,82,82,82,82,82,82,82,82,82,82,82,82,82,82,82,82,82,82,82,82,82,82],"card_choices":[{"not_picked":["Outmaneuver","Blade Dance"],"picked":"Bouncing Flask","floor":1},{"not_picked":["Sucker Punch","Prepared"],"picked":"PiercingWail","floor":3},{"not_picked":["Flechettes","Dodge and Roll"],"picked":"Leg Sweep","floor":5},{"not_picked":["Blur","Setup"],"picked":"Quick Slash","floor":7},{"not_picked":["Deflect","Blade Dance"],"picked":"Backflip","floor":10},{"not_picked":["Deflect","Accuracy","Cloak And Dagger"],"picked":"SKIP","floor":13},{"not_picked":["Heel Hook","Cloak And Dagger"],"picked":"Wraith Form v2","floor":14},{"not_picked":["Phantasmal Killer","Burst"],"picked":"Corpse Explosion","floor":16},{"not_picked":["Acrobatics","Finisher"],"picked":"Backflip","floor":18},{"not_picked":["Bane","Outmaneuver","Acrobatics"],"picked":"SKIP","floor":20},{"not_picked":["Dagger Spray","Deadly Poison"],"picked":"Noxious Fumes","floor":22},{"not_picked":["Quick Slash","Sucker Punch","Slice"],"picked":"SKIP","floor":24},{"not_picked":["Blade Dance","Tactician"],"picked":"Bouncing Flask+1","floor":28},{"not_picked":["Poisoned Stab","Skewer","Choke"],"picked":"SKIP","floor":29},{"not_picked":["Finisher","Setup"],"picked":"Calculated Gamble","floor":30},{"not_picked":["Deadly Poison","Dagger Spray"],"picked":"Footwork","floor":35},{"not_picked":["Dodge and Roll","Outmaneuver+1","Underhanded Strike"],"picked":"SKIP","floor":38},{"not_picked":["Backstab","Blur+1"],"picked":"Well Laid Plans","floor":39},{"not_picked":["Dodge and Roll","Dagger Throw+1"],"picked":"Catalyst","floor":40},{"not_picked":["Panache","Discovery"],"picked":"Thinking Ahead","floor":41},{"not_picked":["Slice+1","Quick Slash","Blade Dance"],"picked":"SKIP","floor":42},{"not_picked":["Dagger Throw","Deadly Poison"],"picked":"PiercingWail","floor":44},{"not_picked":["Die Die Die","Bane","Dagger Spray"],"picked":"SKIP","floor":47},{"not_picked":["Die Die Die","Bane","Dagger Spray"],"picked":"SKIP","floor":47}],"player_experience":1390307,"relics_obtained":[{"floor":7,"key":"The Courier"},{"floor":9,"key":"PreservedInsect"},{"floor":14,"key":"Tingsha"},{"floor":21,"key":"Enchiridion"},{"floor":24,"key":"Boot"},{"floor":26,"key":"Pear"},{"floor":28,"key":"Ornamental Fan"},{"floor":40,"key":"Paper Crane"},{"floor":42,"key":"Bronze Scales"},{"floor":47,"key":"The Specimen"}],"event_choices":[{"damage_healed":0,"gold_gain":75,"player_choice":"Gather Gold","damage_taken":11,"max_hp_gain":0,"max_hp_loss":0,"event_name":"World of Goop","floor":2,"gold_loss":0},{"damage_healed":0,"gold_gain":0,"player_choice":"Damaged","damage_taken":10,"max_hp_gain":0,"max_hp_loss":0,"event_name":"Wheel of Change","floor":4,"gold_loss":0},{"damage_healed":0,"gold_gain":0,"cards_transformed":["Strike_G"],"player_choice":"Transformed","damage_taken":0,"max_hp_gain":0,"max_hp_loss":0,"event_name":"Transmorgrifier","floor":12,"gold_loss":0,"cards_obtained":["Quick Slash"]},{"damage_healed":0,"gold_gain":0,"player_choice":"Ignored","damage_taken":0,"max_hp_gain":0,"max_hp_loss":0,"event_name":"The Mausoleum","floor":19,"gold_loss":0},{"damage_healed":0,"gold_gain":0,"player_choice":"Obtained Book","damage_taken":21,"max_hp_gain":0,"max_hp_loss":0,"event_name":"Cursed Tome","floor":21,"gold_loss":0},{"damage_healed":0,"gold_gain":0,"player_choice":"Upgrade","damage_taken":0,"relics_obtained":["Mark of the Bloom"],"max_hp_gain":0,"max_hp_loss":0,"event_name":"MindBloom","floor":37,"gold_loss":0,"cards_upgraded":["Defend_G","Defend_G","Defend_G","Defend_G","Defend_G","Strike_G","Strike_G","Strike_G","Survivor","Neutralize","PiercingWail","Backflip","Quick Slash","Corpse Explosion","Backflip","Calculated Gamble","PiercingWail","Noxious Fumes","Footwork","Calculated Gamble"]},{"damage_healed":0,"gold_gain":0,"player_choice":"Memory 1","damage_taken":0,"max_hp_gain":0,"max_hp_loss":0,"event_name":"SensoryStone","floor":41,"gold_loss":0},{"damage_healed":0,"gold_gain":0,"player_choice":"Ignored","damage_taken":0,"max_hp_gain":0,"max_hp_loss":0,"event_name":"Tomb of Lord Red Mask","floor":45,"gold_loss":0},{"damage_healed":0,"gold_gain":0,"player_choice":"Fight","damage_taken":0,"max_hp_gain":0,"max_hp_loss":0,"event_name":"Mysterious Sphere","floor":48,"gold_loss":0}],"is_beta":false,"boss_relics":[{"not_picked":["Orrery","Ectoplasm"],"picked":"Sozu"},{"not_picked":["Empty Cage","White Beast Statue"],"picked":"Philosopher\u0027s Stone"}],"items_purged_floors":[31],"is_endless":false,"potions_floor_spawned":[3,5,7,13,18,28,29,30,33,38,40],"killed_by":"2 Orb Walkers","ascension_level":20}