{"gold_per_floor":[109,125,49,49,67,99,116,116,140,181,208,230,242,266,278,290],"floor_reached":16,"playtime":691,"items_purged":[],"score":228,"play_id":"b090d22e-4570-4fe0-abda-be2c14c6c800","local_time":"20190608223855","is_ascension_mode":true,"campfire_choices":[{"data":"Hemokinesis","floor":8,"key":"SMITH"},{"data":"Disarm","floor":13,"key":"SMITH"},{"data":"Spot Weakness","floor":15,"key":"SMITH"}],"neow_cost":"NONE","seed_source_timestamp":38591735698713,"circlet_count":0,"master_deck":["AscendersBane","Strike_R","Strike_R","Strike_R","Strike_R","Strike_R","Defend_R","Defend_R","Defend_R","Defend_R","Bash+1","Perfected Strike","Hemokinesis+1","Inflame","Shrug It Off","Spot Weakness+1","Headbutt","Anger","Disarm+1","Corruption"],"relics":["Burning Blood","CultistMask","Regal Pillow","MawBank","Art of War"],"potions_floor_usage":[10,14,14,14,14,16],"damage_taken":[{"damage":4,"enemies":"2 Louse","floor":1,"turns":4},{"damage":0,"enemies":"Cultist","floor":2,"turns":3},{"damage":7,"enemies":"Jaw Worm","floor":5,"turns":3},{"damage":28,"enemies":"Gremlin Nob","floor":6,"turns":4},{"damage":20,"enemies":"Red Slaver","floor":7,"turns":4},{"damage":24,"enemies":"Lagavulin","floor":10,"turns":4},{"damage":9,"enemies":"3 Louse","floor":11,"turns":3},{"damage":5,"enemies":"Blue Slaver","floor":12,"turns":4},{"damage":20,"enemies":"Exordium Thugs","floor":14,"turns":5},{"damage":12,"enemies":"Hexaghost","floor":16,"turns":7}],"seed_played":"-8045355261724697233","potions_obtained":[{"floor":1,"key":"PowerPotion"},{"floor":2,"key":"EntropicBrew"},{"floor":11,"key":"Ancient Potion"},{"floor":14,"key":"Explosive Potion"}],"is_trial":false,"path_per_floor":["M","M","$","?","M","E","M","R","T","E","M","M","R","M","R","B"],"character_chosen":"IRONCLAD","items_purchased":["Inflame"],"campfire_rested":0,"item_purchase_floors":[3],"current_hp_per_floor":[70,75,75,75,74,52,38,38,38,20,17,18,18,11,11,0],"gold":290,"neow_bonus":"UPGRADE_CARD","is_prod":false,"is_daily":false,"chose_seed":false,"campfire_upgraded":3,"win_rate":0,"timestamp":1560026335,"path_taken":["M","M","$","?","M","E","M","R","T","E","M","?","R","?","R","BOSS"],"build_version":"2019-01-23","purchased_purges":0,"victory":false,"max_hp_per_floor":[75,75,75,75,75,75,75,75,75,75,75,75,75,75,75,75],"card_choices":[{"not_picked":["Reckless Charge","Cleave"],"picked":"Perfected Strike","floor":1},{"not_picked":["Shrug It Off","Headbutt"],"picked":"Hemokinesis","floor":2},{"not_picked":["Thunderclap","Searing Blow"],"picked":"Shrug It Off","floor":5},{"not_picked":["Blood for Blood","Barricade"],"picked":"Spot Weakness","floor":6},{"not_picked":["Entrench","Thunderclap"],"picked":"Headbutt","floor":7},{"not_picked":["Sever Soul","Wild Strike"],"picked":"Anger","floor":10},{"not_picked":["Havoc","Anger"],"picked":"Disarm","floor":11},{"not_picked":["Cleave","Infernal Blade"],"picked":"Corruption","floor":12},{"not_picked":["Hemokinesis","Rage","Corruption"],"picked":"SKIP","floor":14}],"player_experience":1304475,"relics_obtained":[{"floor":6,"key":"Regal Pillow"},{"floor":9,"key":"MawBank"},{"floor":10,"key":"Art of War"}],"event_choices":[{"damage_healed":0,"gold_gain":0,"player_choice":"Trade","damage_taken":0,"relics_obtained":["CultistMask"],"max_hp_gain":0,"max_hp_loss":0,"event_name":"FaceTrader","floor":4,"gold_loss":0}],"is_beta":false,"boss_relics":[],"items_purged_floors":[],"is_endless":false,"potions_floor_spawned":[1,2,7,11,14],"killed_by":"Hexaghost","ascension_level":20}