{"gold_per_floor":[115,131,143,3,3,28,28,43,43,43,118,148,148],"floor_reached":13,"playtime":603,"items_purged":[],"score":166,"play_id":"c784bf76-d8de-464f-ad70-1d377f6aa9fd","local_time":"20190206200124","is_ascension_mode":true,"campfire_choices":[{"data":"Zap","floor":7,"key":"SMITH"},{"floor":10,"key":"REST"}],"neow_cost":"NONE","seed_source_timestamp":17462361593580,"circlet_count":0,"master_deck":["AscendersBane","Strike_B","Strike_B","Strike_B","Strike_B","Defend_B","Defend_B","Defend_B","Zap+1","Dualcast","White Noise","Reinforced Body","Ball Lightning","Defragment","Ball Lightning","Coolheaded","Loop"],"relics":["Cracked Core","Turnip","Question Card","Odd Mushroom"],"potions_floor_usage":[1,6,6],"damage_taken":[{"damage":2,"enemies":"Jaw Worm","floor":1,"turns":4},{"damage":0,"enemies":"2 Louse","floor":2,"turns":2},{"damage":7,"enemies":"Small Slimes","floor":3,"turns":4},{"damage":25,"enemies":"3 Sentries","floor":6,"turns":7},{"damage":16,"enemies":"3 Louse","floor":8,"turns":4},{"damage":14,"enemies":"The Mushroom Lair","floor":12,"turns":4},{"damage":11,"enemies":"Exordium Wildlife","floor":13,"turns":1}],"seed_played":"-2580973631973456413","potions_obtained":[{"floor":0,"key":"Fire Potion"},{"floor":0,"key":"FocusPotion"},{"floor":1,"key":"SkillPotion"},{"floor":6,"key":"LiquidBronze"},{"floor":8,"key":"Ancient Potion"}],"is_trial":false,"path_per_floor":["M","M","M","$","?","E","R","M","T","R","?","?","M"],"character_chosen":"DEFECT","items_purchased":["Ball Lightning","Defragment"],"campfire_rested":1,"item_purchase_floors":[4,4],"current_hp_per_floor":[62,62,55,55,48,23,23,7,7,28,17,3,0],"gold":148,"neow_bonus":"THREE_SMALL_POTIONS","is_prod":false,"is_daily":false,"chose_seed":false,"campfire_upgraded":1,"win_rate":0,"timestamp":1549479684,"path_taken":["M","M","M","$","?","E","R","M","T","R","?","?","M"],"build_version":"2019-01-23","purchased_purges":0,"victory":false,"max_hp_per_floor":[71,71,71,71,71,71,71,71,71,71,71,71,71],"card_choices":[{"not_picked":["Go for the Eyes","Turbo"],"picked":"White Noise","floor":1},{"not_picked":["Loop","Turbo"],"picked":"Reinforced Body","floor":2},{"not_picked":["Stack","Meteor Strike","Leap"],"picked":"SKIP","floor":3},{"not_picked":["Hologram","Steam"],"picked":"Ball Lightning","floor":6},{"not_picked":["Go for the Eyes","Streamline"],"picked":"Coolheaded","floor":8},{"not_picked":["Lockon","Streamline","Genetic Algorithm"],"picked":"Loop","floor":12}],"player_experience":903751,"relics_obtained":[{"floor":6,"key":"Turnip"},{"floor":9,"key":"Question Card"},{"floor":12,"key":"Odd Mushroom"}],"event_choices":[{"cards_removed":["Defend_B"],"damage_healed":0,"gold_gain":0,"player_choice":"Card Removal","damage_taken":7,"max_hp_gain":0,"max_hp_loss":0,"event_name":"Golden Wing","floor":5,"gold_loss":0},{"damage_healed":0,"gold_gain":75,"player_choice":"Gather Gold","damage_taken":11,"max_hp_gain":0,"max_hp_loss":0,"event_name":"World of Goop","floor":11,"gold_loss":0},{"damage_healed":0,"gold_gain":0,"player_choice":"Fought Mushrooms","damage_taken":0,"max_hp_gain":0,"max_hp_loss":0,"event_name":"Mushrooms","floor":12,"gold_loss":0}],"is_beta":false,"boss_relics":[],"items_purged_floors":[],"is_endless":false,"potions_floor_spawned":[1,6,8],"killed_by":"Exordium Wildlife","ascension_level":20}