{"gold_per_floor":[111,76,91,105,105,105,143,163,163,201,29,104,104,104,104,198,198,219,144,144,60,60,60,60,91,91,122,122,141,174,192,192,286,286,300,300,425,758,778,809,809,834,834,834,869,344,358,358,358,358,358,358,358,18,47,47],"floor_reached":57,"playtime":3723,"items_purged":["Strike_B","Strike_B","Strike_B"],"score":3485,"play_id":"738df6cd-04b5-4750-bf53-d8621e6f3612","local_time":"20181210194931","is_ascension_mode":true,"campfire_choices":[{"data":"Sweeping Beam","floor":6.0,"key":"SMITH"},{"data":"Defragment","floor":13.0,"key":"SMITH"},{"data":"Go for the Eyes","floor":15.0,"key":"SMITH"},{"data":"Defragment","floor":23.0,"key":"SMITH"},{"data":"Zap","floor":28.0,"key":"SMITH"},{"data":"Fission","floor":32.0,"key":"SMITH"},{"data":"Ghostly","floor":41.0,"key":"SMITH"},{"data":"Seek","floor":44.0,"key":"SMITH"},{"floor":49,"key":"RECALL"},{"data":"Ghostly","floor":53,"key":"SMITH"}],"neow_cost":"NONE","seed_source_timestamp":6494671125742,"circlet_count":0,"master_deck":["AscendersBane","Strike_B","Defend_B","Defend_B","Defend_B","Defend_B","Zap+1","Dualcast","Sweeping Beam+1","Cold Snap","Undo","Glacier","Defragment+1","Go for the Eyes+1","Echo Form","Barrage+1","Ghostly+1","Ghostly+1","Ghostly","Defragment+1","Glacier","Fission+1","Reinforced Body","Seek+1","Turbo","Hologram+1","Consume","Loop+1","Apotheosis","Seek"],"special_seed":0,"relics":["Cracked Core","Gambling Chip","Ginger","Thread and Needle","Bronze Scales","Inserter","Cables","PreservedInsect","Oddly Smooth Stone","Runic Pyramid","Calipers","Ice Cream","Bottled Lightning","Bottled Tornado","Frozen Egg 2","OrangePellets","Anchor"],"potions_floor_usage":[56,56],"damage_taken":[{"damage":13.0,"enemies":"2 Louse","floor":1.0,"turns":3.0},{"damage":7.0,"enemies":"Small Slimes","floor":3.0,"turns":2.0},{"damage":5.0,"enemies":"Jaw Worm","floor":4.0,"turns":3.0},{"damage":32.0,"enemies":"Gremlin Nob","floor":7.0,"turns":4.0},{"damage":0.0,"enemies":"2 Fungi Beasts","floor":8.0,"turns":3.0},{"damage":7.0,"enemies":"Lagavulin","floor":10.0,"turns":10.0},{"damage":2.0,"enemies":"Hexaghost","floor":16.0,"turns":14.0},{"damage":0.0,"enemies":"Chosen","floor":18.0,"turns":6.0},{"damage":0.0,"enemies":"Book of Stabbing","floor":25.0,"turns":6.0},{"damage":8.0,"enemies":"Gremlin Leader","floor":27.0,"turns":7.0},{"damage":0.0,"enemies":"Shell Parasite","floor":29.0,"turns":4.0},{"damage":0.0,"enemies":"Slavers","floor":30.0,"turns":3.0},{"damage":0.0,"enemies":"Snake Plant","floor":31.0,"turns":4.0},{"damage":0.0,"enemies":"Champ","floor":33.0,"turns":16.0},{"damage":0.0,"enemies":"Orb Walker","floor":35.0,"turns":5.0},{"damage":0.0,"enemies":"Mind Bloom Boss Battle","floor":37.0,"turns":6.0},{"damage":0.0,"enemies":"3 Darklings","floor":39.0,"turns":4.0},{"damage":0.0,"enemies":"Nemesis","floor":40.0,"turns":9.0},{"damage":0.0,"enemies":"Giant Head","floor":42.0,"turns":9.0},{"damage":0.0,"enemies":"Reptomancer","floor":45.0,"turns":7.0},{"damage":0.0,"enemies":"Spire Growth","floor":47.0,"turns":9.0},{"damage":0,"enemies":"Awakened One","floor":50,"turns":16},{"damage":2,"enemies":"Time Eater","floor":51,"turns":11},{"damage":0,"enemies":"Shield and Spear","floor":55,"turns":10},{"damage":0,"enemies":"The Heart","floor":56,"turns":13}],"seed_played":"-4297905327732255135","potions_obtained":[{"floor":3.0,"key":"GamblersBrew"},{"floor":8.0,"key":"Dexterity Potion"},{"floor":27.0,"key":"Fire Potion"},{"floor":30.0,"key":"SteroidPotion"},{"floor":33.0,"key":"Weak Potion"},{"floor":39.0,"key":"Energy Potion"},{"floor":40.0,"key":"SpeedPotion"}],"is_trial":false,"path_per_floor":["M","?","M","M","?","R","E","M","T","E","$","?","R","?","R","B",null,"M","$","?","$","?","R","$","E","T","E","R","M","E","M","R","B",null,"M","?","?","?","M","E","R","E","T","R","E","$","M","?","R","B","B",null,"R","$","E","B",null],"character_chosen":"DEFECT","items_purchased":["Bronze Scales","Defragment","OrangePellets","Consume","Loop+1","FocusPotion","Apotheosis"],"campfire_rested":0,"item_purchase_floors":[11,21,46,46,46,46,54],"current_hp_per_floor":[58,77,70,65,65,65,33,33,33,26,26,15,15,15,15,13,57,57,57,35,35,35,35,35,35,35,27,27,27,27,27,27,27,33,33,33,33,33,33,33,33,33,33,33,33,33,33,33,33,33,31,33,33,33,33,33],"gold":47,"neow_bonus":"TEN_PERCENT_HP_BONUS","is_prod":false,"is_daily":false,"chose_seed":false,"campfire_upgraded":9,"win_rate":0,"timestamp":1544467771,"path_taken":["M","?","M","M","?","R","E","M","T","E","$","?","R","?","R","BOSS","M","$","?","$","?","R","?","E","T","E","R","M","E","?","R","BOSS","M","?","?","?","?","E","R","E","T","R","E","$","M","?","R","BOSS","BOSS","R","$","E","BOSS"],"build_version":"2018-12-06","purchased_purges":3,"victory":true,"max_hp_per_floor":[78,78,78,78,71,71,71,71,71,71,71,71,71,71,71,71,71,71,71,35,35,35,35,35,35,35,35,35,35,35,35,35,35,35,35,35,35,35,35,35,35,35,35,35,35,35,35,33,33,33,33,33,33,33,33,33],"card_choices":[{"not_picked":["Rebound","Undo"],"picked":"Sweeping Beam","floor":1.0},{"not_picked":["Static Discharge","Darkness"],"picked":"Cold Snap","floor":3.0},{"not_picked":["Reinforced Body","Leap"],"picked":"Undo","floor":4.0},{"not_picked":["Steam Power","White Noise"],"picked":"Glacier","floor":7.0},{"not_picked":["Stack","Steam"],"picked":"Defragment","floor":8.0},{"not_picked":["Sweeping Beam","Auto Shields"],"picked":"Go for the Eyes","floor":10.0},{"not_picked":["Amplify","All For One"],"picked":"Echo Form","floor":16.0},{"not_picked":["Tempest","Reprogram"],"picked":"Barrage+1","floor":18.0},{"not_picked":["Melter","Sunder","Redo"],"picked":"SKIP","floor":25.0},{"not_picked":["Hologram","Tempest"],"picked":"Glacier","floor":27.0},{"not_picked":["Double Energy","Barrage","White Noise"],"picked":"SKIP","floor":29.0},{"not_picked":["Compile Driver","Hologram"],"picked":"Fission","floor":30.0},{"not_picked":["Turbo+1","Coolheaded"],"picked":"Reinforced Body","floor":31.0},{"not_picked":["Meteor Strike","Machine Learning"],"picked":"Seek","floor":33.0},{"not_picked":["Coolheaded","Rebound","Ball Lightning"],"picked":"SKIP","floor":35.0},{"not_picked":["Sweeping Beam","Beam Cell"],"picked":"Turbo","floor":37.0},{"not_picked":["Skim","Tempest","Doom and Gloom+1"],"picked":"SKIP","floor":39.0},{"not_picked":["White Noise","Sunder","Sweeping Beam"],"picked":"SKIP","floor":40.0},{"not_picked":["White Noise","Sunder","Sweeping Beam"],"picked":"SKIP","floor":40.0},{"not_picked":["Go for the Eyes","Darkness","Capacitor+1"],"picked":"SKIP","floor":42.0},{"not_picked":["Barrage","Reinforced Body"],"picked":"Hologram+1","floor":45.0},{"not_picked":["Coolheaded","Scrape","Multi-Cast"],"picked":"SKIP","floor":47.0},{"not_picked":["Streamline","Rebound"],"picked":"Seek","floor":55}],"player_experience":637849,"relics_obtained":[{"floor":7.0,"key":"Gambling Chip"},{"floor":9.0,"key":"Ginger"},{"floor":10.0,"key":"Thread and Needle"},{"floor":25.0,"key":"Cables"},{"floor":27.0,"key":"PreservedInsect"},{"floor":30.0,"key":"Oddly Smooth Stone"},{"floor":37.0,"key":"Calipers"},{"floor":40.0,"key":"Ice Cream"},{"floor":42.0,"key":"Bottled Lightning"},{"floor":43.0,"key":"Bottled Tornado"},{"floor":45.0,"key":"Frozen Egg 2"},{"floor":55,"key":"Anchor"}],"event_choices":[{"damage_healed":19.0,"max_hp_gain":0.0,"max_hp_loss":0.0,"gold_gain":0.0,"event_name":"The Cleric","player_choice":"Healed","floor":2.0,"gold_loss":35.0,"damage_taken":0.0},{"damage_healed":0.0,"max_hp_gain":0.0,"max_hp_loss":7.0,"gold_gain":0.0,"event_name":"Golden Idol","player_choice":"Lose Max HP","floor":5.0,"gold_loss":0.0,"damage_taken":0.0,"relics_obtained":["Golden Idol"]},{"damage_healed":0.0,"max_hp_gain":0.0,"max_hp_loss":0.0,"gold_gain":75.0,"event_name":"World of Goop","player_choice":"Gather Gold","floor":12.0,"gold_loss":0.0,"damage_taken":11.0},{"damage_healed":0.0,"max_hp_gain":0.0,"max_hp_loss":0.0,"gold_gain":0.0,"event_name":"Shining Light","player_choice":"Ignored","floor":14.0,"gold_loss":0.0,"damage_taken":0.0},{"damage_healed":0.0,"max_hp_gain":0.0,"max_hp_loss":36.0,"gold_gain":0.0,"event_name":"Ghosts","player_choice":"Became a Ghost","floor":20.0,"gold_loss":0.0,"damage_taken":0.0,"cards_obtained":["Ghostly","Ghostly","Ghostly"]},{"damage_healed":0.0,"max_hp_gain":0.0,"max_hp_loss":0.0,"gold_gain":0.0,"event_name":"Tomb of Lord Red Mask","player_choice":"Ignored","floor":36.0,"gold_loss":0.0,"damage_taken":0.0},{"damage_healed":0.0,"max_hp_gain":0.0,"max_hp_loss":0.0,"gold_gain":0.0,"event_name":"MindBloom","player_choice":"Fight","floor":37.0,"gold_loss":0.0,"damage_taken":0.0},{"damage_healed":0.0,"max_hp_gain":0.0,"max_hp_loss":0.0,"gold_gain":333.0,"event_name":"The Moai Head","player_choice":"Gave Idol","floor":38.0,"relics_lost":["Golden Idol"],"gold_loss":0.0,"damage_taken":0.0},{"damage_healed":0.0,"max_hp_gain":0.0,"max_hp_loss":2.0,"gold_gain":0.0,"event_name":"Winding Halls","player_choice":"Max HP","floor":48.0,"gold_loss":0.0,"damage_taken":0.0}],"is_beta":false,"boss_relics":[{"not_picked":["White Beast Statue","Pandora\u0027s Box"],"picked":"Inserter"},{"not_picked":["Fusion Hammer","Tiny House"],"picked":"Runic Pyramid"}],"items_purged_floors":[19,46,54],"is_endless":false,"potions_floor_spawned":[3,8,27,30,33,37,39,40,42],"ascension_level":20}