{"path_per_floor":["M","M","M","M","M","R","E","R","T","M","E","?","M","M","R","B",null,"M","M","M","M","?","R","M","R","T","M","R","$","?","?","R"],"character_chosen":"THE_SILENT","items_purchased":["Caltrops","Art of War","Dash","PiercingWail"],"gold_per_floor":[113,130,146,165,181,181,208,208,208,218,244,307,326,338,338,436,436,447,464,477,488,588,588,603,603,603,623,623,326,326,326,326],"floor_reached":33,"campfire_rested":5,"playtime":3426,"current_hp_per_floor":[70,70,70,70,67,67,59,59,59,59,43,43,43,39,60,4,70,48,41,29,1,1,22,16,37,37,9,30,30,30,30,51],"items_purged":[],"gold":326,"score":276,"play_id":"5d61f299-a696-4422-a626-4fd9b6db652d","is_prod":false,"is_daily":false,"is_ascension_mode":true,"campfire_upgraded":2,"path_taken":["M","M","M","M","M","R","E","R","T","M","E","?","?","M","R","BOSS","M","?","M","M","?","R","?","R","T","M","R","$","?","?","R","BOSS"],"build_version":"2018-02-15-PROD1","purchased_purges":0,"victory":false,"master_deck":["Defend_G","Defend_G","Defend_G","Defend_G","Defend_G","Strike_G+1","Strike_G","Strike_G","Strike_G","Strike_G","Survivor","Neutralize","Noxious Fumes+1","Masterful Stab","Dodge and Roll+1","Flechettes+1","Backflip","Burst+1","Outmaneuver","Escape Plan","Dagger Spray","PiercingWail","Tactician","Deflect+1","Bouncing Flask","Outmaneuver+1","Sucker Punch+1","Noxious Fumes+1","Caltrops+1","Dash","PiercingWail"],"max_hp_per_floor":[70,70,70,70,70,70,70,70,70,70,70,70,70,70,70,70,70,70,70,70,70,70,70,70,70,70,70,70,70,70,70,70],"relics":["Ring of the Snake","Paper Crane","Frozen Egg 2","Whetstone","Sozu","Art of War","Nloth\u0027s Gift"],"card_choices":[{"not_picked":["Deadly Poison","Reflex"],"picked":"Noxious Fumes"},{"not_picked":["Choke","Leg Sweep"],"picked":"Masterful Stab"},{"not_picked":["Bane","Cloak And Dagger"],"picked":"Dodge and Roll"},{"not_picked":["Quick Slash","Dagger Spray"],"picked":"Flechettes"},{"not_picked":["Acrobatics","Calculated Gamble"],"picked":"Backflip"},{"not_picked":["Dodge and Roll","Outmaneuver"],"picked":"Burst"},{"not_picked":["Deflect","Poisoned Stab"],"picked":"Outmaneuver"},{"not_picked":["Riddle With Holes","Deflect"],"picked":"Escape Plan"},{"not_picked":["Backflip","Quick Slash"],"picked":"Dagger Spray"},{"not_picked":["Deflect","Blur"],"picked":"PiercingWail"},{"not_picked":["Night Terror","Storm of Steel"],"picked":"Tactician"},{"not_picked":["Escape Plan","Dodge and Roll"],"picked":"Deflect"},{"not_picked":["Prepared","Deflect"],"picked":"Bouncing Flask"},{"not_picked":["Riddle With Holes","Cloak And Dagger"],"picked":"Outmaneuver"},{"not_picked":["Cloak And Dagger","Dagger Throw"],"picked":"Sucker Punch"},{"not_picked":["Malaise","Deflect"],"picked":"Noxious Fumes"}],"player_experience":119514,"potions_floor_usage":[2,4,4,5,7,11,11,13],"damage_taken":[{"damage":0,"enemies":"Cultist","floor":1,"turns":5},{"damage":0,"enemies":"Jaw Worm","floor":2,"turns":6},{"damage":0,"enemies":"2 Louse","floor":3,"turns":2},{"damage":0,"enemies":"Lots of Slimes","floor":4,"turns":5},{"damage":3,"enemies":"Gremlin Gang","floor":5,"turns":7},{"damage":8,"enemies":"3 Sentries","floor":7,"turns":7},{"damage":0,"enemies":"2 Fungi Beasts","floor":10,"turns":4},{"damage":16,"enemies":"Gremlin Nob","floor":11,"turns":4},{"damage":0,"enemies":"Red Slaver","floor":13,"turns":5},{"damage":4,"enemies":"Gremlin Gang","floor":14,"turns":4},{"damage":56,"enemies":"Slime Boss","floor":16,"turns":13},{"damage":22,"enemies":"Chosen","floor":18,"turns":7},{"damage":7,"enemies":"Shell Parasite","floor":19,"turns":9},{"damage":12,"enemies":"3 Cultists","floor":20,"turns":5},{"damage":28,"enemies":"Sentry and Sphere","floor":21,"turns":7},{"damage":6,"enemies":"Snake Plant","floor":24,"turns":5},{"damage":28,"enemies":"Slaver and Parasite","floor":27,"turns":8},{"damage":64,"enemies":"Champ","floor":33,"turns":10}],"event_choices":[{"event_name":"Golden Wing","player_choice":"Gained Gold","floor":12,"damage_taken":0},{"event_name":"Golden Shrine","player_choice":"Pray","floor":22,"damage_taken":0},{"event_name":"N\u0027loth","player_choice":"Traded a Pen Nib","floor":30,"damage_taken":0},{"event_name":"Accursed Blacksmith","player_choice":"Forge","floor":31,"damage_taken":0}],"boss_relics":[{"not_picked":["Question Card","Runic Dome"],"picked":"Sozu"}],"potions_floor_spawned":[3,4,5,7,11,16,20,21],"seed_played":"7123776618466369991","killed_by":"Champ","ascension_level":1,"is_trial":false}