{"gold_per_floor":[117,117,133,133,149,149,184,197,197,235,260,281,281,70,70,159,159,172,4,42,63,83,83],"floor_reached":23,"playtime":1461,"items_purged":["Strike_B"],"score":506,"play_id":"07aec510-ef03-40a2-bb99-dfd3c1500d42","local_time":"20190406184356","is_ascension_mode":true,"campfire_choices":[{"data":"Zap","floor":6,"key":"SMITH"},{"floor":13,"key":"REST"},{"data":"Electrodynamics","floor":15,"key":"SMITH"}],"neow_cost":"NONE","seed_source_timestamp":19732413235673,"circlet_count":0,"master_deck":["AscendersBane","Strike_B","Strike_B","Strike_B","Defend_B","Defend_B","Defend_B","Defend_B","Zap+1","Dualcast","White Noise","Rip and Tear","Electrodynamics+1","Reinforced Body","Loop","White Noise","Coolheaded","Capacitor","Coolheaded","Echo Form","Turbo+1","Loop+1","Static Discharge","Self Repair+1"],"relics":["Cracked Core","Golden Idol","Bronze Scales","Happy Flower","Mummified Hand","Runic Pyramid","Anchor","Red Mask"],"potions_floor_usage":[10,23,23],"damage_taken":[{"damage":2,"enemies":"Jaw Worm","floor":1,"turns":3},{"damage":4,"enemies":"2 Louse","floor":3,"turns":3},{"damage":1,"enemies":"Cultist","floor":5,"turns":4},{"damage":10,"enemies":"3 Sentries","floor":7,"turns":3},{"damage":13,"enemies":"Exordium Wildlife","floor":8,"turns":4},{"damage":15,"enemies":"Lagavulin","floor":10,"turns":7},{"damage":11,"enemies":"Exordium Thugs","floor":11,"turns":3},{"damage":7,"enemies":"2 Fungi Beasts","floor":12,"turns":3},{"damage":0,"enemies":"Slime Boss","floor":16,"turns":6},{"damage":9,"enemies":"3 Byrds","floor":18,"turns":2},{"damage":13,"enemies":"Masked Bandits","floor":20,"turns":3},{"damage":13,"enemies":"Spheric Guardian","floor":21,"turns":4},{"damage":0,"enemies":"Snecko","floor":22,"turns":5},{"damage":28,"enemies":"Book of Stabbing","floor":23,"turns":4}],"seed_played":"5114910761120545718","potions_obtained":[{"floor":3,"key":"SteroidPotion"},{"floor":5,"key":"Energy Potion"},{"floor":8,"key":"Ancient Potion"},{"floor":12,"key":"Weak Potion"},{"floor":22,"key":"LiquidBronze"}],"is_trial":false,"path_per_floor":["M","?","M","?","M","R","E","M","T","E","M","M","R","$","R","B",null,"M","$","?","M","M","E"],"character_chosen":"DEFECT","items_purchased":["Capacitor","Coolheaded","Anchor"],"campfire_rested":1,"item_purchase_floors":[14,14,19],"current_hp_per_floor":[69,69,65,65,64,64,54,41,41,26,15,8,29,29,29,29,61,52,52,39,26,26,0],"gold":83,"neow_bonus":"TEN_PERCENT_HP_BONUS","is_prod":false,"is_daily":false,"chose_seed":false,"campfire_upgraded":2,"win_rate":0,"timestamp":1554569036,"path_taken":["M","?","M","?","M","R","E","M","T","E","M","M","R","?","R","BOSS","M","$","?","M","M","E"],"build_version":"2019-01-23","purchased_purges":1,"victory":false,"max_hp_per_floor":[78,78,78,71,71,71,71,71,71,71,71,71,71,71,71,71,71,71,71,71,71,71,71],"card_choices":[{"not_picked":["Streamline","Steam Power","Beam Cell"],"picked":"SKIP","floor":1},{"not_picked":["Loop","Hologram"],"picked":"White Noise","floor":3},{"not_picked":["Loop","Barrage"],"picked":"Rip and Tear","floor":5},{"not_picked":["Skim","Chill"],"picked":"Electrodynamics","floor":7},{"not_picked":["Storm","Turbo"],"picked":"Reinforced Body","floor":8},{"not_picked":["Multi-Cast","Storm"],"picked":"Loop","floor":10},{"not_picked":["Static Discharge","Double Energy"],"picked":"White Noise","floor":11},{"not_picked":["Beam Cell","Redo"],"picked":"Coolheaded","floor":12},{"not_picked":["Core Surge","Electrodynamics"],"picked":"Echo Form","floor":16},{"not_picked":["Chaos","Gash"],"picked":"Turbo+1","floor":18},{"not_picked":["Chill+1","Steam"],"picked":"Loop+1","floor":20},{"not_picked":["Sweeping Beam","Tempest"],"picked":"Static Discharge","floor":21},{"not_picked":["Storm","Sweeping Beam"],"picked":"Self Repair+1","floor":22}],"player_experience":1084649,"relics_obtained":[{"floor":7,"key":"Bronze Scales"},{"floor":9,"key":"Happy Flower"},{"floor":10,"key":"Mummified Hand"},{"floor":20,"key":"Red Mask"}],"event_choices":[{"damage_healed":0,"gold_gain":0,"player_choice":"Ignored","damage_taken":0,"max_hp_gain":0,"max_hp_loss":0,"event_name":"Liars Game","floor":2,"gold_loss":0},{"damage_healed":0,"gold_gain":0,"player_choice":"Lose Max HP","damage_taken":0,"relics_obtained":["Golden Idol"],"max_hp_gain":0,"max_hp_loss":7,"event_name":"Golden Idol","floor":4,"gold_loss":0},{"damage_healed":0,"gold_gain":0,"player_choice":"Fought Bandits","damage_taken":0,"max_hp_gain":0,"max_hp_loss":0,"event_name":"Masked Bandits","floor":20,"gold_loss":0}],"is_beta":false,"boss_relics":[{"not_picked":["Cursed Key","Busted Crown"],"picked":"Runic Pyramid"}],"items_purged_floors":[14],"is_endless":false,"potions_floor_spawned":[3,5,8,12,16,18,21,22],"killed_by":"Book of Stabbing","ascension_level":20}