{"gold_per_floor":[111,61,61,13,13,13,24,54,54,88,106,118,134,144,144,249,249,262,352,96,111,111,111,111,111,111,136,51,51,62,72,72,172,222,242,259,259,259,271,306,306,383,383,393,408,408,421,108,108,108,108,108,28,55,55],"floor_reached":55,"playtime":2276,"items_purged":["Defend_R","Strike_R","Strike_R"],"score":702,"play_id":"d60f3516-879d-4de7-a492-632da9c94701","local_time":"20190327095140","is_ascension_mode":false,"campfire_choices":[{"data":"Bash","floor":6,"key":"SMITH"},{"data":"Uppercut","floor":15,"key":"SMITH"},{"floor":23,"key":"RECALL"},{"floor":25,"key":"REST"},{"data":"Flame Barrier","floor":29,"key":"SMITH"},{"floor":32,"key":"REST"},{"data":"Limit Break","floor":41,"key":"SMITH"},{"data":"Defend_R","floor":46,"key":"SMITH"},{"floor":49,"key":"REST"},{"data":"Inflame","floor":52,"key":"SMITH"}],"neow_cost":"NONE","seed_source_timestamp":256706499386009,"circlet_count":0,"master_deck":["Strike_R+1","Defend_R+1","Defend_R+1","Defend_R+1","Bash+1","Clothesline+1","Anger","Clash","Immolate+1","Uppercut+1","Clash","Clash","Shrug It Off+1","Flame Barrier+1","Rage+1","Armaments+1","Limit Break+1","Inflame+1","Anger","Fire Breathing+1","Carnage+1","Thunderclap","Inflame+1","Evolve"],"relics":["Burning Blood","Bag of Preparation","Meat on the Bone","Lizard Tail","Omamori","Necronomicon","Mummified Hand","Shuriken","Smiling Mask","Sundial","Tiny House","Matryoshka","Whetstone","The Courier","Centennial Puzzle","Strawberry","Pocketwatch","Gremlin Horn"],"potions_floor_usage":[12,33,34,47,50,55],"damage_taken":[{"damage":5,"enemies":"Jaw Worm","floor":1,"turns":5},{"damage":2,"enemies":"Small Slimes","floor":7,"turns":4},{"damage":29,"enemies":"3 Sentries","floor":8,"turns":10},{"damage":18,"enemies":"Gremlin Nob","floor":10,"turns":5},{"damage":0,"enemies":"Cultist","floor":11,"turns":2},{"damage":0,"enemies":"Blue Slaver","floor":12,"turns":2},{"damage":0,"enemies":"Large Slime","floor":13,"turns":2},{"damage":0,"enemies":"2 Fungi Beasts","floor":14,"turns":1},{"damage":27,"enemies":"Hexaghost","floor":16,"turns":9},{"damage":0,"enemies":"2 Thieves","floor":18,"turns":3},{"damage":20,"enemies":"Spheric Guardian","floor":21,"turns":4},{"damage":2,"enemies":"Slavers","floor":27,"turns":2},{"damage":3,"enemies":"Centurion and Healer","floor":30,"turns":6},{"damage":9,"enemies":"Snake Plant","floor":31,"turns":3},{"damage":30,"enemies":"Collector","floor":33,"turns":8},{"damage":0,"enemies":"Orb Walker","floor":35,"turns":2},{"damage":4,"enemies":"3 Shapes","floor":36,"turns":3},{"damage":1,"enemies":"Sphere and 2 Shapes","floor":39,"turns":2},{"damage":29,"enemies":"Giant Head","floor":40,"turns":7},{"damage":1,"enemies":"4 Shapes","floor":44,"turns":3},{"damage":4,"enemies":"3 Darklings","floor":45,"turns":4},{"damage":15,"enemies":"Jaw Worm Horde","floor":47,"turns":4},{"damage":98,"enemies":"Time Eater","floor":50,"turns":9},{"damage":52,"enemies":"Shield and Spear","floor":54,"turns":5},{"damage":77,"enemies":"The Heart","floor":55,"turns":3}],"seed_played":"-1868397897602837432","potions_obtained":[{"floor":11,"key":"Energy Potion"},{"floor":12,"key":"Ancient Potion"},{"floor":13,"key":"SpeedPotion"},{"floor":16,"key":"Regen Potion"},{"floor":34,"key":"Fruit Juice"},{"floor":35,"key":"Block Potion"},{"floor":47,"key":"SmokeBomb"}],"is_trial":false,"path_per_floor":["M","?","?","$","$","R","M","E","T","E","M","M","M","M","R","B",null,"M","?","$","M","?","R","?","R","T","E","?","R","M","M","R","B",null,"M","M","?","?","M","E","R","T","T","M","M","R","M","$","R","B",null,"R","$","E","B"],"character_chosen":"IRONCLAD","items_purchased":["Anger","Omamori","Flame Barrier","Inflame","Pocketwatch","Evolve"],"campfire_rested":3,"item_purchase_floors":[4,20,20,48,48,53],"current_hp_per_floor":[80,80,64,64,64,64,68,45,45,33,51,57,63,69,69,48,80,80,64,64,50,34,34,34,58,58,62,62,62,65,62,80,56,90,90,90,90,90,90,67,67,67,74,79,81,81,72,72,97,66,97,97,97,63,0],"gold":55,"neow_bonus":"REMOVE_CARD","is_prod":false,"is_daily":false,"chose_seed":false,"campfire_upgraded":6,"win_rate":0,"timestamp":1553691100,"path_taken":["M","?","?","?","$","R","M","E","T","E","M","M","M","M","R","BOSS","M","?","$","?","?","R","?","R","T","E","?","R","M","M","R","BOSS","M","M","?","?","?","E","R","?","T","M","M","R","M","$","R","BOSS","R","$","E","BOSS"],"build_version":"2019-01-23","purchased_purges":3,"victory":false,"max_hp_per_floor":[80,80,80,80,80,80,80,80,80,80,80,80,80,80,80,80,80,80,80,80,80,80,80,80,80,80,80,80,80,80,80,80,80,90,90,90,90,90,90,90,90,90,97,97,97,97,97,97,97,97,97,97,97,97,97],"card_choices":[{"not_picked":["Entrench","Shrug It Off"],"picked":"Clothesline","floor":1},{"not_picked":["Clothesline","Cleave"],"picked":"Clash","floor":7},{"not_picked":["Sever Soul","Anger"],"picked":"Thunderclap","floor":8},{"not_picked":["Headbutt","Heavy Blade"],"picked":"Immolate","floor":10},{"not_picked":["Iron Wave","Anger"],"picked":"Uppercut","floor":11},{"not_picked":["Twin Strike","Iron Wave"],"picked":"Clash","floor":12},{"not_picked":["Corruption","Infernal Blade","Heavy Blade"],"picked":"SKIP","floor":13},{"not_picked":["Carnage","Sword Boomerang"],"picked":"Clash","floor":14},{"not_picked":["Shockwave","Twin Strike"],"picked":"Shrug It Off+1","floor":18},{"not_picked":["Clash+1","Perfected Strike"],"picked":"Rage+1","floor":21},{"not_picked":["Body Slam","Clothesline","Thunderclap"],"picked":"SKIP","floor":27},{"not_picked":["Flex+1","Pummel","Thunderclap+1"],"picked":"SKIP","floor":30},{"not_picked":["Hemokinesis","Shockwave"],"picked":"Armaments+1","floor":31},{"not_picked":["Exhume","Impervious"],"picked":"Limit Break","floor":33},{"not_picked":["Sword Boomerang","Whirlwind"],"picked":"Inflame+1","floor":35},{"not_picked":["Intimidate","Thunderclap+1"],"picked":"Anger","floor":36},{"not_picked":["Rupture+1","True Grit","Reckless Charge+1"],"picked":"SKIP","floor":39},{"not_picked":["Armaments+1","Hemokinesis"],"picked":"Fire Breathing+1","floor":40},{"not_picked":["Body Slam","Flex+1"],"picked":"Carnage+1","floor":44},{"not_picked":["Searing Blow+1","Hemokinesis+1","Iron Wave+1"],"picked":"SKIP","floor":45},{"not_picked":["Wild Strike+1","Berserk"],"picked":"Thunderclap","floor":47},{"not_picked":["Armaments","Cleave","Bloodletting"],"picked":"SKIP","floor":54}],"player_experience":535811,"relics_obtained":[{"floor":8,"key":"Bag of Preparation"},{"floor":10,"key":"Meat on the Bone"},{"floor":22,"key":"Necronomicon"},{"floor":26,"key":"Shuriken"},{"floor":27,"key":"Smiling Mask"},{"floor":40,"key":"Matryoshka"},{"floor":42,"key":"Whetstone"},{"floor":42,"key":"The Courier"},{"floor":43,"key":"Centennial Puzzle"},{"floor":43,"key":"Strawberry"},{"floor":54,"key":"Gremlin Horn"}],"event_choices":[{"cards_removed":["Strike_R"],"damage_healed":0,"gold_gain":0,"player_choice":"Card Removal","damage_taken":0,"max_hp_gain":0,"max_hp_loss":0,"event_name":"The Cleric","floor":2,"gold_loss":50},{"damage_healed":0,"gold_gain":0,"player_choice":"Entered Light","damage_taken":16,"max_hp_gain":0,"max_hp_loss":0,"event_name":"Shining Light","floor":3,"gold_loss":0,"cards_upgraded":["Defend_R","Defend_R"]},{"damage_healed":0,"gold_gain":90,"player_choice":"GOLD ","damage_taken":16,"max_hp_gain":0,"max_hp_loss":0,"event_name":"Knowing Skull","floor":19,"potions_obtained":[],"gold_loss":0,"cards_obtained":[]},{"damage_healed":0,"gold_gain":0,"player_choice":"Obtained Book","damage_taken":16,"max_hp_gain":0,"max_hp_loss":0,"event_name":"Cursed Tome","floor":22,"gold_loss":0},{"damage_healed":0,"gold_gain":0,"player_choice":"Opened","damage_taken":0,"relics_obtained":["Mummified Hand"],"max_hp_gain":0,"max_hp_loss":0,"event_name":"The Mausoleum","floor":24,"gold_loss":0,"cards_obtained":["Writhe"]},{"damage_healed":0,"gold_gain":0,"player_choice":"Obtained Relic","damage_taken":0,"relics_obtained":["Sundial"],"max_hp_gain":0,"max_hp_loss":0,"event_name":"Addict","floor":28,"gold_loss":85},{"cards_removed":["Thunderclap"],"damage_healed":0,"gold_gain":0,"player_choice":"Removed Attack","damage_taken":0,"max_hp_gain":0,"max_hp_loss":0,"event_name":"Falling","floor":37,"gold_loss":0},{"damage_healed":0,"gold_gain":0,"player_choice":"Full Heal","damage_taken":0,"max_hp_gain":0,"max_hp_loss":0,"event_name":"Wheel of Change","floor":38,"gold_loss":0}],"is_beta":false,"boss_relics":[{"not_picked":["Mark of Pain","Coffee Dripper"],"picked":"Lizard Tail"},{"not_picked":["Runic Pyramid","Pandora\u0027s Box"],"picked":"Tiny House"}],"items_purged_floors":[20,48,53],"is_endless":false,"potions_floor_spawned":[11,12,13,16,27,30,35,39,44,47],"killed_by":"The Heart","ascension_level":0}