{"gold_per_floor":[115,128,278,278,30,61,61,95,95,121,132,164,164,180,180,180],"floor_reached":16,"playtime":703,"items_purged":["Doubt"],"score":306,"play_id":"48d33f94-a79f-40d5-b4e7-efb06c222d5b","local_time":"20190328191013","is_ascension_mode":true,"campfire_choices":[{"data":"Bash","floor":7,"key":"SMITH"},{"floor":15,"key":"DIG"}],"neow_cost":"NONE","seed_source_timestamp":22896277603338,"circlet_count":0,"master_deck":["AscendersBane","Strike_R","Strike_R","Strike_R","Strike_R","Defend_R+1","Defend_R","Defend_R","Defend_R+1","Bash+1","Twin Strike","Exhume","Rampage","Feel No Pain","Pommel Strike","Spot Weakness","Reaper","Corruption"],"relics":["Burning Blood","NeowsBlessing","Happy Flower","Question Card","Dream Catcher","Potion Belt","Shovel","Charon\u0027s Ashes","Anchor"],"potions_floor_usage":[11,12],"damage_taken":[{"damage":0,"enemies":"Jaw Worm","floor":1,"turns":1},{"damage":0,"enemies":"Small Slimes","floor":2,"turns":1},{"damage":0,"enemies":"Gremlin Nob","floor":6,"turns":1},{"damage":19,"enemies":"Lagavulin","floor":8,"turns":7},{"damage":22,"enemies":"3 Sentries","floor":10,"turns":12},{"damage":0,"enemies":"2 Louse","floor":11,"turns":1},{"damage":32,"enemies":"Lagavulin","floor":12,"turns":8},{"damage":22,"enemies":"Lots of Slimes","floor":14,"turns":3},{"damage":27,"enemies":"Hexaghost","floor":16,"turns":7}],"seed_played":"3068000996441979957","potions_obtained":[{"floor":10,"key":"Explosive Potion"},{"floor":11,"key":"Regen Potion"},{"floor":12,"key":"Ancient Potion"}],"is_trial":false,"path_per_floor":["M","M","?","?","$","E","R","E","T","E","M","E","?","M","R","B"],"character_chosen":"IRONCLAD","items_purchased":["Happy Flower"],"campfire_rested":0,"item_purchase_floors":[5],"current_hp_per_floor":[74,75,75,52,52,58,58,45,45,29,35,24,24,19,19,0],"gold":180,"neow_bonus":"THREE_ENEMY_KILL","is_prod":false,"is_daily":false,"chose_seed":false,"campfire_upgraded":1,"win_rate":0,"timestamp":1553796613,"path_taken":["M","M","?","?","$","E","R","E","T","E","M","E","?","M","R","BOSS"],"build_version":"2019-01-23","purchased_purges":1,"victory":false,"max_hp_per_floor":[75,75,75,75,75,75,75,75,75,75,75,75,75,75,75,75],"card_choices":[{"not_picked":["Armaments","Sword Boomerang"],"picked":"Twin Strike","floor":1},{"not_picked":["Thunderclap","Metallicize"],"picked":"Exhume","floor":2},{"not_picked":["Twin Strike","Headbutt"],"picked":"Rampage","floor":6},{"not_picked":["Pommel Strike","Havoc","Iron Wave"],"picked":"Feel No Pain","floor":8},{"not_picked":["Infernal Blade","Clash","Rage"],"picked":"Pommel Strike","floor":10},{"not_picked":["Bloodletting","Wild Strike","Second Wind"],"picked":"Spot Weakness","floor":11},{"not_picked":["Searing Blow","Body Slam","Havoc"],"picked":"Reaper","floor":12},{"not_picked":["Spot Weakness","Bloodletting","Sword Boomerang"],"picked":"Corruption","floor":14}],"player_experience":1059321,"relics_obtained":[{"floor":6,"key":"Question Card"},{"floor":8,"key":"Dream Catcher"},{"floor":9,"key":"Potion Belt"},{"floor":10,"key":"Shovel"},{"floor":12,"key":"Charon\u0027s Ashes"},{"floor":15,"key":"Anchor"}],"event_choices":[{"damage_healed":0,"gold_gain":150,"player_choice":"AGREE","damage_taken":0,"max_hp_gain":0,"max_hp_loss":0,"event_name":"Liars Game","floor":3,"gold_loss":0,"cards_obtained":["Doubt"]},{"damage_healed":0,"gold_gain":0,"player_choice":"Entered Light","damage_taken":23,"max_hp_gain":0,"max_hp_loss":0,"event_name":"Shining Light","floor":4,"gold_loss":0,"cards_upgraded":["Defend_R","Defend_R"]},{"cards_removed":["Strike_R"],"damage_healed":0,"gold_gain":0,"player_choice":"Forget","damage_taken":0,"max_hp_gain":0,"max_hp_loss":0,"event_name":"Living Wall","floor":13,"gold_loss":0}],"is_beta":false,"boss_relics":[],"items_purged_floors":[5],"is_endless":false,"potions_floor_spawned":[10,11,12],"killed_by":"Hexaghost","ascension_level":20}