{"gold_per_floor":[116,62,76,151,161,187,187,212,242,242,242,255,267,295,295,371,371,387,397,397,409,4,4,38,38,38,73,73,73,107,117,117,117],"floor_reached":33,"playtime":1481,"items_purged":["Defend_R"],"score":746,"play_id":"ceda8390-8521-4fed-9b8d-ff4011e96ff7","local_time":"20190417152504","is_ascension_mode":true,"campfire_choices":[{"data":"Perfected Strike","floor":7,"key":"SMITH"},{"data":"Combust","floor":11,"key":"SMITH"},{"data":"Perfected Strike","floor":15,"key":"SMITH"},{"floor":23,"key":"REST"},{"data":"Uppercut","floor":29,"key":"SMITH"},{"floor":32,"key":"REST"}],"neow_cost":"NONE","seed_source_timestamp":13254764154581,"circlet_count":0,"master_deck":["AscendersBane","Strike_R","Strike_R","Strike_R","Strike_R","Strike_R","Defend_R","Defend_R","Defend_R","Bash","Combust+1","Perfected Strike+1","Power Through","Offering","Anger","Perfected Strike+1","Immolate","Uppercut+1","Ghostly Armor","Shrug It Off","Offering","Disarm"],"relics":["Burning Blood","Oddly Smooth Stone","Frozen Egg 2","Tiny Chest","Pear","Happy Flower","Philosopher\u0027s Stone","Orichalcum","Gremlin Horn","Pocketwatch","Smiling Mask","Self Forming Clay"],"potions_floor_usage":[6,6,8,16,24,24,31],"damage_taken":[{"damage":14,"enemies":"Jaw Worm","floor":1,"turns":4},{"damage":1,"enemies":"Cultist","floor":3,"turns":3},{"damage":4,"enemies":"Small Slimes","floor":5,"turns":5},{"damage":14,"enemies":"Gremlin Nob","floor":6,"turns":3},{"damage":10,"enemies":"Lagavulin","floor":8,"turns":4},{"damage":6,"enemies":"Red Slaver","floor":12,"turns":2},{"damage":2,"enemies":"Lots of Slimes","floor":13,"turns":2},{"damage":24,"enemies":"3 Sentries","floor":14,"turns":7},{"damage":17,"enemies":"Slime Boss","floor":16,"turns":7},{"damage":2,"enemies":"3 Byrds","floor":18,"turns":2},{"damage":32,"enemies":"Spheric Guardian","floor":19,"turns":4},{"damage":27,"enemies":"Snake Plant","floor":21,"turns":3},{"damage":26,"enemies":"Book of Stabbing","floor":24,"turns":4},{"damage":6,"enemies":"Slavers","floor":27,"turns":4},{"damage":12,"enemies":"Gremlin Leader","floor":30,"turns":4},{"damage":9,"enemies":"Chosen and Byrds","floor":31,"turns":5},{"damage":66,"enemies":"Champ","floor":33,"turns":9}],"seed_played":"741811513546708373","potions_obtained":[{"floor":3,"key":"Swift Potion"},{"floor":5,"key":"PowerPotion"},{"floor":6,"key":"Fire Potion"},{"floor":8,"key":"Swift Potion"},{"floor":16,"key":"LiquidBronze"},{"floor":19,"key":"LiquidBronze"},{"floor":24,"key":"Energy Potion"}],"is_trial":false,"path_per_floor":["M","$","M","?","M","E","R","E","T","T","R","M","M","E","R","B",null,"M","M","T","M","$","R","E","$","T","E","?","R","E","M","R","B"],"character_chosen":"IRONCLAD","items_purchased":["Strength Potion","Gremlin Horn","Shrug It Off"],"campfire_rested":2,"item_purchase_floors":[2,22,22],"current_hp_per_floor":[60,60,65,54,56,48,48,44,44,54,54,54,58,40,40,29,71,75,49,49,28,28,53,33,33,33,33,33,33,27,24,49,0],"gold":117,"neow_bonus":"THREE_CARDS","is_prod":false,"is_daily":false,"chose_seed":false,"campfire_upgraded":4,"win_rate":0,"timestamp":1555507504,"path_taken":["M","$","M","?","M","E","R","E","T","?","R","M","M","E","R","BOSS","M","?","?","M","$","R","E","?","T","E","?","R","E","M","R","BOSS"],"build_version":"2019-01-23","purchased_purges":1,"victory":false,"max_hp_per_floor":[75,75,75,75,75,75,75,75,75,85,85,85,85,85,85,85,85,85,85,85,85,85,85,85,85,85,85,85,85,85,85,85,85],"card_choices":[{"not_picked":["Wild Strike","Headbutt"],"picked":"Combust","floor":0},{"not_picked":["Burning Pact","Thunderclap"],"picked":"Perfected Strike","floor":1},{"not_picked":["Second Wind","Havoc"],"picked":"Power Through","floor":3},{"not_picked":["Warcry","Bloodletting"],"picked":"Offering","floor":5},{"not_picked":["Entrench","Headbutt"],"picked":"Anger","floor":6},{"not_picked":["Seeing Red","Wild Strike","Havoc"],"picked":"SKIP","floor":8},{"not_picked":["Body Slam","Clash"],"picked":"Perfected Strike","floor":12},{"not_picked":["Havoc","Headbutt","Body Slam"],"picked":"SKIP","floor":13},{"not_picked":["Sentinel","Iron Wave","Seeing Red"],"picked":"SKIP","floor":14},{"not_picked":["Offering","Barricade+1"],"picked":"Immolate","floor":16},{"not_picked":["Sword Boomerang","Dropkick"],"picked":"Uppercut","floor":18},{"not_picked":["Twin Strike","Clash","Sword Boomerang"],"picked":"SKIP","floor":19},{"not_picked":["Headbutt","Heavy Blade"],"picked":"Ghostly Armor","floor":21},{"not_picked":["Clash","Anger","Seeing Red+1"],"picked":"SKIP","floor":24},{"not_picked":["Headbutt","Clothesline","Cleave"],"picked":"SKIP","floor":27},{"not_picked":["Carnage","Heavy Blade"],"picked":"Disarm","floor":30},{"not_picked":["Berserk+1","True Grit","Twin Strike"],"picked":"SKIP","floor":31}],"player_experience":1147472,"relics_obtained":[{"floor":6,"key":"Oddly Smooth Stone"},{"floor":8,"key":"Frozen Egg 2"},{"floor":9,"key":"Tiny Chest"},{"floor":10,"key":"Pear"},{"floor":14,"key":"Happy Flower"},{"floor":20,"key":"Orichalcum"},{"floor":24,"key":"Pocketwatch"},{"floor":27,"key":"Smiling Mask"},{"floor":30,"key":"Self Forming Clay"}],"event_choices":[{"damage_healed":0,"gold_gain":75,"player_choice":"Gather Gold","damage_taken":11,"max_hp_gain":0,"max_hp_loss":0,"event_name":"World of Goop","floor":4,"gold_loss":0},{"damage_healed":0,"gold_gain":0,"player_choice":"Copied","damage_taken":0,"max_hp_gain":0,"max_hp_loss":0,"event_name":"Duplicator","floor":28,"gold_loss":0,"cards_obtained":["Offering"]}],"is_beta":false,"boss_relics":[{"not_picked":["White Beast Statue","Runic Cube"],"picked":"Philosopher\u0027s Stone"}],"items_purged_floors":[22],"is_endless":false,"potions_floor_spawned":[3,5,6,8,16,19,21,24],"killed_by":"Champ","ascension_level":20}