{"gold_per_floor":[10,23,198,215,215,215,16,41,41,72,72,72],"floor_reached":12,"playtime":802,"items_purged":["Doubt"],"score":138,"play_id":"78319265-5a30-4c84-baf9-4124c07615ae","local_time":"20190613213827","is_ascension_mode":true,"campfire_choices":[{"data":"Hologram","floor":6,"key":"SMITH"},{"floor":11,"key":"REST"}],"neow_cost":"NO_GOLD","seed_source_timestamp":882655028979912,"circlet_count":0,"master_deck":["AscendersBane","Strike_B+1","Strike_B","Strike_B","Defend_B","Defend_B","Defend_B+1","Zap","Dualcast","Turbo","Rip and Tear","Hologram+1","Scrape","Gash","Glacier","Compile Driver","Rip and Tear"],"relics":["Cracked Core","Bottled Lightning","Singing Bowl","Girya"],"potions_floor_usage":[12],"damage_taken":[{"damage":0,"enemies":"Cultist","floor":1,"turns":3},{"damage":4,"enemies":"Small Slimes","floor":2,"turns":3},{"damage":0,"enemies":"Jaw Worm","floor":4,"turns":3},{"damage":17,"enemies":"Lagavulin","floor":8,"turns":7},{"damage":26,"enemies":"3 Sentries","floor":10,"turns":9},{"damage":31,"enemies":"Gremlin Nob","floor":12,"turns":4}],"seed_played":"2373433403905882817","potions_obtained":[{"floor":1,"key":"SpeedPotion"}],"is_trial":false,"path_per_floor":["M","M","?","M","?","R","$","E","T","E","R","E"],"character_chosen":"DEFECT","items_purchased":["Glacier","Compile Driver"],"campfire_rested":1,"item_purchase_floors":[7,7],"current_hp_per_floor":[68,64,64,64,49,49,49,32,32,8,31,0],"gold":72,"neow_bonus":"TRANSFORM_TWO_CARDS","is_prod":false,"is_daily":false,"chose_seed":false,"campfire_upgraded":1,"win_rate":0,"timestamp":1560451107,"path_taken":["M","?","?","M","?","R","$","E","T","E","R","E"],"build_version":"2019-06-12","purchased_purges":1,"victory":false,"max_hp_per_floor":[75,75,75,75,75,75,75,75,75,77,77,77],"card_choices":[{"not_picked":["Aggregate","Compile Driver"],"picked":"Hologram","floor":1},{"not_picked":["Melter","Self Repair"],"picked":"Scrape","floor":2},{"not_picked":["Redo","Compile Driver"],"picked":"Gash","floor":4},{"not_picked":["Redo","Beam Cell"],"picked":"Rip and Tear","floor":8},{"not_picked":["Barrage","Thunder Strike","Chill"],"picked":"Singing Bowl","floor":10}],"player_experience":805511,"relics_obtained":[{"floor":8,"key":"Bottled Lightning"},{"floor":9,"key":"Singing Bowl"},{"floor":10,"key":"Girya"}],"event_choices":[{"damage_healed":0,"gold_gain":175,"player_choice":"AGREE","damage_taken":0,"max_hp_gain":0,"max_hp_loss":0,"event_name":"Liars Game","floor":3,"gold_loss":0,"cards_obtained":["Doubt"]},{"damage_healed":0,"gold_gain":0,"player_choice":"Entered Light","damage_taken":15,"max_hp_gain":0,"max_hp_loss":0,"event_name":"Shining Light","floor":5,"gold_loss":0,"cards_upgraded":["Defend_B","Strike_B"]}],"is_beta":true,"boss_relics":[],"items_purged_floors":[7],"is_endless":false,"potions_floor_spawned":[1],"killed_by":"Gremlin Nob","ascension_level":12}