{"gold_per_floor":[216,216,216,16,16,16,59,34,34,50,1,37,53,97,97,218,218,232,232,120,135,156,156,156,156,203,217,217,13,48,64,64,195,195,218,551,569,303,317,317,317,392,392,392,419,472,472,472,472,472],"floor_reached":50,"playtime":2962,"items_purged":["Pain","Injury","Doubt"],"score":552,"play_id":"e950ae54-bc09-45b8-b11e-c945836bec3f","local_time":"20190402134918","is_ascension_mode":false,"campfire_choices":[{"floor":6,"key":"REST"},{"floor":15,"key":"REST"},{"floor":23,"key":"RECALL"},{"data":"Dash","floor":28,"key":"SMITH"},{"floor":32,"key":"REST"},{"floor":40,"key":"REST"},{"floor":44,"key":"REST"},{"floor":49,"key":"REST"}],"neow_cost":"NONE","seed_source_timestamp":788673418082069,"circlet_count":0,"master_deck":["Defend_G+1","Defend_G+1","Defend_G+1","Defend_G+1","Strike_G+1","Strike_G+1","Strike_G+1","Strike_G+1","Strike_G+1","Survivor","Neutralize+1","Deadly Poison","Dagger Spray","Deadly Poison","Crippling Poison","Dagger Spray","Dash+1","Well Laid Plans","Terror","Adrenaline","Prepared+1","Backstab","Infinite Blades","Escape Plan","Envenom","Footwork+1","Deflect+1","Noxious Fumes","Madness","Madness","Underhanded Strike+1","Bane+1","Bullet Time"],"relics":["Ring of the Snake","TwistedFunnel","Bag of Marbles","Paper Crane","Darkstone Periapt","Ancient Tea Set","Calling Bell","Smiling Mask","The Courier","Ginger","Mummified Hand","Juzu Bracelet","PreservedInsect","WristBlade","Frozen Eye","Tough Bandages","Happy Flower","Shovel"],"potions_floor_usage":[12,18,27,30,45,45,46,50],"damage_taken":[{"damage":4,"enemies":"Jaw Worm","floor":1,"turns":6},{"damage":12,"enemies":"Lagavulin","floor":7,"turns":7},{"damage":0,"enemies":"Small Slimes","floor":10,"turns":2},{"damage":6,"enemies":"3 Sentries","floor":12,"turns":5},{"damage":0,"enemies":"2 Louse","floor":13,"turns":1},{"damage":5,"enemies":"Lagavulin","floor":14,"turns":5},{"damage":8,"enemies":"The Guardian","floor":16,"turns":9},{"damage":4,"enemies":"3 Byrds","floor":18,"turns":4},{"damage":0,"enemies":"Shell Parasite","floor":21,"turns":4},{"damage":20,"enemies":"Shelled Parasite and Fungi","floor":22,"turns":4},{"damage":1,"enemies":"Centurion and Healer","floor":27,"turns":4},{"damage":1,"enemies":"Slavers","floor":30,"turns":3},{"damage":11,"enemies":"Snake Plant","floor":31,"turns":4},{"damage":51,"enemies":"Automaton","floor":33,"turns":13},{"damage":27,"enemies":"3 Darklings","floor":35,"turns":6},{"damage":0,"enemies":"3 Shapes","floor":37,"turns":4},{"damage":10,"enemies":"Spire Growth","floor":39,"turns":4},{"damage":6,"enemies":"Reptomancer","floor":45,"turns":6},{"damage":32,"enemies":"2 Orb Walkers","floor":46,"turns":5},{"damage":72,"enemies":"Time Eater","floor":50,"turns":11}],"seed_played":"-1454463278485820899","potions_obtained":[{"floor":7,"key":"SkillPotion"},{"floor":12,"key":"Fire Potion"},{"floor":16,"key":"Explosive Potion"},{"floor":21,"key":"AttackPotion"},{"floor":33,"key":"Weak Potion"},{"floor":37,"key":"Dexterity Potion"},{"floor":45,"key":"Strength Potion"},{"floor":46,"key":"GhostInAJar"}],"is_trial":false,"path_per_floor":["M","?","?","$","?","R","E","$","T","M","$","E","M","E","R","B",null,"M","?","$","M","M","R","?","?","T","M","R","$","E","M","R","B",null,"M","?","M","$","M","R","?","?","T","R","E","?","?","?","R","B"],"character_chosen":"THE_SILENT","items_purchased":["TwistedFunnel","Deadly Poison","Dagger Spray","Backstab","Juzu Bracelet","Infinite Blades","Noxious Fumes","Frozen Eye"],"campfire_rested":6,"item_purchase_floors":[4,8,11,20,29,29,38,38],"current_hp_per_floor":[66,52,45,45,28,49,37,37,37,37,37,31,31,26,47,39,88,84,84,84,84,64,64,64,64,64,63,63,63,62,51,77,26,88,61,61,61,61,51,77,66,58,58,84,78,46,46,46,72,0],"gold":472,"neow_bonus":"HUNDRED_GOLD","is_prod":false,"is_daily":false,"chose_seed":false,"campfire_upgraded":1,"win_rate":0,"timestamp":1554223758,"path_taken":["M","?","?","$","?","R","E","$","T","M","$","E","M","E","R","BOSS","M","?","$","M","M","R","?","?","T","M","R","$","E","M","R","BOSS","M","?","M","$","M","R","?","?","T","R","E","?","?","?","R","BOSS"],"build_version":"2019-01-23","purchased_purges":3,"victory":false,"max_hp_per_floor":[70,70,70,70,70,70,70,70,70,70,70,70,70,70,70,70,88,88,88,88,88,88,88,88,88,88,88,88,88,88,88,88,88,88,88,88,88,88,88,88,88,88,88,88,88,88,88,88,88,88],"card_choices":[{"not_picked":["Slice","Deflect"],"picked":"Deadly Poison","floor":1},{"not_picked":["Deflect","Backflip"],"picked":"Dagger Spray","floor":7},{"not_picked":["Slice","Escape Plan"],"picked":"Crippling Poison","floor":10},{"not_picked":["Sucker Punch","Bane"],"picked":"Dash","floor":12},{"not_picked":["Dash","Accuracy"],"picked":"Well Laid Plans","floor":13},{"not_picked":["Quick Slash","Infinite Blades"],"picked":"Terror","floor":14},{"not_picked":["Grand Finale","Tools of the Trade"],"picked":"Adrenaline","floor":16},{"not_picked":["Underhanded Strike","Bane"],"picked":"Prepared+1","floor":18},{"not_picked":["Malaise","Slice","Cloak And Dagger"],"picked":"SKIP","floor":21},{"not_picked":["Acrobatics","Dodge and Roll","Outmaneuver"],"picked":"SKIP","floor":22},{"not_picked":["Quick Slash","Bane","Deadly Poison"],"picked":"SKIP","floor":27},{"not_picked":["Endless Agony","Glass Knife"],"picked":"Escape Plan","floor":30},{"not_picked":["Dodge and Roll","PiercingWail","All Out Attack"],"picked":"SKIP","floor":31},{"not_picked":["After Image","Night Terror"],"picked":"Envenom","floor":33},{"not_picked":["Flying Knee+1","Sucker Punch"],"picked":"Footwork+1","floor":35},{"not_picked":["Underhanded Strike","Poisoned Stab+1"],"picked":"Deflect+1","floor":37},{"not_picked":["Dodge and Roll+1","Dash","Sucker Punch+1"],"picked":"SKIP","floor":39},{"not_picked":["Sucker Punch+1","Quick Slash+1"],"picked":"Underhanded Strike+1","floor":45},{"not_picked":["Cloak And Dagger","Riddle With Holes"],"picked":"Bane+1","floor":46}],"player_experience":581921,"relics_obtained":[{"floor":7,"key":"Bag of Marbles"},{"floor":9,"key":"Paper Crane"},{"floor":12,"key":"Darkstone Periapt"},{"floor":14,"key":"Ancient Tea Set"},{"floor":17,"key":"Smiling Mask"},{"floor":17,"key":"The Courier"},{"floor":17,"key":"Ginger"},{"floor":30,"key":"PreservedInsect"},{"floor":43,"key":"Tough Bandages"},{"floor":45,"key":"Happy Flower"},{"floor":46,"key":"Shovel"}],"event_choices":[{"damage_healed":0,"gold_gain":0,"player_choice":"Entered Light","damage_taken":14,"max_hp_gain":0,"max_hp_loss":0,"event_name":"Shining Light","floor":2,"gold_loss":0,"cards_upgraded":["Defend_G","Neutralize"]},{"cards_removed":["Defend_G"],"damage_healed":0,"gold_gain":0,"player_choice":"Card Removal","damage_taken":7,"max_hp_gain":0,"max_hp_loss":0,"event_name":"Golden Wing","floor":3,"gold_loss":0},{"damage_healed":0,"gold_gain":0,"player_choice":"Take Damage","damage_taken":17,"relics_obtained":["Golden Idol"],"max_hp_gain":0,"max_hp_loss":0,"event_name":"Golden Idol","floor":5,"gold_loss":0},{"damage_healed":0,"gold_gain":0,"player_choice":"Simplicity","damage_taken":0,"max_hp_gain":0,"max_hp_loss":0,"event_name":"Back to Basics","floor":19,"gold_loss":0,"cards_upgraded":["Defend_G","Defend_G","Defend_G","Strike_G","Strike_G","Strike_G","Strike_G","Strike_G"]},{"damage_healed":0,"gold_gain":0,"player_choice":"Opened","damage_taken":0,"relics_obtained":["Mummified Hand"],"max_hp_gain":0,"max_hp_loss":0,"event_name":"The Mausoleum","floor":24,"gold_loss":0},{"damage_healed":0,"gold_gain":0,"player_choice":"Ignored","damage_taken":0,"max_hp_gain":0,"max_hp_loss":0,"event_name":"Vampires","floor":25,"gold_loss":0},{"damage_healed":0,"gold_gain":333,"player_choice":"Gave Idol","damage_taken":0,"max_hp_gain":0,"max_hp_loss":0,"event_name":"The Moai Head","floor":36,"relics_lost":["Golden Idol"],"gold_loss":0},{"damage_healed":0,"gold_gain":0,"player_choice":"Embrace Madness","damage_taken":11,"max_hp_gain":0,"max_hp_loss":0,"event_name":"Winding Halls","floor":41,"gold_loss":0,"cards_obtained":["Madness","Madness"]},{"damage_healed":0,"gold_gain":75,"player_choice":"Touch","damage_taken":8,"max_hp_gain":0,"max_hp_loss":0,"event_name":"FaceTrader","floor":42,"gold_loss":0},{"damage_healed":0,"gold_gain":0,"player_choice":"Fight","damage_taken":0,"max_hp_gain":0,"max_hp_loss":0,"event_name":"Mysterious Sphere","floor":46,"gold_loss":0},{"damage_healed":0,"gold_gain":0,"player_choice":"Ignored","damage_taken":0,"max_hp_gain":0,"max_hp_loss":0,"event_name":"Tomb of Lord Red Mask","floor":47,"gold_loss":0},{"damage_healed":0,"gold_gain":0,"player_choice":"1 cards matched","damage_taken":0,"max_hp_gain":0,"max_hp_loss":0,"event_name":"Match and Keep!","floor":48,"gold_loss":0,"cards_obtained":["Bullet Time"]}],"is_beta":false,"boss_relics":[{"not_picked":["Eternal Feather","Philosopher\u0027s Stone"],"picked":"Calling Bell"},{"not_picked":["Fusion Hammer","Busted Crown"],"picked":"WristBlade"}],"items_purged_floors":[20,29,38],"is_endless":false,"potions_floor_spawned":[7,12,16,21,33,37,45,46],"killed_by":"Time Eater","ascension_level":0}