{"gold_per_floor":[216,229,246,246,259,292,25,25,25,25],"floor_reached":10,"playtime":409,"items_purged":[],"score":136,"play_id":"fffb8678-6ee1-404e-996f-e642ec8b4911","local_time":"20181216203906","is_ascension_mode":true,"campfire_choices":[{"floor":8,"key":"REST"}],"neow_cost":"NONE","seed_source_timestamp":32212023482376,"circlet_count":0,"master_deck":["AscendersBane","Strike_B","Strike_B","Strike_B","Strike_B","Defend_B","Defend_B","Defend_B","Defend_B","Zap","Dualcast","Streamline","Go for the Eyes","Conserve Battery","Undo","Compile Driver"],"relics":["Cracked Core","MawBank","Pear","Toxic Egg 2"],"potions_floor_usage":[10],"damage_taken":[{"damage":0,"enemies":"2 Louse","floor":1,"turns":2},{"damage":0,"enemies":"Cultist","floor":2,"turns":3},{"damage":7,"enemies":"Jaw Worm","floor":3,"turns":3},{"damage":7,"enemies":"Large Slime","floor":5,"turns":5},{"damage":43,"enemies":"3 Sentries","floor":6,"turns":9},{"damage":46,"enemies":"Gremlin Nob","floor":10,"turns":4}],"seed_played":"-4156481278307297711","potions_obtained":[{"floor":3,"key":"Ancient Potion"},{"floor":4,"key":"Strength Potion"},{"floor":4,"key":"LiquidBronze"}],"is_trial":false,"path_per_floor":["M","M","M","?","M","E","$","R","T","E"],"character_chosen":"DEFECT","items_purchased":["Pear"],"campfire_rested":1,"item_purchase_floors":[7],"current_hp_per_floor":[64,64,57,57,50,7,17,41,41,0],"gold":25,"neow_bonus":"HUNDRED_GOLD","is_prod":false,"is_daily":false,"chose_seed":false,"campfire_upgraded":0,"win_rate":0,"timestamp":1544989146,"path_taken":["M","M","M","?","?","E","$","R","T","E"],"build_version":"2018-12-13","purchased_purges":0,"victory":false,"max_hp_per_floor":[71,71,71,71,71,71,81,81,81,81],"card_choices":[{"not_picked":["Rebound","Compile Driver"],"picked":"Streamline","floor":1},{"not_picked":["Barrage","Capacitor"],"picked":"Go for the Eyes","floor":2},{"not_picked":["Undo","Creative AI"],"picked":"Conserve Battery","floor":3},{"not_picked":["Redo","Turbo"],"picked":"Undo","floor":5},{"not_picked":["Go for the Eyes","Gash"],"picked":"Compile Driver","floor":6}],"player_experience":655186,"relics_obtained":[{"floor":6,"key":"MawBank"},{"floor":9,"key":"Toxic Egg 2"}],"event_choices":[{"damage_healed":0,"gold_gain":0,"player_choice":"Got Potions","damage_taken":0,"max_hp_gain":0,"max_hp_loss":0,"event_name":"Lab","floor":4,"gold_loss":0}],"is_beta":false,"boss_relics":[],"items_purged_floors":[],"is_endless":false,"potions_floor_spawned":[3,6],"killed_by":"Gremlin Nob","ascension_level":20}