{"gold_per_floor":[115,115,128,17,17,44,44,78,104,104,104,27,27,59,59,131,131,142,155,155,167,92,127,127,142,166,196,196,223,223,239,239,239],"floor_reached":33,"playtime":1503,"items_purged":[],"score":738,"play_id":"d065c7d5-1b5b-40fc-9e70-30e7cc94a98c","local_time":"20181125012800","is_ascension_mode":true,"campfire_choices":[{"floor":7,"key":"REST"},{"floor":11,"key":"REST"},{"floor":13,"key":"REST"},{"data":"Caltrops","floor":15,"key":"SMITH"},{"floor":24,"key":"REST"},{"floor":28,"key":"REST"},{"floor":30,"key":"RECALL"},{"floor":32,"key":"REST"}],"neow_cost":"NONE","seed_source_timestamp":47597657888025,"circlet_count":0,"master_deck":["AscendersBane","Defend_G","Defend_G","Defend_G","Defend_G","Defend_G","Strike_G","Strike_G","Strike_G","Strike_G","Survivor","Neutralize","Finisher+1","Masterful Stab","Sucker Punch","Caltrops+1","Noxious Fumes","Infinite Blades","Adrenaline","PiercingWail","Dash","Dodge and Roll","Glass Knife","All Out Attack","Dodge and Roll","Catalyst"],"relics":["Ring of the Snake","Bag of Marbles","Torii","Happy Flower","PreservedInsect","Fusion Hammer","Ninja Scroll","Frozen Egg 2","Regal Pillow"],"potions_floor_usage":[16,18,21,23,33],"damage_taken":[{"damage":1,"enemies":"2 Louse","floor":1,"turns":3},{"damage":1,"enemies":"Small Slimes","floor":3,"turns":4},{"damage":41,"enemies":"3 Sentries","floor":6,"turns":13},{"damage":36,"enemies":"Lagavulin","floor":8,"turns":6},{"damage":19,"enemies":"3 Sentries","floor":14,"turns":7},{"damage":38,"enemies":"Hexaghost","floor":16,"turns":11},{"damage":1,"enemies":"Shell Parasite","floor":18,"turns":4},{"damage":9,"enemies":"Spheric Guardian","floor":19,"turns":5},{"damage":29,"enemies":"3 Cultists","floor":21,"turns":6},{"damage":25,"enemies":"Gremlin Leader","floor":23,"turns":6},{"damage":2,"enemies":"Snake Plant","floor":25,"turns":5},{"damage":0,"enemies":"Slavers","floor":27,"turns":1},{"damage":0,"enemies":"Gremlin Leader","floor":29,"turns":3},{"damage":0,"enemies":"Sentry and Sphere","floor":31,"turns":3},{"damage":77,"enemies":"Automaton","floor":33,"turns":6}],"seed_played":"-7292971616623349563","potions_obtained":[{"floor":6,"key":"PowerPotion"},{"floor":8,"key":"LiquidBronze"},{"floor":16,"key":"Block Potion"},{"floor":19,"key":"Regen Potion"},{"floor":21,"key":"Weak Potion"},{"floor":29,"key":"Ancient Potion"}],"is_trial":false,"path_per_floor":["M","?","M","$","?","E","R","E","T","$","R","$","R","E","R","B",null,"M","M","?","M","?","E","R","M","T","E","R","E","R","M","R","B"],"character_chosen":"THE_SILENT","items_purchased":["Masterful Stab","Sucker Punch","Noxious Fumes"],"campfire_rested":6,"item_purchase_floors":[4,4,12],"current_hp_per_floor":[64,69,68,68,68,27,50,14,14,14,37,37,60,41,41,3,59,58,49,49,35,35,10,33,31,31,31,54,54,54,54,77,0],"gold":239,"neow_bonus":"TEN_PERCENT_HP_BONUS","is_prod":false,"is_daily":false,"chose_seed":false,"campfire_upgraded":1,"win_rate":0,"timestamp":1543105680,"path_taken":["M","?","M","$","?","E","R","E","T","$","R","$","R","E","R","BOSS","M","M","?","M","?","E","R","M","T","E","R","E","R","M","R","BOSS"],"build_version":"2018-11-15","purchased_purges":0,"victory":false,"max_hp_per_floor":[72,77,77,77,77,77,77,77,77,77,77,77,77,77,77,77,77,77,77,77,77,77,77,77,77,77,77,77,77,77,77,77,77],"card_choices":[{"not_picked":["Prepared","PiercingWail","Flechettes"],"picked":"SKIP","floor":1},{"not_picked":["Deflect","Choke"],"picked":"Finisher","floor":3},{"not_picked":["Sucker Punch","Footwork"],"picked":"Caltrops","floor":6},{"not_picked":["Sucker Punch","Expertise","Flechettes"],"picked":"SKIP","floor":8},{"not_picked":["Acrobatics","Unload"],"picked":"Infinite Blades","floor":14},{"not_picked":["Bullet Time","Grand Finale"],"picked":"Adrenaline","floor":16},{"not_picked":["Underhanded Strike","Noxious Fumes"],"picked":"PiercingWail","floor":18},{"not_picked":["Cloak And Dagger","Quick Slash"],"picked":"Dash","floor":19},{"not_picked":["Expertise","Acrobatics"],"picked":"Dodge and Roll","floor":21},{"not_picked":["Backstab","Escape Plan"],"picked":"Glass Knife","floor":23},{"not_picked":["All Out Attack","Flying Knee","Sucker Punch"],"picked":"SKIP","floor":25},{"not_picked":["Flying Knee","Sucker Punch"],"picked":"All Out Attack","floor":25},{"not_picked":["Infinite Blades","Endless Agony","Cloak And Dagger"],"picked":"SKIP","floor":27},{"not_picked":["Glass Knife","Predator"],"picked":"Dodge and Roll","floor":29},{"not_picked":["Bane","Prepared"],"picked":"Catalyst","floor":31}],"player_experience":615754,"relics_obtained":[{"floor":6,"key":"Bag of Marbles"},{"floor":8,"key":"Torii"},{"floor":9,"key":"Happy Flower"},{"floor":14,"key":"PreservedInsect"},{"floor":23,"key":"Ninja Scroll"},{"floor":27,"key":"Frozen Egg 2"},{"floor":29,"key":"Regal Pillow"}],"event_choices":[{"damage_healed":0,"gold_gain":0,"player_choice":"Donut","damage_taken":0,"max_hp_gain":5,"max_hp_loss":0,"event_name":"Big Fish","floor":2,"gold_loss":0},{"damage_healed":0,"gold_gain":0,"player_choice":"Grow","damage_taken":0,"max_hp_gain":0,"max_hp_loss":0,"event_name":"Living Wall","floor":5,"gold_loss":0,"cards_upgraded":["Finisher"]},{"damage_healed":0,"gold_gain":0,"player_choice":"Ignored","damage_taken":0,"max_hp_gain":0,"max_hp_loss":0,"event_name":"The Mausoleum","floor":20,"gold_loss":0},{"cards_removed":["Strike_G"],"damage_healed":0,"gold_gain":0,"player_choice":"Gave Gold","damage_taken":0,"max_hp_gain":0,"max_hp_loss":0,"event_name":"Beggar","floor":22,"gold_loss":75}],"is_beta":false,"boss_relics":[{"not_picked":["Astrolabe","Runic Dome"],"picked":"Fusion Hammer"}],"items_purged_floors":[],"is_endless":false,"potions_floor_spawned":[6,8,16,19,21,29],"killed_by":"Automaton","ascension_level":20}