{"gold_per_floor":[16,34,34,84,94,94,120,120,147,147,222,242,260,283,283,360,360,378,390,315,332,247,280,280,280],"floor_reached":25,"playtime":1156,"items_purged":[],"score":442,"play_id":"b88ba3fa-3121-4a88-85b0-6fe6fa097f97","local_time":"20190614161417","is_ascension_mode":true,"campfire_choices":[{"data":"Deadly Poison","floor":6,"key":"SMITH"},{"data":"Malaise","floor":8,"key":"SMITH"},{"floor":10,"key":"REST"},{"floor":15,"key":"REST"},{"data":"Wraith Form v2","floor":24,"key":"SMITH"}],"neow_cost":"NO_GOLD","seed_source_timestamp":14403811686954,"circlet_count":0,"master_deck":["AscendersBane","Defend_G","Defend_G","Defend_G","Defend_G","Defend_G","Strike_G","Survivor","Neutralize","Infinite Blades","Deadly Poison+1","Malaise+1","PiercingWail","Deadly Poison","Wraith Form v2+1","Backflip"],"relics":["Ring of the Snake","Orichalcum","Art of War","Odd Mushroom","Snecko Eye","Vajra","Omamori"],"potions_floor_usage":[7,14,18],"damage_taken":[{"damage":0,"enemies":"2 Louse","floor":1,"turns":4},{"damage":10,"enemies":"Cultist","floor":2,"turns":6},{"damage":0,"enemies":"Small Slimes","floor":5,"turns":5},{"damage":37,"enemies":"Gremlin Nob","floor":7,"turns":5},{"damage":0,"enemies":"Looter","floor":12,"turns":4},{"damage":7,"enemies":"3 Louse","floor":13,"turns":6},{"damage":0,"enemies":"The Mushroom Lair","floor":14,"turns":4},{"damage":18,"enemies":"The Guardian","floor":16,"turns":13},{"damage":9,"enemies":"Chosen","floor":18,"turns":9},{"damage":2,"enemies":"Spheric Guardian","floor":19,"turns":3},{"damage":4,"enemies":"Snecko","floor":21,"turns":8},{"damage":9,"enemies":"Book of Stabbing","floor":23,"turns":7},{"damage":35,"enemies":"Slavers","floor":25,"turns":6}],"seed_played":"-8492960343178949341","potions_obtained":[{"floor":1,"key":"Block Potion"},{"floor":5,"key":"SpeedPotion"},{"floor":13,"key":"SkillPotion"},{"floor":18,"key":"Ancient Potion"}],"is_trial":false,"path_per_floor":["M","M","?","?","M","R","E","R","T","R","?","M","M","?","R","B",null,"M","M","?","M","?","E","R","E"],"character_chosen":"THE_SILENT","items_purchased":[],"campfire_rested":2,"item_purchase_floors":[],"current_hp_per_floor":[59,49,42,42,42,42,5,5,5,24,13,13,6,6,25,7,51,42,40,40,36,36,27,27,0],"gold":280,"neow_bonus":"REMOVE_TWO","is_prod":false,"is_daily":false,"chose_seed":false,"campfire_upgraded":3,"win_rate":0,"timestamp":1560521657,"path_taken":["M","M","?","?","?","R","E","R","T","R","?","M","M","?","R","BOSS","M","M","?","M","?","E","R","E"],"build_version":"2019-01-23","purchased_purges":0,"victory":false,"max_hp_per_floor":[66,66,66,66,66,66,66,66,66,66,66,66,66,66,66,66,66,66,66,66,66,66,66,66,66],"card_choices":[{"not_picked":["Calculated Gamble","Reflex"],"picked":"Infinite Blades","floor":1},{"not_picked":["Dagger Spray","Setup"],"picked":"Deadly Poison","floor":2},{"not_picked":["Prepared","Outmaneuver","Dodge and Roll"],"picked":"SKIP","floor":5},{"not_picked":["Flying Knee","Escape Plan"],"picked":"Malaise","floor":7},{"not_picked":["Quick Slash","Accuracy"],"picked":"PiercingWail","floor":12},{"not_picked":["Dagger Spray","Reflex","Acrobatics"],"picked":"SKIP","floor":13},{"not_picked":["Flying Knee","Caltrops"],"picked":"Deadly Poison","floor":14},{"not_picked":["Bullet Time","Corpse Explosion"],"picked":"Wraith Form v2","floor":16},{"not_picked":["Outmaneuver","Finisher","Choke"],"picked":"SKIP","floor":18},{"not_picked":["Dagger Throw","Deadly Poison","Accuracy"],"picked":"SKIP","floor":19},{"not_picked":["Dagger Throw","Terror"],"picked":"Backflip","floor":21},{"not_picked":["Flying Knee","Prepared+1","Caltrops"],"picked":"SKIP","floor":23},{"not_picked":["Flying Knee","Prepared+1","Caltrops"],"picked":"SKIP","floor":23}],"player_experience":1355535,"relics_obtained":[{"floor":7,"key":"Orichalcum"},{"floor":9,"key":"Art of War"},{"floor":14,"key":"Odd Mushroom"},{"floor":23,"key":"Omamori"}],"event_choices":[{"cards_removed":["Strike_G"],"damage_healed":0,"gold_gain":0,"player_choice":"Card Removal","damage_taken":7,"max_hp_gain":0,"max_hp_loss":0,"event_name":"Golden Wing","floor":3,"gold_loss":0},{"damage_healed":0,"gold_gain":50,"player_choice":"Pray","damage_taken":0,"max_hp_gain":0,"max_hp_loss":0,"event_name":"Golden Shrine","floor":4,"gold_loss":0},{"damage_healed":0,"gold_gain":75,"player_choice":"Gather Gold","damage_taken":11,"max_hp_gain":0,"max_hp_loss":0,"event_name":"World of Goop","floor":11,"gold_loss":0},{"damage_healed":0,"gold_gain":0,"player_choice":"Fought Mushrooms","damage_taken":0,"max_hp_gain":0,"max_hp_loss":0,"event_name":"Mushrooms","floor":14,"gold_loss":0},{"cards_removed":["Strike_G"],"damage_healed":0,"gold_gain":0,"player_choice":"Gave Gold","damage_taken":0,"max_hp_gain":0,"max_hp_loss":0,"event_name":"Beggar","floor":20,"gold_loss":75},{"damage_healed":0,"gold_gain":0,"player_choice":"Obtained Relic","damage_taken":0,"relics_obtained":["Vajra"],"max_hp_gain":0,"max_hp_loss":0,"event_name":"Addict","floor":22,"gold_loss":85}],"is_beta":false,"boss_relics":[{"not_picked":["WristBlade","Astrolabe"],"picked":"Snecko Eye"}],"items_purged_floors":[],"is_endless":false,"potions_floor_spawned":[1,5,13,18],"killed_by":"Slavers","ascension_level":20}