{"gold_per_floor":[114,71,171,189,206,206,237,237,237,237,237,237],"floor_reached":12,"playtime":366,"items_purged":[],"score":144,"play_id":"11fea557-84d5-4778-9a74-933cd0511316","local_time":"20190523155633","is_ascension_mode":true,"campfire_choices":[{"data":"Feed","floor":6,"key":"SMITH"},{"floor":11,"key":"REST"}],"neow_cost":"NONE","seed_source_timestamp":462011638462595,"circlet_count":0,"master_deck":["AscendersBane","Strike_R","Strike_R","Strike_R","Strike_R+1","Strike_R","Defend_R","Defend_R+1","Defend_R","Defend_R+1","Bash+1","Feed+1","Shrug It Off","Combust","Iron Wave","Warcry"],"relics":["Burning Blood","Whetstone","Pantograph","Question Card"],"potions_floor_usage":[5,12],"damage_taken":[{"damage":8,"enemies":"Cultist","floor":1,"turns":5},{"damage":9,"enemies":"2 Louse","floor":4,"turns":3},{"damage":6,"enemies":"Small Slimes","floor":5,"turns":3},{"damage":42,"enemies":"3 Sentries","floor":7,"turns":8},{"damage":49,"enemies":"Gremlin Nob","floor":12,"turns":4}],"seed_played":"-8374351312560804187","potions_obtained":[{"floor":4,"key":"Strength Potion"},{"floor":7,"key":"BloodPotion"}],"is_trial":false,"path_per_floor":["M","$","?","M","M","R","E","T","T","?","R","E"],"character_chosen":"IRONCLAD","items_purchased":["Combust"],"campfire_rested":1,"item_purchase_floors":[2],"current_hp_per_floor":[69,69,69,69,72,72,40,40,40,14,40,0],"gold":237,"neow_bonus":"ONE_RANDOM_RARE_CARD","is_prod":false,"is_daily":false,"chose_seed":false,"campfire_upgraded":1,"win_rate":0,"timestamp":1558637793,"path_taken":["M","$","?","?","M","R","E","?","T","?","R","E"],"build_version":"2019-01-23","purchased_purges":0,"victory":false,"max_hp_per_floor":[78,78,78,81,84,84,88,88,88,88,88,88],"card_choices":[{"not_picked":["Bloodletting","Anger"],"picked":"Shrug It Off","floor":1},{"not_picked":["Evolve","Warcry"],"picked":"Iron Wave","floor":4},{"not_picked":["Headbutt","Perfected Strike","Fire Breathing"],"picked":"SKIP","floor":5},{"not_picked":["Perfected Strike","Thunderclap"],"picked":"Warcry","floor":7}],"player_experience":782063,"relics_obtained":[{"floor":7,"key":"Whetstone"},{"floor":8,"key":"Pantograph"},{"floor":9,"key":"Question Card"}],"event_choices":[{"damage_healed":0,"gold_gain":100,"player_choice":"Gold","damage_taken":0,"max_hp_gain":0,"max_hp_loss":0,"event_name":"Wheel of Change","floor":3,"gold_loss":0},{"damage_healed":0,"gold_gain":0,"player_choice":"Entered Light","damage_taken":26,"max_hp_gain":0,"max_hp_loss":0,"event_name":"Shining Light","floor":10,"gold_loss":0,"cards_upgraded":["Defend_R","Defend_R"]}],"is_beta":false,"boss_relics":[],"items_purged_floors":[],"is_endless":false,"potions_floor_spawned":[4,7],"killed_by":"Gremlin Nob","ascension_level":18}