{"gold_per_floor":[109,125,3,14,14,45,45,56,128,142,197,197,215,227,227,302,302,319,333,31,31,31,59,59,59,59,59,59,91,108,135,135,210,210,220,220,220,220,145,176,189,219,290,290,315,329,329,339,339,339],"floor_reached":50,"playtime":3267,"items_purged":["Strike_G"],"score":1721,"play_id":"653f04aa-3eae-4c73-bbac-b079a45698f0","local_time":"20190518015123","is_ascension_mode":true,"campfire_choices":[{"floor":7.0,"key":"REST"},{"data":"Crippling Poison","floor":12.0,"key":"SMITH"},{"data":"Deadly Poison","floor":15.0,"key":"SMITH"},{"data":"Ghostly","floor":24.0,"key":"SMITH"},{"data":"Ghostly","floor":28.0,"key":"SMITH"},{"data":"Deadly Poison","floor":32.0,"key":"SMITH"},{"data":"Ghostly","floor":44,"key":"SMITH"},{"floor":47,"key":"RECALL"},{"data":"Footwork","floor":49,"key":"SMITH"}],"neow_cost":"NONE","seed_source_timestamp":44287545535858,"circlet_count":0,"master_deck":["AscendersBane","Defend_G","Defend_G","Defend_G","Defend_G","Defend_G+1","Strike_G+1","Strike_G","Strike_G","Survivor","Neutralize","Deadly Poison+1","Poisoned Stab","Footwork+1","Skewer","Crippling Poison+1","After Image","Wraith Form v2+1","Well Laid Plans+1","Wraith Form v2+1","Acrobatics","Backflip","Dodge and Roll","Ghostly+1","Ghostly+1","Ghostly+1","Footwork+1","Deadly Poison+1","After Image+1","PiercingWail","Blur","Bouncing Flask+1","Noxious Fumes+1","PiercingWail","Acrobatics","PiercingWail"],"special_seed":0,"relics":["Ring of the Snake","NeowsBlessing","The Specimen","Frozen Egg 2","Tiny Chest","Sozu","OrangePellets","Oddly Smooth Stone","Dodecahedron","Bottled Lightning","Meat on the Bone","Orrery","Kunai","NlothsMask","Letter Opener","Darkstone Periapt","The Courier"],"potions_floor_usage":[50],"damage_taken":[{"damage":0.0,"enemies":"Cultist","floor":1.0,"turns":1.0},{"damage":0.0,"enemies":"Jaw Worm","floor":2.0,"turns":1.0},{"damage":0.0,"enemies":"2 Louse","floor":4.0,"turns":1.0},{"damage":31.0,"enemies":"Lagavulin","floor":6.0,"turns":9.0},{"damage":10.0,"enemies":"Exordium Thugs","floor":8.0,"turns":3.0},{"damage":0.0,"enemies":"Blue Slaver","floor":10.0,"turns":5.0},{"damage":22.0,"enemies":"3 Sentries","floor":11.0,"turns":9.0},{"damage":0.0,"enemies":"2 Fungi Beasts","floor":13.0,"turns":5.0},{"damage":3.0,"enemies":"3 Louse","floor":14.0,"turns":4.0},{"damage":0.0,"enemies":"Hexaghost","floor":16.0,"turns":9.0},{"damage":0.0,"enemies":"Spheric Guardian","floor":18.0,"turns":7.0},{"damage":0.0,"enemies":"Chosen","floor":19.0,"turns":6.0},{"damage":0.0,"enemies":"Gremlin Leader","floor":23.0,"turns":7.0},{"damage":0.0,"enemies":"Book of Stabbing","floor":29.0,"turns":7.0},{"damage":0.0,"enemies":"Snecko","floor":30.0,"turns":5.0},{"damage":0.0,"enemies":"Gremlin Leader","floor":31.0,"turns":6.0},{"damage":0.0,"enemies":"Champ","floor":33.0,"turns":19.0},{"damage":0,"enemies":"3 Darklings","floor":35,"turns":7},{"damage":0,"enemies":"Nemesis","floor":40,"turns":11},{"damage":0,"enemies":"Orb Walker","floor":41,"turns":5},{"damage":0,"enemies":"Reptomancer","floor":42,"turns":7},{"damage":0,"enemies":"Nemesis","floor":45,"turns":11},{"damage":0,"enemies":"3 Darklings","floor":46,"turns":8},{"damage":0,"enemies":"Jaw Worm Horde","floor":48,"turns":5},{"damage":55,"enemies":"Awakened One","floor":50,"turns":7}],"seed_played":"1266947370331064176","potions_obtained":[{"floor":2.0,"key":"Regen Potion"},{"floor":8.0,"key":"GamblersBrew"},{"floor":10.0,"key":"SpeedPotion"},{"floor":11.0,"key":"Strength Potion"},{"floor":16.0,"key":"AttackPotion"}],"is_trial":false,"path_per_floor":["M","M","$","M","?","E","R","M","T","M","E","R","M","M","R","B",null,"M","M","$","?","$","E","R","T","T","?","R","E","M","E","R","B",null,"M","?","T","?","$","E","M","E","T","R","E","M","R","M","R","B"],"character_chosen":"THE_SILENT","items_purchased":["Footwork","Skewer","OrangePellets","Backflip","Dodge and Roll"],"campfire_rested":1,"item_purchase_floors":[3,3,20,20,20],"current_hp_per_floor":[59,59,59,59,39,23,42,32,32,32,10,10,10,7,7,7,51,51,51,51,33,33,33,33,33,33,33,33,33,33,33,33,33,33,33,33,33,33,33,33,33,33,33,33,33,33,33,33,33,0],"gold":339,"neow_bonus":"THREE_ENEMY_KILL","is_prod":false,"is_daily":false,"chose_seed":false,"campfire_upgraded":7,"win_rate":0,"timestamp":1558137083,"path_taken":["M","M","$","?","?","E","R","M","T","M","E","R","M","M","R","BOSS","M","M","$","?","?","E","R","?","T","?","R","E","M","E","R","BOSS","M","?","?","?","$","E","?","E","T","R","E","M","R","M","R","BOSS"],"build_version":"2019-01-23","purchased_purges":1,"victory":false,"max_hp_per_floor":[66,66,66,66,66,66,66,66,66,66,66,66,66,66,66,66,66,66,66,66,33,33,33,33,33,33,33,33,33,33,33,33,33,33,33,33,33,33,33,33,33,33,33,33,33,33,33,33,33,33],"card_choices":[{"not_picked":["Deflect","Dagger Spray"],"picked":"Deadly Poison","floor":1.0},{"not_picked":["Blade Dance","Tactician"],"picked":"Poisoned Stab","floor":2.0},{"not_picked":["Choke","Escape Plan"],"picked":"Crippling Poison","floor":4.0},{"not_picked":["Endless Agony","Bouncing Flask","Skewer"],"picked":"SKIP","floor":6.0},{"not_picked":["Prepared","Deflect"],"picked":"After Image","floor":8.0},{"not_picked":["Dagger Spray","Blade Dance","Acrobatics"],"picked":"SKIP","floor":10.0},{"not_picked":["Endless Agony","Acrobatics"],"picked":"Wraith Form v2+1","floor":11.0},{"not_picked":["Quick Slash","Blade Dance","Poisoned Stab"],"picked":"SKIP","floor":13.0},{"not_picked":["Acrobatics","Tactician"],"picked":"Well Laid Plans+1","floor":14.0},{"not_picked":["Envenom+1","Adrenaline"],"picked":"Wraith Form v2+1","floor":16.0},{"not_picked":["Outmaneuver","Poisoned Stab","Sucker Punch"],"picked":"SKIP","floor":18.0},{"not_picked":["Dagger Spray","Deadly Poison"],"picked":"Acrobatics","floor":19.0},{"not_picked":["Flying Knee","Finisher+1","Sucker Punch"],"picked":"SKIP","floor":23.0},{"not_picked":["Slice","Reflex"],"picked":"Footwork+1","floor":29.0},{"not_picked":["Bane","Dagger Throw","Grand Finale"],"picked":"SKIP","floor":30.0},{"not_picked":["Flechettes","Blade Dance"],"picked":"Deadly Poison","floor":31.0},{"not_picked":["Grand Finale","Phantasmal Killer"],"picked":"After Image+1","floor":33.0},{"not_picked":["Dagger Spray","Skewer+1"],"picked":"PiercingWail","floor":34.0},{"not_picked":["Slice+1","Well Laid Plans+1"],"picked":"Blur","floor":34.0},{"not_picked":["Blur","Skewer"],"picked":"Bouncing Flask+1","floor":35},{"not_picked":["Blade Dance","Infinite Blades+1","A Thousand Cuts+1"],"picked":"SKIP","floor":40},{"not_picked":["Slice","Choke+1"],"picked":"Noxious Fumes+1","floor":41},{"not_picked":["Outmaneuver+1","Well Laid Plans+1"],"picked":"PiercingWail","floor":42},{"not_picked":["Dagger Throw+1","Dagger Spray"],"picked":"Acrobatics","floor":45},{"not_picked":["Reflex","Expertise","Poisoned Stab"],"picked":"SKIP","floor":46},{"not_picked":["Predator+1","Crippling Poison+1"],"picked":"PiercingWail","floor":48}],"player_experience":1218539,"relics_obtained":[{"floor":6.0,"key":"The Specimen"},{"floor":9.0,"key":"Frozen Egg 2"},{"floor":11.0,"key":"Tiny Chest"},{"floor":23.0,"key":"Oddly Smooth Stone"},{"floor":26.0,"key":"Dodecahedron"},{"floor":29.0,"key":"Bottled Lightning"},{"floor":31.0,"key":"Meat on the Bone"},{"floor":37,"key":"Kunai"},{"floor":40,"key":"Letter Opener"},{"floor":42,"key":"Darkstone Periapt"},{"floor":45,"key":"The Courier"}],"event_choices":[{"damage_healed":0.0,"max_hp_gain":0.0,"max_hp_loss":0.0,"gold_gain":0.0,"event_name":"Shining Light","player_choice":"Entered Light","floor":5.0,"gold_loss":0.0,"damage_taken":20.0,"cards_upgraded":["Defend_G","Strike_G"]},{"damage_healed":0.0,"max_hp_gain":0.0,"max_hp_loss":33.0,"gold_gain":0.0,"event_name":"Ghosts","player_choice":"Became a Ghost","floor":21.0,"gold_loss":0.0,"damage_taken":0.0,"cards_obtained":["Ghostly","Ghostly","Ghostly"]},{"damage_healed":0.0,"max_hp_gain":0.0,"max_hp_loss":0.0,"gold_gain":0.0,"event_name":"Beggar","player_choice":"Ignored","floor":27.0,"gold_loss":0.0,"damage_taken":0.0},{"cards_removed":["Strike_G"],"damage_healed":0,"gold_gain":0,"player_choice":"Removed Attack","damage_taken":0,"max_hp_gain":0,"max_hp_loss":0,"event_name":"Falling","floor":36,"gold_loss":0},{"damage_healed":0,"gold_gain":0,"player_choice":"Trade","damage_taken":0,"relics_obtained":["NlothsMask"],"max_hp_gain":0,"max_hp_loss":0,"event_name":"FaceTrader","floor":38,"gold_loss":0}],"is_beta":false,"boss_relics":[{"not_picked":["Cursed Key","Philosopher\u0027s Stone"],"picked":"Sozu"},{"not_picked":["Runic Dome","Velvet Choker"],"picked":"Orrery"}],"items_purged_floors":[39],"is_endless":false,"potions_floor_spawned":[2,8,10,11,16,19,29,31,40,48],"killed_by":"Awakened One","ascension_level":20}