{"gold_per_floor":[111,126,136,21,40,69,69,103,155,189,200,230,230,257,257,356,406,422,322,352,367,380,380,408,420,432,444,468,495,422,466,478,594,606,618,643,308,327,427,457,457,483,483,215,215,232,232],"floor_reached":47,"playtime":4210,"items_purged":["Strike_G","Strike_G","Defend_G"],"score":920,"play_id":"38c2a844-5d8b-4c03-abfd-871c9f7a5fae","local_time":"20190610221238","is_ascension_mode":true,"campfire_choices":[{"floor":13,"key":"REST"},{"data":"Noxious Fumes","floor":15,"key":"SMITH"},{"floor":23,"key":"REST"},{"floor":25,"key":"RECALL"},{"floor":27,"key":"REST"},{"floor":32,"key":"REST"},{"floor":41,"key":"REST"},{"floor":45,"key":"REST"}],"neow_cost":"NONE","seed_source_timestamp":2035914756498639,"circlet_count":0,"master_deck":["AscendersBane","Defend_G","Defend_G+1","Defend_G","Defend_G","Strike_G","Strike_G+1","Strike_G","Survivor","Neutralize","Deflect","Flying Knee+1","Noxious Fumes+1","Well Laid Plans","Quick Slash","Bouncing Flask","Footwork","Infinite Blades","Dagger Spray","Adrenaline","Noxious Fumes","Crippling Poison","Dagger Throw+1","Leg Sweep+1","A Thousand Cuts","Prepared+1","Accuracy","Tools of the Trade","Backflip","Accuracy","Parasite"],"relics":["Ring of the Snake","NeowsBlessing","PreservedInsect","Singing Bowl","Bag of Preparation","Vajra","Mercury Hourglass","Pear","Tiny House","Red Mask","MawBank","Du-Vu Doll","Darkstone Periapt","Philosopher\u0027s Stone","Art of War","Turnip","Whetstone","Ancient Tea Set","Blue Candle","TwistedFunnel"],"potions_floor_usage":[6,8,12,18,20,20,21,25,31,33,35,35,38,38,39,46,46,46,47],"damage_taken":[{"damage":0,"enemies":"Cultist","floor":1,"turns":1},{"damage":0,"enemies":"Small Slimes","floor":2,"turns":1},{"damage":0,"enemies":"Jaw Worm","floor":3,"turns":1},{"damage":0,"enemies":"2 Fungi Beasts","floor":5,"turns":4},{"damage":7,"enemies":"Lagavulin","floor":6,"turns":9},{"damage":12,"enemies":"Gremlin Nob","floor":8,"turns":4},{"damage":8,"enemies":"Lagavulin","floor":10,"turns":6},{"damage":4,"enemies":"3 Louse","floor":11,"turns":4},{"damage":18,"enemies":"Gremlin Nob","floor":12,"turns":4},{"damage":11,"enemies":"3 Sentries","floor":14,"turns":5},{"damage":2,"enemies":"The Guardian","floor":16,"turns":9},{"damage":2,"enemies":"3 Byrds","floor":18,"turns":4},{"damage":45,"enemies":"Masked Bandits","floor":20,"turns":4},{"damage":2,"enemies":"2 Thieves","floor":21,"turns":4},{"damage":12,"enemies":"Centurion and Healer","floor":22,"turns":6},{"damage":12,"enemies":"Gremlin Leader","floor":24,"turns":6},{"damage":5,"enemies":"Cultist and Chosen","floor":28,"turns":6},{"damage":0,"enemies":"Chosen and Byrds","floor":29,"turns":5},{"damage":24,"enemies":"Slavers","floor":31,"turns":3},{"damage":59,"enemies":"Champ","floor":33,"turns":14},{"damage":0,"enemies":"3 Darklings","floor":35,"turns":2},{"damage":0,"enemies":"3 Shapes","floor":36,"turns":5},{"damage":6,"enemies":"Jaw Worm Horde","floor":38,"turns":4},{"damage":14,"enemies":"Mind Bloom Boss Battle","floor":39,"turns":7},{"damage":36,"enemies":"Nemesis","floor":40,"turns":7},{"damage":51,"enemies":"Giant Head","floor":42,"turns":9},{"damage":40,"enemies":"Writhing Mass","floor":46,"turns":7},{"damage":29,"enemies":"Transient","floor":47,"turns":4}],"seed_played":"7275371188968691811","potions_obtained":[{"floor":3,"key":"Dexterity Potion"},{"floor":6,"key":"SpeedPotion"},{"floor":11,"key":"SneckoOil"},{"floor":12,"key":"LiquidBronze"},{"floor":14,"key":"SpeedPotion"},{"floor":16,"key":"Swift Potion"},{"floor":17,"key":"Fruit Juice"},{"floor":18,"key":"Energy Potion"},{"floor":20,"key":"Swift Potion"},{"floor":28,"key":"Explosive Potion"},{"floor":29,"key":"SteroidPotion"},{"floor":33,"key":"EntropicBrew"},{"floor":36,"key":"Dexterity Potion"},{"floor":38,"key":"Swift Potion"},{"floor":40,"key":"EntropicBrew"},{"floor":46,"key":"GamblersBrew"}],"is_trial":false,"path_per_floor":["M","M","M","$","M","E","?","E","T","E","M","E","R","E","R","B",null,"M","$","?","M","M","R","E","R","T","R","M","M","?","E","R","B",null,"M","M","$","M","?","E","R","E","T","$","R","M","M"],"character_chosen":"THE_SILENT","items_purchased":["Well Laid Plans","Art of War","Accuracy","TwistedFunnel","Accuracy"],"campfire_rested":6,"item_purchase_floors":[4,37,37,44,44],"current_hp_per_floor":[63,63,63,63,63,56,61,51,51,43,41,23,46,45,45,43,85,83,83,38,38,26,55,45,50,50,81,78,78,78,56,88,29,89,89,89,89,85,73,37,70,19,19,19,52,20,0],"gold":232,"neow_bonus":"THREE_ENEMY_KILL","is_prod":false,"is_daily":false,"chose_seed":false,"campfire_upgraded":1,"win_rate":0,"timestamp":1560215558,"path_taken":["M","M","M","$","M","E","?","E","T","E","M","E","R","E","R","BOSS","M","$","?","M","M","R","E","R","T","R","M","M","?","E","R","BOSS","M","M","$","M","?","E","R","E","T","$","R","M","M"],"build_version":"2019-01-23","purchased_purges":3,"victory":false,"max_hp_per_floor":[70,70,70,70,70,70,75,77,77,77,79,79,79,89,89,89,96,96,96,96,98,98,98,100,105,105,105,107,107,107,109,109,109,109,109,109,109,111,113,113,113,113,113,113,113,121,121],"card_choices":[{"not_picked":["Reflex","Slice"],"picked":"Deflect","floor":1},{"not_picked":["Deflect","Choke"],"picked":"Flying Knee","floor":2},{"not_picked":["Deflect","Sucker Punch"],"picked":"Noxious Fumes","floor":3},{"not_picked":["Underhanded Strike","Acrobatics"],"picked":"Quick Slash","floor":5},{"not_picked":["Skewer","Flying Knee"],"picked":"Bouncing Flask","floor":6},{"not_picked":["Storm of Steel","Dagger Throw","Accuracy"],"picked":"Singing Bowl","floor":8},{"not_picked":["Dagger Spray","Riddle With Holes"],"picked":"Footwork","floor":10},{"not_picked":["Sucker Punch","Prepared","Underhanded Strike"],"picked":"Singing Bowl","floor":11},{"not_picked":["Deadly Poison","Bane"],"picked":"Infinite Blades","floor":12},{"not_picked":["Slice","Poisoned Stab"],"picked":"Dagger Spray","floor":14},{"not_picked":["Doppelganger","Storm of Steel"],"picked":"Adrenaline","floor":16},{"not_picked":["Dodge and Roll","Dagger Throw","Quick Slash"],"picked":"Singing Bowl","floor":17},{"not_picked":["Flying Knee","Setup+1"],"picked":"Noxious Fumes","floor":18},{"not_picked":["Terror","Outmaneuver"],"picked":"Crippling Poison","floor":20},{"not_picked":["Dagger Spray","Sucker Punch","Outmaneuver"],"picked":"Singing Bowl","floor":21},{"not_picked":["Tactician","Backstab"],"picked":"Dagger Throw+1","floor":22},{"not_picked":["Setup","Skewer","Outmaneuver"],"picked":"Singing Bowl","floor":24},{"not_picked":["Bane+1","Expertise","Sucker Punch"],"picked":"Singing Bowl","floor":28},{"not_picked":["Quick Slash","Outmaneuver"],"picked":"Leg Sweep+1","floor":29},{"not_picked":["Quick Slash","Doppelganger","Slice"],"picked":"Singing Bowl","floor":31},{"not_picked":["Bullet Time","Grand Finale"],"picked":"A Thousand Cuts","floor":33},{"not_picked":["PiercingWail","Flechettes"],"picked":"Prepared+1","floor":36},{"not_picked":["Slice","Bane+1","Blade Dance"],"picked":"Singing Bowl","floor":38},{"not_picked":["Deadly Poison","PiercingWail","Sucker Punch"],"picked":"Singing Bowl","floor":39},{"not_picked":["Blade Dance","Unload"],"picked":"Tools of the Trade","floor":40},{"not_picked":["Flying Knee","Expertise"],"picked":"Backflip","floor":42},{"not_picked":["Deflect","Outmaneuver","Underhanded Strike+1"],"picked":"Singing Bowl","floor":46}],"player_experience":967880,"relics_obtained":[{"floor":6,"key":"PreservedInsect"},{"floor":8,"key":"Singing Bowl"},{"floor":9,"key":"Bag of Preparation"},{"floor":10,"key":"Vajra"},{"floor":12,"key":"Mercury Hourglass"},{"floor":14,"key":"Pear"},{"floor":20,"key":"Red Mask"},{"floor":24,"key":"MawBank"},{"floor":31,"key":"Darkstone Periapt"},{"floor":39,"key":"Turnip"},{"floor":40,"key":"Whetstone"},{"floor":42,"key":"Ancient Tea Set"},{"floor":43,"key":"Blue Candle"}],"event_choices":[{"damage_healed":0,"gold_gain":0,"player_choice":"Donut","damage_taken":0,"max_hp_gain":5,"max_hp_loss":0,"event_name":"Big Fish","floor":7,"gold_loss":0},{"damage_healed":0,"gold_gain":0,"player_choice":"Fought Bandits","damage_taken":0,"max_hp_gain":0,"max_hp_loss":0,"event_name":"Masked Bandits","floor":20,"gold_loss":0},{"damage_healed":0,"gold_gain":0,"player_choice":"Obtained Relic","damage_taken":0,"relics_obtained":["Du-Vu Doll"],"max_hp_gain":0,"max_hp_loss":0,"event_name":"Addict","floor":30,"gold_loss":85},{"damage_healed":0,"gold_gain":0,"player_choice":"Fight","damage_taken":0,"max_hp_gain":0,"max_hp_loss":0,"event_name":"MindBloom","floor":39,"gold_loss":0}],"is_beta":false,"boss_relics":[{"not_picked":["Runic Pyramid","Ectoplasm"],"picked":"Tiny House"},{"not_picked":["White Beast Statue","Cursed Key"],"picked":"Philosopher\u0027s Stone"}],"items_purged_floors":[4,19,37],"is_endless":false,"potions_floor_spawned":[3,6,11,12,14,16,18,20,28,29,33,36,38,40,46],"killed_by":"Transient","ascension_level":10}