{"path_per_floor":["M","M","?","$","?","M","M","R","T","E","?","R","M","?","R","B",null,"M","M","?","M","M","R","?","$","T","R","M","M","R","T","R","B",null,"M","?","$","?","M","M","R","?","T","M","R","?","M","M","R"],"character_chosen":"IRONCLAD","items_purchased":["Bandage Up","Lantern","Bronze Scales"],"gold_per_floor":[119,133,133,41,116,136,154,154,154,180,180,180,198,198,198,294,294,309,320,320,332,345,345,345,50,50,50,69,82,82,107,107,204,204,219,219,144,144,154,165,165,0,0,16,16,16,26,39,39],"floor_reached":50,"campfire_rested":4,"playtime":2630,"current_hp_per_floor":[80,80,80,80,69,76,80,80,80,80,77,77,80,73,73,33,80,83,86,86,80,45,71,71,71,71,71,66,67,67,67,91,25,91,68,91,91,91,93,92,92,92,92,76,99,99,98,82,102],"items_purged":["Writhe"],"gold":39,"score":513,"play_id":"c30f43c5-40c8-478d-aded-039e4daedede","local_time":"20180305201656","is_prod":false,"is_daily":false,"is_ascension_mode":true,"campfire_upgraded":6,"timestamp":1520295416,"path_taken":["M","M","?","$","?","M","?","R","T","E","?","R","M","?","R","BOSS","M","M","?","M","M","R","?","$","T","R","M","M","R","?","R","BOSS","M","?","$","?","M","M","R","?","T","M","R","?","M","M","R","BOSS"],"build_version":"2018-03-01-PROD1","purchased_purges":1,"victory":false,"master_deck":["Strike_R","Strike_R","Strike_R","Strike_R","Defend_R","Defend_R+1","Defend_R","Defend_R+1","Bash+1","Twin Strike","Clash","Bandage Up","Metallicize+1","Whirlwind+1","Spot Weakness+1","Feed","Cleave+1","Shrug It Off+1","Pommel Strike","Iron Wave+1","Seeing Red+1","Demon Form+1","Battle Trance+1","Heavy Blade+1","Metallicize+1","Armaments+1","Body Slam+1"],"max_hp_per_floor":[80,80,80,80,80,80,80,80,80,80,80,80,80,80,80,80,80,83,86,86,86,88,88,88,88,88,88,88,91,91,91,91,91,91,91,91,91,91,93,96,96,96,96,99,99,99,102,102,102],"relics":["Burning Blood","Bag of Preparation","Juzu Bracelet","Singing Bowl","White Beast Statue","Nloth\u0027s Gift","Lantern","Bronze Scales","Ginger","Anchor","Runic Pyramid","Red Mask","Torii"],"card_choices":[{"not_picked":["Second Wind","Entrench"],"picked":"Twin Strike"},{"not_picked":["Iron Wave","Rupture"],"picked":"Clash"},{"not_picked":["True Grit","Power Through"],"picked":"Metallicize"},{"not_picked":["Bloodletting","Clash"],"picked":"Whirlwind"},{"not_picked":["Clothesline","Perfected Strike"],"picked":"Thunderclap"},{"not_picked":["Armaments","Reckless Charge"],"picked":"Spot Weakness"},{"not_picked":["Fiend Fire","Double Tap"],"picked":"Feed"},{"not_picked":["Corruption","Flex"],"picked":"Cleave"},{"not_picked":["Ghostly Armor","Rage"],"picked":"Shrug It Off"},{"not_picked":["Armaments","Headbutt"],"picked":"Pommel Strike"},{"not_picked":["Burning Pact","Body Slam"],"picked":"Iron Wave"},{"not_picked":["Shrug It Off","Sever Soul"],"picked":"Seeing Red"},{"not_picked":["Fiend Fire","Bludgeon"],"picked":"Demon Form"},{"not_picked":["Perfected Strike","Reckless Charge"],"picked":"Battle Trance"},{"not_picked":["Bludgeon","Pummel"],"picked":"Heavy Blade"},{"not_picked":["Body Slam","Havoc"],"picked":"Metallicize"},{"not_picked":["Pommel Strike","Sentinel"],"picked":"Armaments"},{"not_picked":["Anger","Intimidate"],"picked":"Body Slam"}],"player_experience":194426,"potions_floor_usage":[10,10,19,21,22,28,29,33,35,40,44,48,50,50],"damage_taken":[{"damage":3,"enemies":"Jaw Worm","floor":1,"turns":5},{"damage":1,"enemies":"Cultist","floor":2,"turns":3},{"damage":3,"enemies":"Small Slimes","floor":6,"turns":3},{"damage":0,"enemies":"Blue Slaver","floor":7,"turns":5},{"damage":0,"enemies":"Gremlin Nob","floor":10,"turns":2},{"damage":4,"enemies":"Exordium Thugs","floor":13,"turns":4},{"damage":50,"enemies":"The Guardian","floor":16,"turns":13},{"damage":4,"enemies":"3 Byrds","floor":18,"turns":4},{"damage":0,"enemies":"Chosen","floor":19,"turns":5},{"damage":16,"enemies":"Snake Plant","floor":21,"turns":4},{"damage":47,"enemies":"Chosen and Byrds","floor":22,"turns":5},{"damage":15,"enemies":"Cultist and Chosen","floor":28,"turns":7},{"damage":8,"enemies":"3 Cultists","floor":29,"turns":3},{"damage":76,"enemies":"Champ","floor":33,"turns":14},{"damage":33,"enemies":"3 Darklings","floor":35,"turns":3},{"damage":3,"enemies":"Orb Walker","floor":39,"turns":4},{"damage":10,"enemies":"Sphere and 2 Shapes","floor":40,"turns":4},{"damage":29,"enemies":"3 Darklings","floor":44,"turns":6},{"damage":10,"enemies":"Maw","floor":47,"turns":7},{"damage":22,"enemies":"4 Shapes","floor":48,"turns":2},{"damage":123,"enemies":"Awakened One","floor":50,"turns":12}],"event_choices":[{"event_name":"Upgrade Shrine","player_choice":"Upgraded","floor":3,"damage_taken":0},{"event_name":"World of Goop","player_choice":"Gather Gold","floor":5,"damage_taken":0},{"event_name":"Scrap Ooze","player_choice":"success","floor":11,"damage_taken":3},{"event_name":"Golden Wing","player_choice":"Card Removal","floor":14,"damage_taken":0},{"event_name":"N\u0027loth","player_choice":"Traded a War Paint","floor":20,"damage_taken":0},{"event_name":"Vampires","player_choice":"Ignored","floor":24,"damage_taken":0},{"event_name":"Winding Halls","player_choice":"Writhe","floor":36,"damage_taken":0},{"event_name":"Tomb of Lord Red Mask","player_choice":"Paid","floor":42,"damage_taken":0},{"event_name":"Mysterious Sphere","player_choice":"Ignore","floor":46,"damage_taken":0}],"boss_relics":[{"not_picked":["Velvet Choker","Sozu"],"picked":"White Beast Statue"},{"not_picked":["Black Star","Philosopher\u0027s Stone"],"picked":"Runic Pyramid"}],"potions_floor_spawned":[1,6,18,19,21,22,28,29,33,35,39,40,44,47,48],"seed_played":"-5617071638494100492","killed_by":"Awakened One","ascension_level":2,"is_trial":false}