{"gold_per_floor":[113,113,8,28,128,157,157,187,211,51,51,62,80,111,111,190,190,209,164,24,42,58,58,85,85,85,114,114,149,149,164,164,237,237,250,93,103,120,138,138,151,9,9,9,335,349,349,108,108,108,108,108,108,17,52,52],"floor_reached":57,"playtime":3208,"items_purged":["Strike_G","Dagger Spray"],"score":2820,"play_id":"e5a561af-486d-41ad-82b6-dd7c78908c26","local_time":"20190208192941","is_ascension_mode":true,"campfire_choices":[{"data":"Noxious Fumes","floor":7.0,"key":"SMITH"},{"data":"Footwork","floor":11.0,"key":"SMITH"},{"data":"Catalyst","floor":15.0,"key":"SMITH"},{"floor":23.0,"key":"REST"},{"floor":25.0,"key":"REST"},{"floor":32.0,"key":"REST"},{"data":"Footwork","floor":40.0,"key":"SMITH"},{"floor":47.0,"key":"RECALL"},{"floor":49.0,"key":"REST"},{"floor":53.0,"key":"REST"}],"neow_cost":"NONE","seed_source_timestamp":21140272853766,"circlet_count":0,"master_deck":["AscendersBane","Survivor","Neutralize","Noxious Fumes+1","Flying Knee","Catalyst+1","Footwork+1","Blur","Deadly Poison","Footwork+1","Adrenaline","Dash","Sucker Punch","Leg Sweep","Deadly Poison","Skewer","After Image","Crippling Poison","Calculated Gamble","Blur","Deflect","Escape Plan","Cloak And Dagger","Bouncing Flask+1","Skewer","Dash","Catalyst+1","Corpse Explosion+1","Backflip+1","Dodge and Roll+1","PiercingWail+1","PiercingWail+1","Escape Plan+1","Footwork+1","Deflect+1","After Image","Dodge and Roll+1","Apotheosis+1","Blur+1"],"special_seed":0,"relics":["Ring of the Snake","NeowsBlessing","Ancient Tea Set","Centennial Puzzle","Happy Flower","Mango","Pandora\u0027s Box","Darkstone Periapt","Toxic Egg 2","The Specimen","Cursed Key","Old Coin","Pear"],"potions_floor_usage":[55,56],"damage_taken":[{"damage":0.0,"enemies":"2 Louse","floor":1.0,"turns":1.0},{"damage":0.0,"enemies":"Cultist","floor":4.0,"turns":1.0},{"damage":0.0,"enemies":"Lagavulin","floor":6.0,"turns":1.0},{"damage":19.0,"enemies":"3 Sentries","floor":8.0,"turns":6.0},{"damage":0.0,"enemies":"Jaw Worm","floor":12.0,"turns":4.0},{"damage":0.0,"enemies":"Looter","floor":13.0,"turns":4.0},{"damage":9.0,"enemies":"Gremlin Nob","floor":14.0,"turns":4.0},{"damage":31.0,"enemies":"Slime Boss","floor":16.0,"turns":10.0},{"damage":12.0,"enemies":"3 Byrds","floor":18.0,"turns":5.0},{"damage":11.0,"enemies":"2 Thieves","floor":19.0,"turns":5.0},{"damage":8.0,"enemies":"Snake Plant","floor":21.0,"turns":3.0},{"damage":12.0,"enemies":"Shelled Parasite and Fungi","floor":22.0,"turns":6.0},{"damage":5.0,"enemies":"Book of Stabbing","floor":24.0,"turns":4.0},{"damage":1.0,"enemies":"Gremlin Leader","floor":27.0,"turns":7.0},{"damage":11.0,"enemies":"Book of Stabbing","floor":29.0,"turns":7.0},{"damage":3.0,"enemies":"Snecko","floor":31.0,"turns":6.0},{"damage":4.0,"enemies":"Automaton","floor":33.0,"turns":7.0},{"damage":6.0,"enemies":"3 Shapes","floor":35.0,"turns":3.0},{"damage":8.0,"enemies":"Orb Walker","floor":37.0,"turns":3.0},{"damage":0.0,"enemies":"Maw","floor":38.0,"turns":5.0},{"damage":0.0,"enemies":"Sphere and 2 Shapes","floor":39.0,"turns":3.0},{"damage":0.0,"enemies":"4 Shapes","floor":41.0,"turns":4.0},{"damage":35.0,"enemies":"Nemesis","floor":45.0,"turns":7.0},{"damage":4.0,"enemies":"Writhing Mass","floor":46.0,"turns":6.0},{"damage":26.0,"enemies":"Donu and Deca","floor":50.0,"turns":7.0},{"damage":4.0,"enemies":"Awakened One","floor":51.0,"turns":15.0},{"damage":2,"enemies":"Shield and Spear","floor":55,"turns":5},{"damage":28,"enemies":"The Heart","floor":56,"turns":9}],"seed_played":"-223652626834290671","potions_obtained":[{"floor":12.0,"key":"Poison Potion"},{"floor":13.0,"key":"SkillPotion"},{"floor":14.0,"key":"Swift Potion"},{"floor":22.0,"key":"Energy Potion"},{"floor":24.0,"key":"Fire Potion"},{"floor":27.0,"key":"Block Potion"},{"floor":33.0,"key":"Regen Potion"},{"floor":35.0,"key":"LiquidBronze"},{"floor":38.0,"key":"Ancient Potion"},{"floor":46.0,"key":"Explosive Potion"}],"is_trial":false,"path_per_floor":["M","?","$","M","?","E","R","E","T","$","R","M","M","E","R","B",null,"M","M","$","M","M","R","E","R","T","E","?","E","?","M","R","B",null,"M","$","M","M","M","R","M","$","T","?","E","M","R","$","R","B","B",null,"R","$","E","B",null],"character_chosen":"THE_SILENT","items_purchased":["Noxious Fumes","Flying Knee","Footwork","Blur","SkillPotion","Backflip+1","Footwork","Deflect+1","Dodge and Roll+1","Apotheosis+1","Blur+1","Strength Potion"],"campfire_rested":5,"item_purchase_floors":[3,3,10,20,20,36,42,42,48,48,54,54],"current_hp_per_floor":[59,59,59,59,59,59,59,40,40,40,40,40,40,45,45,14,64,52,41,41,33,21,45,40,64,64,63,63,52,52,49,73,69,77,71,71,63,63,63,63,63,63,63,63,28,39,39,39,63,37,33,68,80,80,88,60],"gold":52,"neow_bonus":"THREE_ENEMY_KILL","is_prod":false,"is_daily":false,"chose_seed":false,"campfire_upgraded":4,"win_rate":0,"timestamp":1549650581,"path_taken":["M","?","$","?","?","E","R","E","T","$","R","M","M","E","R","BOSS","M","M","$","M","M","R","E","R","T","E","?","E","?","M","R","BOSS","M","$","M","M","M","R","M","$","T","?","E","M","R","?","R","BOSS","BOSS","R","$","E","BOSS"],"build_version":"2019-01-23","purchased_purges":2,"victory":true,"max_hp_per_floor":[66,66,66,66,66,66,66,66,66,66,66,66,66,80,80,80,80,80,80,80,80,80,80,80,80,80,80,80,80,80,80,80,80,80,80,80,80,80,80,80,80,80,80,80,80,80,80,80,80,80,80,80,80,80,90,90],"card_choices":[{"not_picked":["Deflect","Cloak And Dagger"],"picked":"Dagger Spray","floor":1.0},{"not_picked":["Cloak And Dagger","Finisher"],"picked":"Catalyst","floor":4.0},{"not_picked":["Setup","A Thousand Cuts","Dagger Throw"],"picked":"SKIP","floor":6.0},{"not_picked":["Distraction","Masterful Stab","Concentrate"],"picked":"SKIP","floor":8.0},{"not_picked":["Concentrate","Reflex"],"picked":"Blur","floor":12.0},{"not_picked":["Endless Agony","Blade Dance"],"picked":"Deadly Poison","floor":13.0},{"not_picked":["Slice","Venomology"],"picked":"Footwork","floor":14.0},{"not_picked":["Night Terror","Doppelganger"],"picked":"Adrenaline","floor":16.0},{"not_picked":["Flying Knee","Footwork"],"picked":"Crippling Poison","floor":18.0},{"not_picked":["Underhanded Strike","PiercingWail"],"picked":"Calculated Gamble","floor":19.0},{"not_picked":["Flying Knee+1","Skewer"],"picked":"Deflect","floor":21.0},{"not_picked":["Outmaneuver","PiercingWail"],"picked":"Escape Plan","floor":22.0},{"not_picked":["Predator","Night Terror"],"picked":"Cloak And Dagger","floor":24.0},{"not_picked":["Bane","Envenom","Backstab"],"picked":"SKIP","floor":27.0},{"not_picked":["Bane","Envenom","Backstab"],"picked":"SKIP","floor":27.0},{"not_picked":["Sucker Punch","Infinite Blades+1"],"picked":"Bouncing Flask+1","floor":29.0},{"not_picked":["Heel Hook","Flying Knee"],"picked":"Catalyst+1","floor":31.0},{"not_picked":["Tools of the Trade","Die Die Die"],"picked":"Corpse Explosion+1","floor":33.0},{"not_picked":["Quick Slash","Predator","Blade Dance+1"],"picked":"SKIP","floor":35.0},{"not_picked":["Accuracy","Flechettes"],"picked":"Dodge and Roll+1","floor":37.0},{"not_picked":["Deadly Poison+1","Predator+1"],"picked":"PiercingWail+1","floor":38.0},{"not_picked":["Outmaneuver+1","Bane"],"picked":"PiercingWail+1","floor":39.0},{"not_picked":["Poisoned Stab","Underhanded Strike+1"],"picked":"Escape Plan+1","floor":41.0},{"not_picked":["Blade Dance+1","Deadly Poison+1","Poisoned Stab"],"picked":"SKIP","floor":45.0},{"not_picked":["Bouncing Flask+1","Bane+1"],"picked":"After Image","floor":46.0},{"not_picked":["Dash","Dagger Spray+1","Quick Slash"],"picked":"SKIP","floor":55}],"player_experience":948661,"relics_obtained":[{"floor":6.0,"key":"Ancient Tea Set"},{"floor":8.0,"key":"Centennial Puzzle"},{"floor":9.0,"key":"Happy Flower"},{"floor":14.0,"key":"Mango"},{"floor":24.0,"key":"Darkstone Periapt"},{"floor":27.0,"key":"Toxic Egg 2"},{"floor":29.0,"key":"The Specimen"},{"floor":45.0,"key":"Old Coin"},{"floor":55,"key":"Pear"}],"event_choices":[{"cards_removed":["Strike_G"],"damage_healed":0.0,"max_hp_gain":0.0,"max_hp_loss":0.0,"gold_gain":0.0,"event_name":"Purifier","player_choice":"Purged","floor":2.0,"gold_loss":0.0,"damage_taken":0.0},{"damage_healed":0.0,"max_hp_gain":0.0,"max_hp_loss":0.0,"gold_gain":100.0,"event_name":"Wheel of Change","player_choice":"Gold","floor":5.0,"gold_loss":0.0,"damage_taken":0.0},{"damage_healed":0.0,"max_hp_gain":0.0,"max_hp_loss":0.0,"gold_gain":0.0,"event_name":"Vampires","player_choice":"Ignored","floor":28.0,"gold_loss":0.0,"damage_taken":0.0},{"damage_healed":0.0,"max_hp_gain":0.0,"max_hp_loss":0.0,"gold_gain":0.0,"cards_transformed":["Tactician","Dagger Spray"],"event_name":"Drug Dealer","player_choice":"Became Test Subject","floor":30.0,"gold_loss":0.0,"damage_taken":0.0,"cards_obtained":["Skewer","Dash"]},{"damage_healed":0.0,"max_hp_gain":0.0,"max_hp_loss":0.0,"gold_gain":0.0,"event_name":"Accursed Blacksmith","player_choice":"Forge","floor":44.0,"gold_loss":0.0,"damage_taken":0.0,"cards_upgraded":["Footwork"]}],"is_beta":false,"boss_relics":[{"not_picked":["Snecko Eye","Black Star"],"picked":"Pandora\u0027s Box"},{"not_picked":["Sozu","Velvet Choker"],"picked":"Cursed Key"}],"items_purged_floors":[10,36],"is_endless":false,"potions_floor_spawned":[12,13,14,22,24,27,33,35,38,46],"ascension_level":20}