{"gold_per_floor":[17,27,27,51,76,116,116,150,207,207,276,276,241,272,272,366,366,286,286,1,1,1,1,1,1,1,1,1,1,1,1,1,1],"floor_reached":33,"playtime":1688,"items_purged":["Strike_B"],"score":606,"play_id":"71590113-3873-4d25-bdf3-b19ebe38ab9c","local_time":"20190208162404","is_ascension_mode":true,"campfire_choices":[{"data":"Zap","floor":7,"key":"SMITH"},{"data":"Sweeping Beam","floor":12,"key":"SMITH"},{"data":"Rip and Tear","floor":15,"key":"SMITH"},{"floor":24,"key":"REST"},{"floor":27,"key":"REST"},{"floor":30,"key":"REST"},{"data":"Rainbow","floor":32,"key":"SMITH"}],"neow_cost":"NO_GOLD","seed_source_timestamp":12931469951794,"circlet_count":0,"master_deck":["AscendersBane","Defend_B","Defend_B","Defend_B","Defend_B","Zap+1","Dualcast","Sweeping Beam+1","Cold Snap","Rip and Tear+1","Coolheaded","Seek","Rainbow+1","RitualDagger","Master of Strategy","Ball Lightning","Coolheaded+1","Ball Lightning","Fusion+1"],"relics":["Cracked Core","Golden Idol","Anchor","Juzu Bracelet","Tiny Chest","Happy Flower","Ectoplasm","MawBank","Symbiotic Virus","Bird Faced Urn"],"potions_floor_usage":[6,6,6,6,14,21,28,28,29,33,33],"damage_taken":[{"damage":0,"enemies":"2 Louse","floor":1,"turns":2},{"damage":2,"enemies":"Jaw Worm","floor":2,"turns":4},{"damage":5,"enemies":"Small Slimes","floor":4,"turns":4},{"damage":11,"enemies":"3 Louse","floor":5,"turns":3},{"damage":6,"enemies":"Lagavulin","floor":6,"turns":5},{"damage":6,"enemies":"Gremlin Nob","floor":8,"turns":3},{"damage":1,"enemies":"Lagavulin","floor":14,"turns":7},{"damage":9,"enemies":"The Guardian","floor":16,"turns":15},{"damage":13,"enemies":"2 Thieves","floor":18,"turns":3},{"damage":0,"enemies":"3 Byrds","floor":21,"turns":4},{"damage":30,"enemies":"Book of Stabbing","floor":23,"turns":5},{"damage":1,"enemies":"Centurion and Healer","floor":25,"turns":6},{"damage":12,"enemies":"Gremlin Leader","floor":28,"turns":6},{"damage":5,"enemies":"Snake Plant","floor":29,"turns":3},{"damage":0,"enemies":"Snecko","floor":31,"turns":4},{"damage":90,"enemies":"Collector","floor":33,"turns":9}],"seed_played":"1778428364243211367","potions_obtained":[{"floor":1,"key":"EntropicBrew"},{"floor":4,"key":"SpeedPotion"},{"floor":8,"key":"Fire Potion"},{"floor":16,"key":"Swift Potion"},{"floor":25,"key":"EntropicBrew"},{"floor":29,"key":"Regen Potion"},{"floor":31,"key":"Weak Potion"}],"is_trial":false,"path_per_floor":["M","M","?","M","M","E","R","E","T","?","T","R","?","E","R","B",null,"M","?","$","M","?","E","R","M","T","R","E","M","R","M","R","B"],"character_chosen":"DEFECT","items_purchased":["Master of Strategy"],"campfire_rested":3,"item_purchase_floors":[20],"current_hp_per_floor":[64,62,62,57,46,40,40,34,34,34,34,34,50,49,49,40,58,45,39,39,39,39,9,28,27,27,46,34,29,48,48,48,0],"gold":1,"neow_bonus":"REMOVE_TWO","is_prod":false,"is_daily":false,"chose_seed":false,"campfire_upgraded":4,"win_rate":0,"timestamp":1549639444,"path_taken":["M","M","?","M","M","E","R","E","T","?","?","R","?","E","R","BOSS","M","?","$","M","?","E","R","M","T","R","E","M","R","M","R","BOSS"],"build_version":"2019-01-23","purchased_purges":1,"victory":false,"max_hp_per_floor":[71,71,64,64,64,64,64,64,64,64,64,64,64,64,64,64,64,64,64,64,64,64,64,64,64,64,64,64,64,64,64,64,64],"card_choices":[{"not_picked":["Reprogram","Stack","Turbo"],"picked":"SKIP","floor":1},{"not_picked":["Conserve Battery","Rebound"],"picked":"Sweeping Beam","floor":2},{"not_picked":["Coolheaded","Fission"],"picked":"Cold Snap","floor":4},{"not_picked":["Hologram","Storm","Beam Cell"],"picked":"SKIP","floor":5},{"not_picked":["Lockon","Go for the Eyes"],"picked":"Rip and Tear","floor":6},{"not_picked":["Gash","Hologram"],"picked":"Coolheaded","floor":8},{"not_picked":["Barrage","BootSequence"],"picked":"Seek","floor":14},{"not_picked":["Creative AI","Machine Learning"],"picked":"Rainbow","floor":16},{"not_picked":["Recycle","Reprogram","Doom and Gloom"],"picked":"SKIP","floor":18},{"not_picked":["Conserve Battery","Auto Shields","Chaos"],"picked":"SKIP","floor":21},{"not_picked":["Go for the Eyes","Streamline"],"picked":"Ball Lightning","floor":23},{"not_picked":["Rebound","Ball Lightning"],"picked":"Coolheaded+1","floor":25},{"not_picked":["Coolheaded","Buffer","Steam"],"picked":"SKIP","floor":28},{"not_picked":["Go for the Eyes","Double Energy"],"picked":"Ball Lightning","floor":29},{"not_picked":["Coolheaded","Ball Lightning"],"picked":"Fusion+1","floor":31}],"player_experience":940971,"relics_obtained":[{"floor":6,"key":"Anchor"},{"floor":8,"key":"Juzu Bracelet"},{"floor":9,"key":"Tiny Chest"},{"floor":14,"key":"Happy Flower"},{"floor":23,"key":"MawBank"},{"floor":26,"key":"Symbiotic Virus"},{"floor":28,"key":"Bird Faced Urn"}],"event_choices":[{"damage_healed":0,"gold_gain":0,"player_choice":"Lose Max HP","damage_taken":0,"relics_obtained":["Golden Idol"],"max_hp_gain":0,"max_hp_loss":7,"event_name":"Golden Idol","floor":3,"gold_loss":0},{"cards_removed":["Strike_B"],"damage_healed":0,"gold_gain":0,"player_choice":"Forget","damage_taken":0,"max_hp_gain":0,"max_hp_loss":0,"event_name":"Living Wall","floor":10,"gold_loss":0},{"damage_healed":16,"gold_gain":0,"player_choice":"Healed","damage_taken":0,"max_hp_gain":0,"max_hp_loss":0,"event_name":"The Cleric","floor":13,"gold_loss":35},{"damage_healed":0,"gold_gain":0,"player_choice":"Joined the Cult","damage_taken":6,"max_hp_gain":0,"max_hp_loss":0,"event_name":"Nest","floor":19,"gold_loss":0,"cards_obtained":["RitualDagger"]},{"damage_healed":0,"gold_gain":0,"player_choice":"Ignored","damage_taken":0,"max_hp_gain":0,"max_hp_loss":0,"event_name":"Vampires","floor":22,"gold_loss":0}],"is_beta":false,"boss_relics":[{"not_picked":["Lizard Tail","Tiny House"],"picked":"Ectoplasm"}],"items_purged_floors":[20],"is_endless":false,"potions_floor_spawned":[1,4,8,16,25,29,31],"killed_by":"Collector","ascension_level":20}