{"gold_per_floor":[216,236,161,161,176,176,201,201,201,201,201,216,229,293,293,293],"floor_reached":16,"playtime":479,"items_purged":[],"score":220,"play_id":"81b011f0-ad3e-4f68-a39d-c5fd448232f7","local_time":"20190417165939","is_ascension_mode":true,"campfire_choices":[{"floor":6,"key":"REST"},{"data":"Sweeping Beam","floor":11,"key":"SMITH"},{"data":"Ball Lightning","floor":15,"key":"SMITH"}],"neow_cost":"NONE","seed_source_timestamp":19933619894631,"circlet_count":0,"master_deck":["AscendersBane","Strike_B","Strike_B","Strike_B","Defend_B","Defend_B","Defend_B","Defend_B","Zap+1","Dualcast+1","Gash","Ball Lightning+1","Seek","Sweeping Beam+1","Coolheaded"],"relics":["Cracked Core","The Courier","Anchor","Meat on the Bone","Ornamental Fan"],"potions_floor_usage":[10,16],"damage_taken":[{"damage":4,"enemies":"Small Slimes","floor":1,"turns":3},{"damage":2,"enemies":"Jaw Worm","floor":2,"turns":3},{"damage":1,"enemies":"Cultist","floor":5,"turns":3},{"damage":25,"enemies":"Lagavulin","floor":7,"turns":5},{"damage":20,"enemies":"3 Sentries","floor":10,"turns":4},{"damage":0,"enemies":"Blue Slaver","floor":12,"turns":2},{"damage":0,"enemies":"Lots of Slimes","floor":13,"turns":2},{"damage":15,"enemies":"3 Sentries","floor":14,"turns":5},{"damage":42,"enemies":"Slime Boss","floor":16,"turns":6}],"seed_played":"-7389446192240044662","potions_obtained":[{"floor":2,"key":"SmokeBomb"},{"floor":12,"key":"Fire Potion"},{"floor":13,"key":"LiquidBronze"}],"is_trial":false,"path_per_floor":["M","M","?","?","M","R","E","T","T","E","R","M","M","?","R","B"],"character_chosen":"DEFECT","items_purchased":[],"campfire_rested":1,"item_purchase_floors":[],"current_hp_per_floor":[60,58,58,37,36,57,32,32,32,24,24,36,36,33,33,0],"gold":293,"neow_bonus":"HUNDRED_GOLD","is_prod":false,"is_daily":false,"chose_seed":false,"campfire_upgraded":2,"win_rate":0,"timestamp":1555513179,"path_taken":["M","M","?","?","M","R","E","?","T","E","R","M","M","?","R","BOSS"],"build_version":"2019-01-23","purchased_purges":0,"victory":false,"max_hp_per_floor":[71,71,71,71,71,71,71,71,71,71,71,71,71,71,71,71],"card_choices":[{"not_picked":["Leap","Lockon"],"picked":"Gash","floor":1},{"not_picked":["Redo","Conserve Battery"],"picked":"Ball Lightning","floor":2},{"not_picked":["Hologram","Conserve Battery"],"picked":"Seek","floor":5},{"not_picked":["Steam","Streamline"],"picked":"Sweeping Beam","floor":7},{"not_picked":["Steam","Go for the Eyes","Beam Cell"],"picked":"SKIP","floor":12},{"not_picked":["Steam Power","Barrage","Streamline"],"picked":"SKIP","floor":13},{"not_picked":["Steam Power","Gash"],"picked":"Coolheaded","floor":14}],"player_experience":1153170,"relics_obtained":[{"floor":7,"key":"The Courier"},{"floor":8,"key":"Anchor"},{"floor":9,"key":"Meat on the Bone"},{"floor":14,"key":"Ornamental Fan"}],"event_choices":[{"cards_removed":["Strike_B"],"damage_healed":0,"gold_gain":0,"player_choice":"Card Removal","damage_taken":0,"max_hp_gain":0,"max_hp_loss":0,"event_name":"The Cleric","floor":3,"gold_loss":75},{"damage_healed":0,"gold_gain":0,"player_choice":"Entered Light","damage_taken":21,"max_hp_gain":0,"max_hp_loss":0,"event_name":"Shining Light","floor":4,"gold_loss":0,"cards_upgraded":["Zap","Dualcast"]},{"damage_healed":0,"gold_gain":30,"player_choice":"Searched \u00273\u0027 times","damage_taken":0,"max_hp_gain":0,"max_hp_loss":0,"event_name":"Dead Adventurer","floor":14,"gold_loss":0}],"is_beta":false,"boss_relics":[],"items_purged_floors":[],"is_endless":false,"potions_floor_spawned":[2,12,13,14],"killed_by":"Slime Boss","ascension_level":20}