{"gold_per_floor":[18,93,93,105,255,255,267,292,292,7,18,18,52,70,70,144,144,118,118,118],"floor_reached":20,"playtime":1062,"items_purged":["Doubt"],"score":364,"play_id":"d01feb35-f51d-4755-8ea8-2bdbe9c69829","local_time":"20190203191640","is_ascension_mode":true,"campfire_choices":[{"floor":6,"key":"REST"},{"floor":12,"key":"REST"},{"data":"Apotheosis","floor":15,"key":"SMITH"}],"neow_cost":"NO_GOLD","seed_source_timestamp":23677361345591,"circlet_count":0,"master_deck":["AscendersBane","Defend_G","Defend_G","Defend_G","Defend_G","Defend_G","Strike_G","Survivor","Neutralize+1","Sucker Punch","Quick Slash","Deadly Poison","Apotheosis+1","Dodge and Roll","Glass Knife","Dodge and Roll","Envenom","Flying Knee+1","Noxious Fumes+1","PiercingWail+1"],"relics":["Ring of the Snake","Ice Cream","Matryoshka","Shuriken","Pen Nib","Oddly Smooth Stone","Astrolabe"],"potions_floor_usage":[20,20],"damage_taken":[{"damage":4,"enemies":"Jaw Worm","floor":1,"turns":7},{"damage":0,"enemies":"2 Louse","floor":4,"turns":3},{"damage":9,"enemies":"Small Slimes","floor":7,"turns":5},{"damage":42,"enemies":"Gremlin Nob","floor":8,"turns":6},{"damage":4,"enemies":"2 Fungi Beasts","floor":11,"turns":4},{"damage":1,"enemies":"Lagavulin","floor":13,"turns":7},{"damage":1,"enemies":"3 Louse","floor":14,"turns":3},{"damage":15,"enemies":"The Guardian","floor":16,"turns":9},{"damage":2,"enemies":"2 Thieves","floor":18,"turns":4},{"damage":11,"enemies":"Colosseum Slavers","floor":20,"turns":6},{"damage":42,"enemies":"Colosseum Nobs","floor":20,"turns":4}],"seed_played":"-1364857560092671488","potions_obtained":[{"floor":13,"key":"PowerPotion"},{"floor":14,"key":"FearPotion"},{"floor":18,"key":"AttackPotion"}],"is_trial":false,"path_per_floor":["M","?","?","M","?","R","M","E","T","$","M","R","E","M","R","B",null,"M","?","?"],"character_chosen":"THE_SILENT","items_purchased":["Apotheosis"],"campfire_rested":2,"item_purchase_floors":[10],"current_hp_per_floor":[55,44,44,44,44,63,54,12,12,12,8,27,26,25,25,10,52,50,50,0],"gold":118,"neow_bonus":"ONE_RARE_RELIC","is_prod":false,"is_daily":false,"chose_seed":false,"campfire_upgraded":1,"win_rate":0,"timestamp":1549217800,"path_taken":["M","?","?","M","?","R","M","E","T","$","?","R","E","M","R","BOSS","M","?","?"],"build_version":"2019-01-23","purchased_purges":1,"victory":false,"max_hp_per_floor":[66,66,66,66,66,66,66,66,66,66,66,66,66,66,66,66,66,66,66,66],"card_choices":[{"not_picked":["Prepared","PiercingWail"],"picked":"Sucker Punch","floor":1},{"not_picked":["Acrobatics","Bullet Time","Bane"],"picked":"SKIP","floor":4},{"not_picked":["Dodge and Roll","Infinite Blades"],"picked":"Quick Slash","floor":7},{"not_picked":["Prepared","Finisher"],"picked":"Deadly Poison","floor":8},{"not_picked":["Sucker Punch","Expertise"],"picked":"Dodge and Roll","floor":11},{"not_picked":["Cloak And Dagger","Deadly Poison"],"picked":"Glass Knife","floor":13},{"not_picked":["Choke","Deflect"],"picked":"Dodge and Roll","floor":14},{"not_picked":["Die Die Die","Burst"],"picked":"Envenom","floor":16},{"not_picked":["Slice+1","Setup","Heel Hook"],"picked":"SKIP","floor":18}],"player_experience":870389,"relics_obtained":[{"floor":8,"key":"Matryoshka"},{"floor":9,"key":"Shuriken"},{"floor":9,"key":"Pen Nib"},{"floor":13,"key":"Oddly Smooth Stone"}],"event_choices":[{"damage_healed":0,"gold_gain":75,"player_choice":"Gather Gold","damage_taken":11,"max_hp_gain":0,"max_hp_loss":0,"event_name":"World of Goop","floor":2,"gold_loss":0},{"damage_healed":0,"gold_gain":0,"player_choice":"Grow","damage_taken":0,"max_hp_gain":0,"max_hp_loss":0,"event_name":"Living Wall","floor":3,"gold_loss":0,"cards_upgraded":["Neutralize"]},{"damage_healed":0,"gold_gain":150,"player_choice":"AGREE","damage_taken":0,"max_hp_gain":0,"max_hp_loss":0,"event_name":"Liars Game","floor":5,"gold_loss":0,"cards_obtained":["Doubt"]},{"cards_removed":["Strike_G"],"damage_healed":0,"gold_gain":0,"player_choice":"Elegance","damage_taken":0,"max_hp_gain":0,"max_hp_loss":0,"event_name":"Back to Basics","floor":19,"gold_loss":0},{"damage_healed":0,"gold_gain":0,"player_choice":"Fight","damage_taken":0,"max_hp_gain":0,"max_hp_loss":0,"event_name":"Colosseum","floor":20,"gold_loss":0},{"damage_healed":0,"gold_gain":0,"player_choice":"Fought Nobs","damage_taken":0,"max_hp_gain":0,"max_hp_loss":0,"event_name":"Colosseum","floor":20,"gold_loss":0}],"is_beta":false,"boss_relics":[{"not_picked":["HoveringKite","Busted Crown"],"picked":"Astrolabe"}],"items_purged_floors":[10],"is_endless":false,"potions_floor_spawned":[13,14,16,18,20],"killed_by":"Colosseum Nobs","ascension_level":20}