{"gold_per_floor":[115,130,130,205,25,25,42,53,104,139,193,218,229,229,229,325,325,344,23,34,45,45,75,75,87,160,178,178,189,289,289,289,389,389,403,458,130,130,130,130,145,145,145,158,158,169,179,191,191,191,191,191,6,33,33],"floor_reached":55,"playtime":2588,"items_purged":["Zap"],"score":674,"play_id":"84992cfb-8e5f-4373-be16-bf55f85ae9c2","local_time":"20190418142856","is_ascension_mode":false,"campfire_choices":[{"data":"Dualcast","floor":6,"key":"SMITH"},{"floor":15,"key":"REST"},{"floor":24,"key":"RECALL"},{"floor":28,"key":"REST"},{"floor":32,"key":"REST"},{"floor":40,"key":"REST"},{"data":"1","floor":45,"key":"LIFT"},{"floor":49,"key":"REST"},{"data":"Defragment","floor":52,"key":"SMITH"}],"neow_cost":"NONE","seed_source_timestamp":744202005921896,"circlet_count":0,"master_deck":["Strike_B+1","Strike_B+1","Strike_B+1","Defend_B+1","Defend_B+1","Dualcast+1","Doom and Gloom","Coolheaded","Leap","Go for the Eyes","Ball Lightning","Chaos","Echo Form","Electrodynamics","Hello World+1","Defragment+1","Redo+1","Cold Snap+1","FTL+1","Capacitor","BootSequence","Sweeping Beam+1","Force Field","Storm+1","Beam Cell","Enlightenment","Tempest+1","White Noise","Leap+1","Go for the Eyes+1","Force Field","Defragment","Tempest+1"],"relics":["Cracked Core","Vajra","DataDisk","Centennial Puzzle","Boot","Oddly Smooth Stone","Empty Cage","Symbiotic Virus","Bottled Flame","Bottled Tornado","Girya","Gremlin Horn","Nuclear Battery","Incense Burner","Ornamental Fan","Orichalcum","Question Card","Mummified Hand"],"potions_floor_usage":[2,10,27,30,30,33,33,48,50,54,55],"damage_taken":[{"damage":0,"enemies":"2 Louse","floor":1,"turns":3},{"damage":0,"enemies":"Jaw Worm","floor":2,"turns":2},{"damage":0,"enemies":"Small Slimes","floor":7,"turns":2},{"damage":0,"enemies":"3 Louse","floor":8,"turns":1},{"damage":12,"enemies":"Gremlin Nob","floor":10,"turns":4},{"damage":4,"enemies":"Lagavulin","floor":12,"turns":6},{"damage":7,"enemies":"Blue Slaver","floor":13,"turns":3},{"damage":7,"enemies":"The Guardian","floor":16,"turns":9},{"damage":10,"enemies":"Spheric Guardian","floor":18,"turns":3},{"damage":0,"enemies":"Chosen","floor":20,"turns":4},{"damage":0,"enemies":"3 Cultists","floor":21,"turns":2},{"damage":29,"enemies":"Slavers","floor":23,"turns":4},{"damage":9,"enemies":"Sentry and Sphere","floor":25,"turns":4},{"damage":25,"enemies":"Centurion and Healer","floor":27,"turns":3},{"damage":22,"enemies":"Snake Plant","floor":29,"turns":3},{"damage":0,"enemies":"Colosseum Slavers","floor":30,"turns":1},{"damage":5,"enemies":"Colosseum Nobs","floor":30,"turns":4},{"damage":19,"enemies":"Automaton","floor":33,"turns":8},{"damage":5,"enemies":"Orb Walker","floor":35,"turns":3},{"damage":39,"enemies":"2 Orb Walkers","floor":36,"turns":3},{"damage":0,"enemies":"3 Darklings","floor":41,"turns":2},{"damage":18,"enemies":"Maw","floor":44,"turns":6},{"damage":0,"enemies":"4 Shapes","floor":46,"turns":2},{"damage":22,"enemies":"Spire Growth","floor":47,"turns":4},{"damage":0,"enemies":"Maw","floor":48,"turns":6},{"damage":26,"enemies":"Donu and Deca","floor":50,"turns":6},{"damage":17,"enemies":"Shield and Spear","floor":54,"turns":3},{"damage":66,"enemies":"The Heart","floor":55,"turns":12}],"seed_played":"-4488685136843397456","potions_obtained":[{"floor":1,"key":"Block Potion"},{"floor":8,"key":"Block Potion"},{"floor":18,"key":"Fire Potion"},{"floor":25,"key":"Regen Potion"},{"floor":27,"key":"AttackPotion"},{"floor":29,"key":"Regen Potion"},{"floor":30,"key":"SpeedPotion"},{"floor":36,"key":"EssenceOfSteel"},{"floor":44,"key":"Fire Potion"},{"floor":47,"key":"FocusPotion"},{"floor":48,"key":"Fire Potion"},{"floor":54,"key":"Dexterity Potion"}],"is_trial":false,"path_per_floor":["M","M","?","?","$","R","M","M","T","E","T","E","M","?","R","B",null,"M","$","M","M","?","E","R","M","T","M","R","M","?","?","R","B",null,"M","?","$","?","?","R","M","?","T","M","R","M","M","M","R","B",null,"R","$","E","B"],"character_chosen":"DEFECT","items_purchased":["Vajra","Leap","Symbiotic Virus","Defragment","Ornamental Fan","Storm","Beam Cell","Force Field","Defragment"],"campfire_rested":5,"item_purchase_floors":[5,5,19,19,37,37,37,53,53],"current_hp_per_floor":[75,75,80,69,69,69,69,69,69,57,57,53,46,43,67,60,80,70,70,70,70,70,41,41,32,32,16,40,18,13,13,37,33,80,75,36,36,36,36,60,60,60,60,42,42,42,20,20,44,18,80,80,80,63,0],"gold":33,"neow_bonus":"REMOVE_CARD","is_prod":false,"is_daily":false,"chose_seed":false,"campfire_upgraded":2,"win_rate":0,"timestamp":1555608536,"path_taken":["M","M","?","?","?","R","M","M","T","E","?","E","?","?","R","BOSS","M","$","M","M","?","E","R","M","T","M","R","M","?","?","R","BOSS","M","?","$","?","?","R","?","?","T","M","R","M","?","M","R","BOSS","R","$","E","BOSS"],"build_version":"2019-01-23","purchased_purges":1,"victory":false,"max_hp_per_floor":[75,75,80,80,80,80,80,80,80,80,80,80,80,80,80,80,80,80,80,80,80,80,80,80,80,80,80,80,80,80,80,80,80,80,80,80,80,80,80,80,80,80,80,80,80,80,80,80,80,80,80,80,80,80,80],"card_choices":[{"not_picked":["BootSequence","Ball Lightning"],"picked":"Doom and Gloom","floor":1},{"not_picked":["Heatsinks","Scrape"],"picked":"Coolheaded","floor":2},{"not_picked":["Coolheaded","Sunder"],"picked":"Go for the Eyes","floor":7},{"not_picked":["Barrage","Cold Snap"],"picked":"Ball Lightning","floor":8},{"not_picked":["Go for the Eyes","Heatsinks"],"picked":"Chaos","floor":10},{"not_picked":["Ball Lightning","Steam Power"],"picked":"Echo Form","floor":12},{"not_picked":["Hologram","Double Energy","Go for the Eyes"],"picked":"SKIP","floor":13},{"not_picked":["Amplify","All For One"],"picked":"Electrodynamics","floor":16},{"not_picked":["Gash","Sweeping Beam"],"picked":"Hello World+1","floor":18},{"not_picked":["Coolheaded+1","Ball Lightning"],"picked":"Redo+1","floor":20},{"not_picked":["Sunder+1","Blizzard+1"],"picked":"Cold Snap+1","floor":21},{"not_picked":["Gash","Go for the Eyes"],"picked":"FTL+1","floor":23},{"not_picked":["Undo","Self Repair"],"picked":"Capacitor","floor":25},{"not_picked":["Cold Snap","Doom and Gloom","Capacitor"],"picked":"SKIP","floor":27},{"not_picked":["Hologram","Beam Cell","Rebound"],"picked":"SKIP","floor":29},{"not_picked":["Redo+1","Tempest+1"],"picked":"BootSequence","floor":30},{"not_picked":["Static Discharge","Steam+1"],"picked":"Sweeping Beam+1","floor":35},{"not_picked":["Leap","Conserve Battery+1"],"picked":"Force Field","floor":36},{"not_picked":["Transmutation","Trip"],"picked":"Enlightenment","floor":38},{"not_picked":["Melter","Stack","Auto Shields"],"picked":"SKIP","floor":41},{"not_picked":["Ball Lightning+1","Loop","Barrage+1"],"picked":"Tempest+1","floor":44},{"not_picked":["Redo+1","Tempest+1","FTL+1"],"picked":"White Noise","floor":46},{"not_picked":["Beam Cell","Double Energy","Heatsinks"],"picked":"Leap+1","floor":47},{"not_picked":["Barrage+1","Steam+1","Streamline"],"picked":"Go for the Eyes+1","floor":48},{"not_picked":["All For One","Melter","Leap"],"picked":"Tempest+1","floor":54}],"player_experience":619526,"relics_obtained":[{"floor":9,"key":"DataDisk"},{"floor":10,"key":"Centennial Puzzle"},{"floor":12,"key":"Boot"},{"floor":23,"key":"Bottled Flame"},{"floor":26,"key":"Bottled Tornado"},{"floor":30,"key":"Girya"},{"floor":30,"key":"Gremlin Horn"},{"floor":36,"key":"Incense Burner"},{"floor":43,"key":"Question Card"},{"floor":54,"key":"Mummified Hand"}],"event_choices":[{"damage_healed":0,"gold_gain":0,"player_choice":"Donut","damage_taken":0,"max_hp_gain":5,"max_hp_loss":0,"event_name":"Big Fish","floor":3,"gold_loss":0},{"damage_healed":0,"gold_gain":75,"player_choice":"Gather Gold","damage_taken":11,"max_hp_gain":0,"max_hp_loss":0,"event_name":"World of Goop","floor":4,"gold_loss":0},{"damage_healed":0,"gold_gain":0,"player_choice":"Success","damage_taken":3,"relics_obtained":["Oddly Smooth Stone"],"max_hp_gain":0,"max_hp_loss":0,"event_name":"Scrap Ooze","floor":14,"gold_loss":0},{"damage_healed":0,"gold_gain":0,"player_choice":"Simplicity","damage_taken":0,"max_hp_gain":0,"max_hp_loss":0,"event_name":"Back to Basics","floor":22,"gold_loss":0,"cards_upgraded":["Strike_B","Strike_B","Strike_B","Defend_B","Defend_B"]},{"damage_healed":0,"gold_gain":0,"player_choice":"Fight","damage_taken":0,"max_hp_gain":0,"max_hp_loss":0,"event_name":"Colosseum","floor":30,"gold_loss":0},{"damage_healed":0,"gold_gain":0,"player_choice":"Fought Nobs","damage_taken":0,"max_hp_gain":0,"max_hp_loss":0,"event_name":"Colosseum","floor":30,"gold_loss":0},{"damage_healed":0,"gold_gain":0,"player_choice":"Ignored","damage_taken":0,"max_hp_gain":0,"max_hp_loss":0,"event_name":"Vampires","floor":31,"gold_loss":0},{"damage_healed":0,"gold_gain":0,"player_choice":"Fight","damage_taken":0,"max_hp_gain":0,"max_hp_loss":0,"event_name":"Mysterious Sphere","floor":36,"gold_loss":0},{"damage_healed":0,"gold_gain":0,"player_choice":"Memory 1","damage_taken":0,"max_hp_gain":0,"max_hp_loss":0,"event_name":"SensoryStone","floor":38,"gold_loss":0},{"damage_healed":0,"gold_gain":0,"player_choice":"Upgraded","damage_taken":0,"max_hp_gain":0,"max_hp_loss":0,"event_name":"Upgrade Shrine","floor":39,"gold_loss":0,"cards_upgraded":["Storm"]},{"damage_healed":0,"gold_gain":0,"player_choice":"Gave Potion","damage_taken":0,"relics_obtained":["Orichalcum"],"max_hp_gain":0,"max_hp_loss":0,"event_name":"WeMeetAgain","floor":42,"gold_loss":0}],"is_beta":false,"boss_relics":[{"not_picked":["Philosopher\u0027s Stone","Sozu"],"picked":"Empty Cage"},{"not_picked":["FrozenCore","Busted Crown"],"picked":"Nuclear Battery"}],"items_purged_floors":[53],"is_endless":false,"potions_floor_spawned":[1,8,18,25,27,29,30,36,44,47,48,54],"killed_by":"The Heart","ascension_level":0}