{"gold_per_floor":[116,127,127,28,28,28,54,54,101,101,114,130,130,163,163,240,240,253,253,270,270,284,284,311,311,311,331,356,356,356,2,2,78,78,88,88,108,108,108,108,119,151,198,198,28,48,59,59],"floor_reached":48,"playtime":2043,"items_purged":["Strike_R","Strike_R","Doubt"],"score":1112,"play_id":"d96f8ad7-2609-462a-b54c-2232f3e8973e","local_time":"20190617003006","is_ascension_mode":true,"campfire_choices":[{"data":"True Grit","floor":6.0,"key":"SMITH"},{"floor":10.0,"key":"REST"},{"data":"Uppercut","floor":13.0,"key":"SMITH"},{"data":"Disarm","floor":15.0,"key":"SMITH"},{"floor":23.0,"key":"REST"},{"floor":25.0,"key":"REST"},{"floor":29.0,"key":"REST"},{"floor":32.0,"key":"RECALL"},{"floor":40,"key":"REST"},{"floor":44,"key":"REST"}],"neow_cost":"NONE","seed_source_timestamp":43122287134997,"circlet_count":0,"master_deck":["AscendersBane","Strike_R","Strike_R","Strike_R","Defend_R","Defend_R","Defend_R","Bash+1","Disarm+1","Wild Strike+1","True Grit+1","Uppercut+1","Shockwave","Disarm+1","Shrug It Off","Whirlwind+1","Inflame","Corruption+1","Rampage","Shrug It Off","Dark Shackles","Offering","Spot Weakness","Spot Weakness","Metallicize","Flame Barrier"],"special_seed":0,"relics":["Burning Blood","Potion Belt","Bird Faced Urn","Lantern","Mummified Hand","Fusion Hammer","GremlinMask","Ancient Tea Set","Shuriken","StoneCalendar","Cursed Key","Ornamental Fan"],"potions_floor_usage":[42],"damage_taken":[{"damage":5.0,"enemies":"2 Louse","floor":1.0,"turns":4.0},{"damage":20.0,"enemies":"Jaw Worm","floor":2.0,"turns":4.0},{"damage":27.0,"enemies":"Lagavulin","floor":7.0,"turns":7.0},{"damage":0.0,"enemies":"Cultist","floor":11.0,"turns":3.0},{"damage":0.0,"enemies":"3 Louse","floor":12.0,"turns":3.0},{"damage":6.0,"enemies":"Gremlin Nob","floor":14.0,"turns":3.0},{"damage":0.0,"enemies":"The Guardian","floor":16.0,"turns":14.0},{"damage":0.0,"enemies":"3 Byrds","floor":18.0,"turns":6.0},{"damage":23.0,"enemies":"Chosen","floor":20.0,"turns":7.0},{"damage":6.0,"enemies":"Sentry and Sphere","floor":22.0,"turns":6.0},{"damage":37.0,"enemies":"Gremlin Leader","floor":24.0,"turns":6.0},{"damage":8.0,"enemies":"3 Cultists","floor":27.0,"turns":5.0},{"damage":36.0,"enemies":"Book of Stabbing","floor":28.0,"turns":5.0},{"damage":91.0,"enemies":"Champ","floor":33.0,"turns":13.0},{"damage":9,"enemies":"3 Darklings","floor":35,"turns":5},{"damage":14,"enemies":"Orb Walker","floor":37,"turns":4},{"damage":15,"enemies":"Transient","floor":41,"turns":6},{"damage":71,"enemies":"Giant Head","floor":42,"turns":7},{"damage":39,"enemies":"Writhing Mass","floor":46,"turns":6},{"damage":10,"enemies":"Sphere and 2 Shapes","floor":47,"turns":7},{"damage":44,"enemies":"Spire Growth","floor":48,"turns":4}],"seed_played":"-7569730307282470495","potions_obtained":[{"floor":2.0,"key":"Fire Potion"},{"floor":8.0,"key":"FearPotion"},{"floor":8.0,"key":"Strength Potion"},{"floor":16.0,"key":"LiquidBronze"},{"floor":20.0,"key":"FairyPotion"},{"floor":24.0,"key":"Block Potion"},{"floor":33.0,"key":"Energy Potion"},{"floor":41,"key":"EssenceOfSteel"},{"floor":46,"key":"SpeedPotion"}],"is_trial":false,"path_per_floor":["M","M","?","$","?","R","E","?","T","R","M","M","R","E","R","B",null,"M","?","M","?","M","R","E","R","T","M","E","R","?","$","R","B",null,"M","?","M","$","?","R","M","E","T","R","$","M","M","M"],"character_chosen":"IRONCLAD","items_purchased":["True Grit","Shrug It Off","SpeedPotion","SpeedPotion","Dark Shackles","Spot Weakness"],"campfire_rested":6,"item_purchase_floors":[4,31,31,31,31,45],"current_hp_per_floor":[69,55,55,55,32,32,11,11,11,33,39,45,45,45,45,51,69,75,75,58,37,37,61,32,56,56,56,30,54,90,90,90,9,70,71,71,67,67,67,90,85,24,24,51,51,22,24,0],"gold":59,"neow_bonus":"RANDOM_COMMON_RELIC","is_prod":false,"is_daily":false,"chose_seed":false,"campfire_upgraded":3,"win_rate":0,"timestamp":1560724206,"path_taken":["M","M","?","$","?","R","E","?","T","R","M","?","R","E","R","BOSS","M","?","?","?","M","R","E","R","T","M","E","R","?","$","R","BOSS","M","?","?","$","?","R","M","E","T","R","$","M","M","M"],"build_version":"2019-01-23","purchased_purges":3,"victory":false,"max_hp_per_floor":[75,75,75,75,75,75,75,75,75,75,75,75,75,75,75,75,75,75,75,75,80,80,80,80,80,80,80,80,80,90,90,90,90,90,90,90,90,90,90,90,90,90,90,90,90,90,90,90],"card_choices":[{"not_picked":["Cleave","Searing Blow"],"picked":"Disarm","floor":1.0},{"not_picked":["True Grit","Perfected Strike"],"picked":"Wild Strike","floor":2.0},{"not_picked":["Sword Boomerang","Thunderclap"],"picked":"Uppercut","floor":7.0},{"not_picked":["Reckless Charge","Uppercut","Power Through"],"picked":"SKIP","floor":11.0},{"not_picked":["Headbutt","Iron Wave"],"picked":"Shockwave","floor":12.0},{"not_picked":["Perfected Strike","Shrug It Off"],"picked":"Disarm","floor":14.0},{"not_picked":["Juggernaut","Exhume"],"picked":"Limit Break","floor":16.0},{"not_picked":["Headbutt","Perfected Strike"],"picked":"Shrug It Off","floor":18.0},{"not_picked":["True Grit","Blood for Blood"],"picked":"Whirlwind+1","floor":20.0},{"not_picked":["Thunderclap","Cleave"],"picked":"Inflame","floor":22.0},{"not_picked":["Whirlwind","Dropkick","Iron Wave"],"picked":"SKIP","floor":24.0},{"not_picked":["Rampage","Thunderclap"],"picked":"Corruption+1","floor":27.0},{"not_picked":["Blood for Blood","Pummel"],"picked":"Rampage","floor":28.0},{"not_picked":["Exhume","Bludgeon"],"picked":"Offering","floor":33.0},{"not_picked":["Blood for Blood","Body Slam","Havoc"],"picked":"SKIP","floor":35},{"not_picked":["Bloodletting+1","Anger","Sentinel"],"picked":"SKIP","floor":37},{"not_picked":["Perfected Strike","Headbutt"],"picked":"Spot Weakness","floor":41},{"not_picked":["Power Through","Headbutt","Heavy Blade"],"picked":"SKIP","floor":42},{"not_picked":["Entrench+1","Clash"],"picked":"Metallicize","floor":46},{"not_picked":["Body Slam","Clothesline"],"picked":"Flame Barrier","floor":47}],"player_experience":1375841,"relics_obtained":[{"floor":7.0,"key":"Bird Faced Urn"},{"floor":9.0,"key":"Lantern"},{"floor":14.0,"key":"Mummified Hand"},{"floor":24.0,"key":"Ancient Tea Set"},{"floor":26.0,"key":"Shuriken"},{"floor":28.0,"key":"StoneCalendar"},{"floor":42,"key":"Ornamental Fan"}],"event_choices":[{"damage_healed":0.0,"max_hp_gain":0.0,"max_hp_loss":0.0,"gold_gain":0.0,"event_name":"Living Wall","player_choice":"Grow","floor":3.0,"gold_loss":0.0,"damage_taken":0.0,"cards_upgraded":["Bash"]},{"damage_healed":0.0,"max_hp_gain":0.0,"max_hp_loss":0.0,"gold_gain":0.0,"event_name":"Shining Light","player_choice":"Entered Light","floor":5.0,"gold_loss":0.0,"damage_taken":23.0,"cards_upgraded":["Wild Strike","Disarm"]},{"damage_healed":0.0,"max_hp_gain":0.0,"max_hp_loss":0.0,"gold_gain":0.0,"event_name":"Lab","player_choice":"Got Potions","floor":8.0,"gold_loss":0.0,"damage_taken":0.0},{"damage_healed":0.0,"max_hp_gain":0.0,"max_hp_loss":0.0,"gold_gain":0.0,"event_name":"FaceTrader","player_choice":"Trade","floor":19.0,"gold_loss":0.0,"damage_taken":0.0,"relics_obtained":["GremlinMask"]},{"damage_healed":0.0,"max_hp_gain":5.0,"max_hp_loss":0.0,"gold_gain":0.0,"event_name":"Forgotten Altar","player_choice":"Shed Blood","floor":21.0,"gold_loss":0.0,"damage_taken":26.0},{"cards_removed":["Limit Break"],"damage_healed":26.0,"max_hp_gain":10.0,"max_hp_loss":0.0,"gold_gain":0.0,"event_name":"Bonfire Elementals","player_choice":"Offered Rare","floor":30.0,"gold_loss":0.0,"damage_taken":0.0},{"damage_healed":0,"gold_gain":0,"player_choice":"0 cards matched","damage_taken":0,"max_hp_gain":0,"max_hp_loss":0,"event_name":"Match and Keep!","floor":36,"gold_loss":0,"cards_obtained":[]},{"cards_removed":["Defend_R"],"damage_healed":0,"gold_gain":0,"player_choice":"Removed Skill","damage_taken":0,"max_hp_gain":0,"max_hp_loss":0,"event_name":"Falling","floor":39,"gold_loss":0}],"is_beta":false,"boss_relics":[{"not_picked":["Busted Crown","Astrolabe"],"picked":"Fusion Hammer"},{"not_picked":["Orrery","White Beast Statue"],"picked":"Cursed Key"}],"items_purged_floors":[4,31,45],"is_endless":false,"potions_floor_spawned":[2,16,20,24,33,41,46,47],"killed_by":"Spire Growth","ascension_level":20}