{"gold_per_floor":[117,30,30,30,40,73,73,99,123,123,137,149,184,184,184,184],"floor_reached":16,"playtime":737,"items_purged":[],"score":236,"play_id":"aee96065-8325-4387-9b8f-3174c6a147fe","local_time":"20190207141821","is_ascension_mode":true,"campfire_choices":[{"data":"Bash","floor":7,"key":"SMITH"},{"floor":10,"key":"REST"},{"floor":15,"key":"REST"}],"neow_cost":"NONE","seed_source_timestamp":7081980131119,"circlet_count":0,"master_deck":["AscendersBane","Strike_R","Strike_R","Strike_R","Strike_R","Defend_R","Defend_R","Defend_R","Defend_R","Bash+1","Twin Strike","Battle Trance","Evolve","Anger","Ghostly Armor","Bludgeon","Battle Trance"],"relics":["Burning Blood","Happy Flower","Bottled Flame","Anchor","Mummified Hand","Champion Belt"],"potions_floor_usage":[6,12],"damage_taken":[{"damage":10,"enemies":"2 Louse","floor":1,"turns":3},{"damage":1,"enemies":"Small Slimes","floor":5,"turns":4},{"damage":36,"enemies":"Gremlin Nob","floor":6,"turns":4},{"damage":15,"enemies":"3 Sentries","floor":8,"turns":8},{"damage":0,"enemies":"Cultist","floor":11,"turns":2},{"damage":1,"enemies":"Blue Slaver","floor":12,"turns":4},{"damage":24,"enemies":"Lagavulin","floor":13,"turns":4},{"damage":49,"enemies":"Slime Boss","floor":16,"turns":6}],"seed_played":"-157854301117742009","potions_obtained":[{"floor":1,"key":"Explosive Potion"},{"floor":8,"key":"Block Potion"}],"is_trial":false,"path_per_floor":["M","$","?","?","M","E","R","E","T","R","M","M","E","?","R","B"],"character_chosen":"IRONCLAD","items_purchased":["Evolve"],"campfire_rested":2,"item_purchase_floors":[2],"current_hp_per_floor":[64,64,64,57,62,32,32,23,23,45,51,56,38,27,49,0],"gold":184,"neow_bonus":"THREE_CARDS","is_prod":false,"is_daily":false,"chose_seed":false,"campfire_upgraded":1,"win_rate":0,"timestamp":1549545501,"path_taken":["M","$","?","?","M","E","R","E","T","R","M","M","E","?","R","BOSS"],"build_version":"2019-01-23","purchased_purges":0,"victory":false,"max_hp_per_floor":[75,75,75,75,75,75,75,75,75,75,75,75,75,75,75,75],"card_choices":[{"not_picked":["Clash","Flex"],"picked":"Twin Strike","floor":0},{"not_picked":["Sentinel","Flex"],"picked":"Battle Trance","floor":1},{"not_picked":["Armaments","Twin Strike"],"picked":"Anger","floor":5},{"not_picked":["Searing Blow","Warcry"],"picked":"Ghostly Armor","floor":6},{"not_picked":["Rupture","Havoc","Dropkick"],"picked":"SKIP","floor":8},{"not_picked":["Bloodletting","Sever Soul","Sword Boomerang"],"picked":"SKIP","floor":11},{"not_picked":["Headbutt","Armaments"],"picked":"Bludgeon","floor":12},{"not_picked":["Wild Strike","Carnage"],"picked":"Battle Trance","floor":13}],"player_experience":909339,"relics_obtained":[{"floor":6,"key":"Happy Flower"},{"floor":8,"key":"Bottled Flame"},{"floor":9,"key":"Anchor"},{"floor":13,"key":"Mummified Hand"}],"event_choices":[{"damage_healed":0,"gold_gain":0,"player_choice":"Ignored","damage_taken":0,"max_hp_gain":0,"max_hp_loss":0,"event_name":"Liars Game","floor":3,"gold_loss":0},{"cards_removed":["Strike_R"],"damage_healed":0,"gold_gain":0,"player_choice":"Card Removal","damage_taken":7,"max_hp_gain":0,"max_hp_loss":0,"event_name":"Golden Wing","floor":4,"gold_loss":0},{"damage_healed":0,"gold_gain":0,"player_choice":"Success","damage_taken":11,"relics_obtained":["Champion Belt"],"max_hp_gain":0,"max_hp_loss":0,"event_name":"Scrap Ooze","floor":14,"gold_loss":0}],"is_beta":false,"boss_relics":[],"items_purged_floors":[],"is_endless":false,"potions_floor_spawned":[1,8],"killed_by":"Slime Boss","ascension_level":20}