{"path_per_floor":["M","?","T","?","M","R","M","R","T","M","M","$","E","M","R","B",null,"M","?","?","M","M","R","M","M","T","$","M"],"character_chosen":"IRONCLAD","items_purchased":["Bottled Flame","Regen Potion","Strawberry","Clothesline"],"gold_per_floor":[118,118,118,193,211,211,229,229,229,247,260,21,50,64,64,161,161,173,173,173,184,202,202,212,224,224,8,20],"floor_reached":29,"campfire_rested":1,"playtime":2354,"current_hp_per_floor":[80,80,80,69,75,75,80,80,80,74,80,80,54,56,56,42,80,38,38,38,28,11,35,31,29,43,50,38],"items_purged":[],"gold":20,"play_id":"712e9301-496a-40d5-ae3c-57fe49b3c6c4","is_prod":false,"is_daily":false,"campfire_rituals":0,"campfire_upgraded":2,"is_hardmode":false,"path_taken":["M","?","?","?","?","R","M","R","T","M","M","?","E","?","R","BOSS","M","?","?","?","M","R","M","M","T","$","M","E"],"build_version":"2018-01-18-PROD4","purchased_purges":0,"victory":false,"master_deck":["Strike_R","Strike_R","Strike_R","Strike_R","Strike_R","Defend_R","Defend_R","Defend_R","Defend_R","Bash","Iron Wave","Flex","Anger","Headbutt","Cleave","Feed","Armaments","Reaper","Feel No Pain","Sword Boomerang","Body Slam","Rampage","Flame Barrier","Clothesline","Armaments"],"max_hp_per_floor":[80,80,80,80,80,80,80,80,80,80,80,80,80,80,80,80,80,80,80,80,80,80,80,80,80,94,101,105],"relics":["Burning Blood","Oddly Smooth Stone","Pantograph","Girya","Bottled Flame","Gremlin Horn","Lizard Tail","Torii","Mango","Strawberry"],"campfire_meditates":0,"card_choices":[{"not_picked":["Infernal Blade","Heavy Blade"],"picked":"Iron Wave"},{"not_picked":["Intimidate","True Grit"],"picked":"Flex"},{"not_picked":["Iron Wave","Offering"],"picked":"Anger"},{"not_picked":["Flex","Clothesline"],"picked":"Headbutt"},{"not_picked":["Twin Strike","Anger"],"picked":"Cleave"},{"not_picked":["Burning Pact","Fiend Fire"],"picked":"Feed"},{"not_picked":["Seeing Red","Feel No Pain"],"picked":"Armaments"},{"not_picked":["Fiend Fire","Brutality"],"picked":"Reaper"},{"not_picked":["Armaments","Power Through"],"picked":"Feel No Pain"},{"not_picked":["Armaments","True Grit"],"picked":"Sword Boomerang"},{"not_picked":["Bloodletting","Shrug It Off"],"picked":"Body Slam"},{"not_picked":["Battle Trance","Cleave"],"picked":"Rampage"},{"not_picked":["Clothesline","Sever Soul"],"picked":"Flame Barrier"},{"not_picked":["Fire Breathing","Heavy Blade"],"picked":"Armaments"}],"player_experience":12470,"potions_floor_usage":[21,22,22,24,25,29],"damage_taken":[{"damage":1,"enemies":"Jaw Worm","floor":1,"turns":4},{"damage":0,"enemies":"Small Slimes","floor":5,"turns":4},{"damage":0,"enemies":"Cultist","floor":7,"turns":4},{"damage":12,"enemies":"Exordium Thugs","floor":10,"turns":5},{"damage":0,"enemies":"Large Slime","floor":11,"turns":4},{"damage":32,"enemies":"Lagavulin","floor":13,"turns":7},{"damage":4,"enemies":"Looter","floor":14,"turns":2},{"damage":44,"enemies":"The Guardian","floor":16,"turns":13},{"damage":48,"enemies":"Spheric Guardian","floor":18,"turns":6},{"damage":16,"enemies":"Shell Parasite","floor":21,"turns":9},{"damage":34,"enemies":"Centurion and Healer","floor":22,"turns":5},{"damage":10,"enemies":"Snecko","floor":24,"turns":5},{"damage":53,"enemies":"Sentry and Sphere","floor":25,"turns":8},{"damage":37,"enemies":"3 Cultists","floor":28,"turns":7},{"damage":46,"enemies":"Slavers","floor":29,"turns":4}],"event_choices":[{"event_name":"Liars Game","player_choice":"disagreed","floor":2,"damage_taken":0},{"event_name":"World of Goop","player_choice":"Gather Gold","floor":4,"damage_taken":0},{"event_name":"The Mausoleum","player_choice":"Yes","floor":19,"damage_taken":0},{"event_name":"Beggar","player_choice":"Ignored","floor":20,"damage_taken":0}],"boss_relics":[{"not_picked":["Calling Bell","Runic Pyramid"],"picked":"Lizard Tail"}],"potions_floor_spawned":[5,13,14,18,21,24],"seed_played":"7541424735409902561","killed_by":"Slavers","is_trial":false}