{"gold_per_floor":[117,48,48,64,139,173,173,203,203,203,213,247,19,36,36,115,115,126,26,26,45,61,61,77,77],"floor_reached":25,"playtime":841,"items_purged":["Strike_R","Strike_R"],"score":406,"play_id":"c49c2c3e-c31b-4a34-a60b-66af3ecc58c0","local_time":"20190505101422","is_ascension_mode":true,"campfire_choices":[{"data":"Body Slam","floor":7,"key":"SMITH"},{"data":"Flame Barrier","floor":10,"key":"SMITH"},{"data":"Inflame","floor":15,"key":"SMITH"},{"data":"Defend_R","floor":23,"key":"SMITH"}],"neow_cost":"NONE","seed_source_timestamp":1452527804464575,"circlet_count":0,"master_deck":["AscendersBane","Strike_R","Strike_R","Strike_R","Defend_R+1","Defend_R","Defend_R","Defend_R","Body Slam+1","Inflame+1","Flame Barrier+1","Whirlwind+1","Rampage+1","Demon Form","Heavy Blade+1","Pummel+1"],"relics":["Burning Blood","NeowsBlessing","Molten Egg 2","Pen Nib","Dream Catcher","Potion Belt","PreservedInsect","Coffee Dripper"],"potions_floor_usage":[8,12,12,22,22,25],"damage_taken":[{"damage":0,"enemies":"2 Louse","floor":1,"turns":1},{"damage":0,"enemies":"Cultist","floor":4,"turns":1},{"damage":0,"enemies":"Gremlin Nob","floor":6,"turns":1},{"damage":10,"enemies":"3 Sentries","floor":8,"turns":4},{"damage":5,"enemies":"Small Slimes","floor":11,"turns":3},{"damage":10,"enemies":"Lagavulin","floor":12,"turns":4},{"damage":16,"enemies":"Blue Slaver","floor":14,"turns":4},{"damage":23,"enemies":"The Guardian","floor":16,"turns":9},{"damage":0,"enemies":"3 Byrds","floor":18,"turns":1},{"damage":29,"enemies":"2 Thieves","floor":21,"turns":3},{"damage":42,"enemies":"Shelled Parasite and Fungi","floor":22,"turns":5},{"damage":21,"enemies":"Snake Plant","floor":24,"turns":4},{"damage":20,"enemies":"Book of Stabbing","floor":25,"turns":3}],"seed_played":"419487378076582742","potions_obtained":[{"floor":1,"key":"Weak Potion"},{"floor":3,"key":"Fire Potion"},{"floor":8,"key":"SteroidPotion"},{"floor":11,"key":"Swift Potion"},{"floor":14,"key":"BloodPotion"},{"floor":21,"key":"Poison Potion"},{"floor":24,"key":"SpeedPotion"}],"is_trial":false,"path_per_floor":["M","$","?","M","?","E","R","E","T","R","M","E","$","M","R","B",null,"M","$","?","M","M","R","M","E"],"character_chosen":"IRONCLAD","items_purchased":["Inflame","PreservedInsect"],"campfire_rested":0,"item_purchase_floors":[2,13],"current_hp_per_floor":[78,78,78,80,69,75,75,71,71,71,72,68,68,58,58,41,70,76,76,76,53,25,25,10,0],"gold":77,"neow_bonus":"THREE_ENEMY_KILL","is_prod":false,"is_daily":false,"chose_seed":false,"campfire_upgraded":4,"win_rate":0,"timestamp":1557062062,"path_taken":["M","$","?","?","?","E","R","E","T","R","M","E","$","M","R","BOSS","M","$","?","?","M","R","M","E"],"build_version":"2019-01-23","purchased_purges":2,"victory":false,"max_hp_per_floor":[80,80,80,80,80,80,80,80,80,80,80,80,80,80,80,80,80,80,80,80,80,80,80,80,80],"card_choices":[{"not_picked":["Second Wind","Hemokinesis"],"picked":"Body Slam","floor":1},{"not_picked":["Ghostly Armor","Twin Strike"],"picked":"Flame Barrier","floor":4},{"not_picked":["True Grit","Flame Barrier"],"picked":"Whirlwind","floor":6},{"not_picked":["Armaments","Exhume","Infernal Blade"],"picked":"SKIP","floor":8},{"not_picked":["Battle Trance","Warcry"],"picked":"Rampage+1","floor":11},{"not_picked":["Hemokinesis+1","Perfected Strike+1","Fire Breathing"],"picked":"SKIP","floor":12},{"not_picked":["Rampage+1","Armaments","Infernal Blade"],"picked":"SKIP","floor":14},{"not_picked":["Berserk","Reaper+1"],"picked":"Demon Form","floor":16},{"not_picked":["Fire Breathing","Warcry"],"picked":"Heavy Blade+1","floor":18},{"not_picked":["Warcry","Body Slam+1","Clothesline+1"],"picked":"SKIP","floor":21},{"not_picked":["Body Slam+1","Bloodletting","Clothesline+1"],"picked":"SKIP","floor":22},{"not_picked":["Twin Strike+1","Corruption"],"picked":"Pummel+1","floor":24}],"player_experience":694323,"relics_obtained":[{"floor":6,"key":"Molten Egg 2"},{"floor":8,"key":"Pen Nib"},{"floor":9,"key":"Dream Catcher"},{"floor":12,"key":"Potion Belt"}],"event_choices":[{"damage_healed":0,"gold_gain":0,"player_choice":"Got Potions","damage_taken":0,"max_hp_gain":0,"max_hp_loss":0,"event_name":"Lab","floor":3,"gold_loss":0},{"damage_healed":0,"gold_gain":75,"player_choice":"Gather Gold","damage_taken":11,"max_hp_gain":0,"max_hp_loss":0,"event_name":"World of Goop","floor":5,"gold_loss":0},{"cards_removed":["Bash"],"damage_healed":0,"gold_gain":0,"player_choice":"Offered Basic","damage_taken":0,"max_hp_gain":0,"max_hp_loss":0,"event_name":"Bonfire Elementals","floor":20,"gold_loss":0}],"is_beta":false,"boss_relics":[{"not_picked":["Eternal Feather","Black Star"],"picked":"Coffee Dripper"}],"items_purged_floors":[13,19],"is_endless":false,"potions_floor_spawned":[1,8,11,14,21,24],"killed_by":"Book of Stabbing","ascension_level":13}