{"gold_per_floor":[111,126,126,140,216,244,264,284,333,333,54,68,68,79,79,179,229,248,275,275,286,19,19,52,52,52,62,62,76,76,105,105,105],"floor_reached":33,"playtime":1479,"items_purged":["Strike_R"],"score":337,"play_id":"429e9f2e-e3eb-4a76-bb30-028e7ae0ab1c","local_time":"20190312135535","is_ascension_mode":false,"campfire_choices":[{"floor":10,"key":"RECALL"},{"data":"Dropkick","floor":13,"key":"SMITH"},{"floor":15,"key":"REST"},{"data":"True Grit","floor":23,"key":"SMITH"},{"data":"Metallicize","floor":25,"key":"SMITH"},{"data":"Flame Barrier","floor":30,"key":"SMITH"},{"floor":32,"key":"REST"}],"neow_cost":"NONE","seed_source_timestamp":95451748167966,"circlet_count":0,"master_deck":["Strike_R+1","Strike_R","Strike_R+1","Strike_R+1","Defend_R","Defend_R","Defend_R","Defend_R+1","Bash","Flame Barrier+1","Reckless Charge","Cleave","Clothesline","Clash","Dropkick+1","Clash+1","Impervious","True Grit+1","Metallicize+1","Reckless Charge+1","Inflame"],"relics":["Burning Blood","NeowsBlessing","Question Card","Potion Belt","MealTicket","Tiny House","Red Mask","Membership Card","Whetstone","Red Skull","Letter Opener","Boot"],"potions_floor_usage":[6,14,16,18,19,19,19,21,24,24,24,24,29,33],"damage_taken":[{"damage":0,"enemies":"Cultist","floor":1,"turns":1},{"damage":0,"enemies":"Jaw Worm","floor":2,"turns":1},{"damage":0,"enemies":"2 Louse","floor":4,"turns":1},{"damage":40,"enemies":"Gremlin Nob","floor":6,"turns":6},{"damage":5,"enemies":"Exordium Wildlife","floor":7,"turns":5},{"damage":0,"enemies":"Large Slime","floor":8,"turns":5},{"damage":9,"enemies":"Blue Slaver","floor":12,"turns":4},{"damage":0,"enemies":"Lots of Slimes","floor":14,"turns":4},{"damage":0,"enemies":"Slime Boss","floor":16,"turns":9},{"damage":24,"enemies":"Shell Parasite","floor":18,"turns":5},{"damage":13,"enemies":"Masked Bandits","floor":19,"turns":4},{"damage":3,"enemies":"Spheric Guardian","floor":21,"turns":5},{"damage":29,"enemies":"Slavers","floor":24,"turns":5},{"damage":11,"enemies":"Shelled Parasite and Fungi","floor":27,"turns":6},{"damage":14,"enemies":"Centurion and Healer","floor":29,"turns":7},{"damage":26,"enemies":"Gremlin Leader","floor":31,"turns":9},{"damage":71,"enemies":"Collector","floor":33,"turns":13}],"seed_played":"4104027251177888541","potions_obtained":[{"floor":4,"key":"Ancient Potion"},{"floor":7,"key":"Poison Potion"},{"floor":8,"key":"SpeedPotion"},{"floor":14,"key":"FearPotion"},{"floor":17,"key":"Energy Potion"},{"floor":18,"key":"EntropicBrew"},{"floor":21,"key":"Strength Potion"},{"floor":27,"key":"Dexterity Potion"},{"floor":31,"key":"SteroidPotion"}],"is_trial":false,"path_per_floor":["M","M","?","M","T","E","M","M","T","R","$","M","R","M","R","B",null,"M","?","?","M","$","R","E","R","T","M","?","M","R","E","R","B"],"character_chosen":"IRONCLAD","items_purchased":["MealTicket","Membership Card","Whetstone"],"campfire_rested":2,"item_purchase_floors":[11,22,22],"current_hp_per_floor":[80,80,64,70,70,36,37,43,43,43,43,40,40,46,70,76,85,67,60,60,63,63,63,48,48,48,43,71,63,63,43,68,0],"gold":105,"neow_bonus":"THREE_ENEMY_KILL","is_prod":false,"is_daily":false,"chose_seed":false,"campfire_upgraded":4,"win_rate":0,"timestamp":1552409735,"path_taken":["M","M","?","M","?","E","?","M","T","R","$","?","R","M","R","BOSS","M","?","?","M","?","R","E","R","T","M","?","M","R","E","R","BOSS"],"build_version":"2019-01-23","purchased_purges":1,"victory":false,"max_hp_per_floor":[80,80,80,80,80,80,80,80,80,80,80,80,80,80,80,80,85,85,85,85,85,85,85,85,85,85,85,85,85,85,85,85,85],"card_choices":[{"not_picked":["Flex","Pummel"],"picked":"Flame Barrier","floor":1},{"not_picked":["Twin Strike","Wild Strike"],"picked":"Reckless Charge","floor":2},{"not_picked":["Sentinel","Flex","Fire Breathing"],"picked":"SKIP","floor":4},{"not_picked":["Shockwave","Havoc"],"picked":"Cleave","floor":6},{"not_picked":["Armaments","Shrug It Off","Cleave"],"picked":"Clothesline","floor":7},{"not_picked":["Pommel Strike","Burning Pact","Wild Strike"],"picked":"Clash","floor":8},{"not_picked":["True Grit","Thunderclap","Shrug It Off"],"picked":"Dropkick","floor":12},{"not_picked":["Fire Breathing","Perfected Strike","Warcry"],"picked":"Clash","floor":14},{"not_picked":["Fiend Fire","Offering","Bludgeon"],"picked":"Impervious","floor":16},{"not_picked":["Iron Wave","Blood for Blood","Twin Strike+1","Shrug It Off"],"picked":"SKIP","floor":18},{"not_picked":["Sever Soul+1","Headbutt","Clash+1"],"picked":"True Grit","floor":19},{"not_picked":["Pummel","Anger","Carnage"],"picked":"Metallicize","floor":21},{"not_picked":["Cleave","Impervious","Blood for Blood"],"picked":"Reckless Charge+1","floor":24},{"not_picked":["Hemokinesis","Burning Pact+1","Blood for Blood+1"],"picked":"Inflame","floor":27},{"not_picked":["Headbutt+1","Thunderclap+1","Blood for Blood","Cleave"],"picked":"SKIP","floor":29},{"not_picked":["Flex","Body Slam","Impervious","Headbutt"],"picked":"SKIP","floor":31}],"player_experience":503165,"relics_obtained":[{"floor":6,"key":"Question Card"},{"floor":9,"key":"Potion Belt"},{"floor":19,"key":"Red Mask"},{"floor":24,"key":"Red Skull"},{"floor":26,"key":"Letter Opener"},{"floor":31,"key":"Boot"}],"event_choices":[{"damage_healed":0,"gold_gain":0,"player_choice":"Entered Light","damage_taken":16,"max_hp_gain":0,"max_hp_loss":0,"event_name":"Shining Light","floor":3,"gold_loss":0,"cards_upgraded":["Strike_R","Strike_R"]},{"damage_healed":0,"gold_gain":0,"player_choice":"Fought Bandits","damage_taken":0,"max_hp_gain":0,"max_hp_loss":0,"event_name":"Masked Bandits","floor":19,"gold_loss":0},{"damage_healed":0,"gold_gain":0,"player_choice":"Ignored","damage_taken":0,"max_hp_gain":0,"max_hp_loss":0,"event_name":"Ghosts","floor":20,"gold_loss":0},{"damage_healed":28,"gold_gain":0,"player_choice":"Heal","damage_taken":0,"max_hp_gain":0,"max_hp_loss":0,"event_name":"The Library","floor":28,"gold_loss":0}],"is_beta":false,"boss_relics":[{"not_picked":["Orrery","Black Star"],"picked":"Tiny House"}],"items_purged_floors":[11],"is_endless":false,"potions_floor_spawned":[4,7,8,14,18,21,27,31],"killed_by":"Collector","ascension_level":0}