{"path_per_floor":["M","?","$","M","?","R","E","M","T","E","R","E","M","M","R","B",null,"M","M"],"character_chosen":"THE_SILENT","items_purchased":["Dagger Spray"],"gold_per_floor":[116,116,65,84,84,84,111,126,126,151,151,186,200,218,218,314,314,333,352],"floor_reached":20,"campfire_rested":1,"playtime":2564,"current_hp_per_floor":[70,70,70,70,70,70,70,70,70,55,55,47,47,47,68,55,70,61,52],"items_purged":[],"gold":352,"score":230,"play_id":"bc9fb143-f90a-478a-80f4-8d4e13284466","is_prod":false,"is_daily":false,"is_ascension_mode":true,"campfire_upgraded":1,"path_taken":["M","?","$","M","?","R","E","M","T","E","R","E","M","M","R","BOSS","M","M","M"],"build_version":"2018-02-15-PROD1","purchased_purges":0,"victory":false,"master_deck":["Defend_G","Defend_G","Defend_G","Defend_G","Defend_G","Strike_G","Strike_G","Strike_G","Strike_G","Strike_G","Survivor","Neutralize+1","Dodge and Roll","Dagger Spray","Outmaneuver","Storm of Steel","Neutralize+1","Backstab","PiercingWail","Accuracy","Dagger Throw","Envenom","Heel Hook","Outmaneuver","Storm of Steel","Deadly Poison","Footwork"],"max_hp_per_floor":[70,70,70,70,70,70,70,70,70,70,70,70,70,70,70,70,70,70,70],"relics":["Ring of the Snake","NeowsBlessing","Shovel","Ornamental Fan","Gremlin Horn","Sundial","Dream Catcher","The Specimen"],"card_choices":[{"not_picked":["Cloak And Dagger","Poisoned Stab"],"picked":"Dodge and Roll"},{"not_picked":["Dodge and Roll","Acrobatics"],"picked":"Outmaneuver"},{"not_picked":["Dodge and Roll","Masterful Stab"],"picked":"Backstab"},{"not_picked":["Slice","Dash"],"picked":"PiercingWail"},{"not_picked":["Dagger Spray","Flying Knee"],"picked":"Accuracy"},{"not_picked":["Underhanded Strike","PiercingWail"],"picked":"Dagger Throw"},{"not_picked":["Well Laid Plans","Dagger Spray"],"picked":"Envenom"},{"not_picked":["Prepared","Catalyst"],"picked":"Heel Hook"},{"not_picked":["Backflip","Slice"],"picked":"Outmaneuver"},{"not_picked":["Tools of the Trade","Corpse Explosion"],"picked":"Storm of Steel"},{"not_picked":["Flying Knee","Distraction"],"picked":"Deadly Poison"},{"not_picked":["Catalyst","Well Laid Plans"],"picked":"Footwork"}],"player_experience":116950,"potions_floor_usage":[12,12,16,20],"damage_taken":[{"damage":0,"enemies":"2 Louse","floor":1,"turns":1},{"damage":0,"enemies":"Small Slimes","floor":4,"turns":1},{"damage":0,"enemies":"Lagavulin","floor":7,"turns":2},{"damage":0,"enemies":"Cultist","floor":8,"turns":4},{"damage":15,"enemies":"3 Sentries","floor":10,"turns":8},{"damage":20,"enemies":"Gremlin Nob","floor":12,"turns":5},{"damage":0,"enemies":"Large Slime","floor":13,"turns":6},{"damage":0,"enemies":"Red Slaver","floor":14,"turns":4},{"damage":13,"enemies":"Hexaghost","floor":16,"turns":13},{"damage":9,"enemies":"Shell Parasite","floor":18,"turns":11},{"damage":9,"enemies":"3 Byrds","floor":19,"turns":7},{"damage":52,"enemies":"Slaver and Parasite","floor":20,"turns":10}],"event_choices":[{"event_name":"Living Wall","player_choice":"Grow","floor":2,"damage_taken":0},{"event_name":"Match and Keep!","player_choice":"2 cards matched","floor":5,"damage_taken":0}],"boss_relics":[{"not_picked":["Astrolabe","Question Card"],"picked":"The Specimen"}],"potions_floor_spawned":[8,10,14,16,19],"seed_played":"-1905926762896279224","killed_by":"Slaver and Parasite","ascension_level":1,"is_trial":false}