{"gold_per_floor":[113,127,127,143,13,13,13,13,36,36,56,56,71,110,110,206,206,182,205,220,13,13,13],"floor_reached":23,"playtime":969,"items_purged":["Strike_G"],"score":382,"play_id":"78886778-3cfa-4976-a435-3822a04462cf","local_time":"20181223173657","is_ascension_mode":true,"campfire_choices":[{"data":"Caltrops","floor":6,"key":"SMITH"},{"data":"After Image","floor":8,"key":"SMITH"},{"data":"Poisoned Stab","floor":10,"key":"SMITH"},{"data":"Catalyst","floor":12,"key":"SMITH"},{"data":"Neutralize","floor":15,"key":"SMITH"}],"neow_cost":"PERCENT_DAMAGE","seed_source_timestamp":18834024664815,"circlet_count":0,"master_deck":["AscendersBane","Defend_G","Defend_G","Defend_G","Defend_G","Defend_G","Strike_G","Strike_G","Strike_G","Survivor","Neutralize+1","After Image+1","Poisoned Stab+1","Skewer","Poisoned Stab","Caltrops+1","Backflip","Catalyst+1","PiercingWail","Deflect","Adrenaline","Backflip","Footwork","Dodge and Roll"],"relics":["Ring of the Snake","Golden Idol","Oddly Smooth Stone","Regal Pillow","Cursed Key","GremlinMask"],"potions_floor_usage":[14,23],"damage_taken":[{"damage":0,"enemies":"Cultist","floor":1,"turns":4},{"damage":0,"enemies":"Small Slimes","floor":2,"turns":5},{"damage":0,"enemies":"Jaw Worm","floor":4,"turns":5},{"damage":0,"enemies":"3 Louse","floor":11,"turns":5},{"damage":0,"enemies":"Red Slaver","floor":13,"turns":4},{"damage":5,"enemies":"Lagavulin","floor":14,"turns":7},{"damage":33,"enemies":"Hexaghost","floor":16,"turns":11},{"damage":1,"enemies":"2 Thieves","floor":18,"turns":4},{"damage":1,"enemies":"Shell Parasite","floor":19,"turns":5},{"damage":6,"enemies":"Snake Plant","floor":20,"turns":4},{"damage":39,"enemies":"Slavers","floor":23,"turns":4}],"seed_played":"-6711867835168388463","potions_obtained":[{"floor":2,"key":"Weak Potion"},{"floor":4,"key":"FearPotion"},{"floor":20,"key":"GamblersBrew"}],"is_trial":false,"path_per_floor":["M","M","?","M","$","R","?","R","T","R","M","R","M","E","R","B",null,"M","M","M","$","?","E"],"character_chosen":"THE_SILENT","items_purchased":["Caltrops","Backflip","Footwork","Dodge and Roll"],"campfire_rested":0,"item_purchase_floors":[5,5,21,21],"current_hp_per_floor":[44,44,44,44,44,44,44,44,44,44,44,44,44,39,39,6,47,46,45,39,39,39,0],"gold":13,"neow_bonus":"THREE_RARE_CARDS","is_prod":false,"is_daily":false,"chose_seed":false,"campfire_upgraded":5,"win_rate":0,"timestamp":1545583017,"path_taken":["M","?","?","M","$","R","?","R","T","R","M","R","M","E","R","BOSS","M","M","M","$","?","E"],"build_version":"2018-12-20","purchased_purges":1,"victory":false,"max_hp_per_floor":[66,66,66,66,66,66,60,60,60,60,60,60,60,60,60,60,60,60,60,60,60,60,60],"card_choices":[{"not_picked":["Grand Finale","Wraith Form v2"],"picked":"After Image","floor":0},{"not_picked":["Bouncing Flask","Accuracy"],"picked":"Poisoned Stab","floor":1},{"not_picked":["Cloak And Dagger","Deflect"],"picked":"Skewer","floor":2},{"not_picked":["Slice","Quick Slash"],"picked":"Poisoned Stab","floor":4},{"not_picked":["Underhanded Strike","Leg Sweep"],"picked":"Catalyst","floor":11},{"not_picked":["All Out Attack","Deadly Poison"],"picked":"PiercingWail","floor":13},{"not_picked":["Poisoned Stab","Acrobatics"],"picked":"Deflect","floor":14},{"not_picked":["Storm of Steel","Die Die Die"],"picked":"Adrenaline","floor":16},{"not_picked":["Leg Sweep","Blade Dance+1"],"picked":"Backflip","floor":18},{"not_picked":["Poisoned Stab","Accuracy","Reflex"],"picked":"SKIP","floor":19},{"not_picked":["Quick Slash","Prepared","All Out Attack"],"picked":"SKIP","floor":20}],"player_experience":689757,"relics_obtained":[{"floor":9,"key":"Oddly Smooth Stone"},{"floor":14,"key":"Regal Pillow"}],"event_choices":[{"cards_removed":["Strike_G"],"damage_healed":0,"gold_gain":0,"player_choice":"Forget","damage_taken":0,"max_hp_gain":0,"max_hp_loss":0,"event_name":"Living Wall","floor":3,"gold_loss":0},{"damage_healed":0,"gold_gain":0,"player_choice":"Lose Max HP","damage_taken":0,"relics_obtained":["Golden Idol"],"max_hp_gain":0,"max_hp_loss":6,"event_name":"Golden Idol","floor":7,"gold_loss":0},{"damage_healed":0,"gold_gain":0,"player_choice":"Trade","damage_taken":0,"relics_obtained":["GremlinMask"],"max_hp_gain":0,"max_hp_loss":0,"event_name":"FaceTrader","floor":22,"gold_loss":0}],"is_beta":false,"boss_relics":[{"not_picked":["Philosopher\u0027s Stone","Orrery"],"picked":"Cursed Key"}],"items_purged_floors":[21],"is_endless":false,"potions_floor_spawned":[2,4,20],"killed_by":"Slavers","ascension_level":20}