{"path_per_floor":["M","M","?","M","$","R","M","R","T","R","?","M","?","M","R","B",null,"M","?","M","M","M","R","M","?","T","$","M","M","?"],"character_chosen":"IRONCLAD","items_purchased":["Shrug It Off","Happy Flower"],"gold_per_floor":[112,131,131,145,19,19,32,32,32,32,32,47,47,72,72,197,197,217,217,238,259,274,274,288,288,311,63,88,111,111],"floor_reached":31,"campfire_rested":1,"playtime":1472,"current_hp_per_floor":[80,80,80,80,80,80,80,80,80,80,60,66,71,76,76,78,85,77,77,56,58,44,69,59,51,51,51,42,13,13],"items_purged":["Defend_R","Barricade"],"gold":111,"score":254,"play_id":"3f01c79c-6c63-4131-8750-b9d8d07966fe","local_time":"20180305160929","is_prod":false,"is_daily":false,"is_ascension_mode":true,"campfire_upgraded":4,"timestamp":1520280569,"path_taken":["M","M","?","M","$","R","M","R","T","R","?","M","?","?","R","BOSS","M","?","M","M","M","R","M","?","T","$","M","?","?","M"],"build_version":"2018-03-01-PROD1","purchased_purges":3,"victory":false,"master_deck":["Strike_R","Strike_R","Strike_R","Strike_R","Strike_R","Defend_R","Defend_R","Defend_R","Bash+1","Armaments","Headbutt+1","Flex","Shrug It Off+1","Flex","Pommel Strike+1","Clothesline","Thunderclap","Parasite","Bash","Double Tap","Clash","Disarm","Dual Wield"],"max_hp_per_floor":[80,80,80,80,80,80,80,80,80,80,80,80,85,85,85,85,85,85,85,85,85,85,85,85,85,85,85,85,85,85],"relics":["Burning Blood","Bag of Preparation","Shovel","Golden Idol","Sozu","Omamori","Happy Flower"],"card_choices":[{"not_picked":["Carnage","Shockwave"],"picked":"Armaments"},{"not_picked":["Warcry","Perfected Strike"],"picked":"Headbutt"},{"not_picked":["Perfected Strike","Impervious"],"picked":"Flex"},{"not_picked":["True Grit","Body Slam"],"picked":"Flex"},{"not_picked":["Searing Blow","Havoc"],"picked":"Pommel Strike"},{"not_picked":["Havoc","Berserk"],"picked":"Clothesline"},{"not_picked":["Impervious","Fiend Fire"],"picked":"Barricade"},{"not_picked":["Evolve","Disarm"],"picked":"Thunderclap"},{"not_picked":["Twin Strike","Evolve"],"picked":"Clash"},{"not_picked":["Thunderclap","Armaments"],"picked":"Disarm"},{"not_picked":["Bloodletting","Iron Wave"],"picked":"Dual Wield"}],"player_experience":192954,"potions_floor_usage":[16,16,18,21],"damage_taken":[{"damage":4,"enemies":"2 Louse","floor":1,"turns":4},{"damage":0,"enemies":"Small Slimes","floor":2,"turns":3},{"damage":6,"enemies":"Cultist","floor":4,"turns":3},{"damage":0,"enemies":"Large Slime","floor":7,"turns":4},{"damage":0,"enemies":"Exordium Wildlife","floor":12,"turns":2},{"damage":1,"enemies":"Red Slaver","floor":14,"turns":4},{"damage":4,"enemies":"Slime Boss","floor":16,"turns":6},{"damage":29,"enemies":"3 Byrds","floor":18,"turns":8},{"damage":27,"enemies":"Shell Parasite","floor":20,"turns":6},{"damage":19,"enemies":"3 Cultists","floor":21,"turns":6},{"damage":20,"enemies":"Snecko","floor":22,"turns":4},{"damage":16,"enemies":"Centurion and Healer","floor":24,"turns":5},{"damage":15,"enemies":"Cultist and Chosen","floor":28,"turns":7},{"damage":35,"enemies":"Snake Plant","floor":29,"turns":5},{"damage":16,"enemies":"Centurion and Healer","floor":31,"turns":3}],"event_choices":[{"event_name":"Liars Game","player_choice":"disagreed","floor":3,"damage_taken":0},{"event_name":"Golden Idol","player_choice":"Take Damage","floor":11,"damage_taken":0},{"event_name":"Big Fish","player_choice":"Donut","floor":13,"damage_taken":0},{"event_name":"Match and Keep!","player_choice":"3 cards matched","floor":19,"damage_taken":0},{"event_name":"Match and Keep!","player_choice":"3 cards matched","floor":19,"damage_taken":0},{"event_name":"Knowing Skull","player_choice":"","floor":25,"damage_taken":0},{"event_name":"Cursed Tome","player_choice":"Ignored","floor":30,"damage_taken":0}],"boss_relics":[{"not_picked":["Pandora\u0027s Box","Mark of Pain"],"picked":"Sozu"}],"potions_floor_spawned":[1,4,14,16,22,28],"seed_played":"7331584541220771821","killed_by":"Centurion and Healer","ascension_level":2,"is_trial":false}