{"gold_per_floor":[117,97,116,17,35,62,62,78,124,158,187,199,211,237,249,335,347,359],"floor_reached":18,"playtime":1753,"items_purged":["Strike_R"],"score":327,"play_id":"73b324b6-8db7-4974-af18-b8453dbb1b30","local_time":"20190521094500","is_ascension_mode":true,"campfire_choices":[{"floor":13,"key":"REST"},{"floor":15,"key":"REST"}],"neow_cost":"NONE","seed_source_timestamp":265530832108467,"circlet_count":0,"master_deck":["AscendersBane","Strike_R","Strike_R","Strike_R","Strike_R","Defend_R","Defend_R","Defend_R","Defend_R","Bash","Rampage","Cleave","Pommel Strike","Rage","Battle Trance","Uppercut","Intimidate","Limit Break"],"relics":["Black Blood","Ancient Tea Set","Pear","Red Skull","MawBank","Shuriken"],"potions_floor_usage":[6,8,16],"damage_taken":[{"damage":13,"enemies":"2 Louse","floor":1,"turns":3},{"damage":6,"enemies":"Cultist","floor":3,"turns":3},{"damage":6,"enemies":"Jaw Worm","floor":5,"turns":4},{"damage":50,"enemies":"3 Sentries","floor":6,"turns":9},{"damage":2,"enemies":"2 Fungi Beasts","floor":8,"turns":3},{"damage":30,"enemies":"Gremlin Nob","floor":10,"turns":4},{"damage":0,"enemies":"Looter","floor":11,"turns":2},{"damage":8,"enemies":"Gremlin Gang","floor":14,"turns":5},{"damage":59,"enemies":"Slime Boss","floor":16,"turns":10},{"damage":81,"enemies":"3 Byrds","floor":18,"turns":6}],"seed_played":"7049805108600841314","potions_obtained":[{"floor":1,"key":"BloodPotion"},{"floor":2,"key":"Weak Potion"},{"floor":5,"key":"Energy Potion"},{"floor":11,"key":"Fire Potion"},{"floor":16,"key":"BloodPotion"}],"is_trial":false,"path_per_floor":["M","?","M","$","M","E","$","M","T","E","M","T","R","M","R","B",null,"M"],"character_chosen":"IRONCLAD","items_purchased":["Pommel Strike"],"campfire_rested":2,"item_purchase_floors":[4],"current_hp_per_floor":[61,61,61,61,61,27,27,39,39,15,21,21,46,44,69,16,68,0],"gold":359,"neow_bonus":"RANDOM_COMMON_RELIC","is_prod":false,"is_daily":false,"chose_seed":false,"campfire_upgraded":0,"win_rate":0,"timestamp":1558442700,"path_taken":["M","?","M","$","M","E","$","?","T","E","?","?","R","M","R","BOSS","M"],"build_version":"2019-01-23","purchased_purges":1,"victory":false,"max_hp_per_floor":[75,75,75,75,75,85,85,85,85,85,85,85,85,85,85,85,85,85],"card_choices":[{"not_picked":["Sentinel","Evolve"],"picked":"Rampage","floor":1},{"not_picked":["Uppercut","Combust"],"picked":"Cleave","floor":3},{"not_picked":["Clash","Clothesline","Burning Pact"],"picked":"SKIP","floor":5},{"not_picked":["Pummel","Pommel Strike"],"picked":"Rage","floor":6},{"not_picked":["Heavy Blade","Clothesline"],"picked":"Battle Trance","floor":8},{"not_picked":["Bloodletting","Warcry"],"picked":"Uppercut","floor":10},{"not_picked":["Havoc","Clash","Armaments"],"picked":"SKIP","floor":11},{"not_picked":["Fire Breathing","Demon Form"],"picked":"Intimidate","floor":14},{"not_picked":["Impervious","Dark Embrace"],"picked":"Limit Break","floor":16}],"player_experience":773688,"relics_obtained":[{"floor":6,"key":"Pear"},{"floor":9,"key":"Red Skull"},{"floor":10,"key":"MawBank"},{"floor":12,"key":"Shuriken"}],"event_choices":[{"damage_healed":0,"gold_gain":0,"player_choice":"Bought 1 Potion","damage_taken":0,"max_hp_gain":0,"max_hp_loss":0,"event_name":"The Woman in Blue","floor":2,"gold_loss":0}],"is_beta":false,"boss_relics":[{"not_picked":["Calling Bell","Lizard Tail"],"picked":"Black Blood"}],"items_purged_floors":[4],"is_endless":false,"potions_floor_spawned":[1,5,11,16],"killed_by":"3 Byrds","ascension_level":18}