{"gold_per_floor":[211,225,81,95,107,107,107,136,172,215,247,259,271,302,314,326],"floor_reached":16,"playtime":651,"items_purged":["Strike_R"],"score":210,"play_id":"f1743d7d-ba11-4bf6-826e-0266161a8e1f","local_time":"20190505160921","is_ascension_mode":true,"campfire_choices":[{"data":"Flame Barrier","floor":6,"key":"SMITH"},{"data":"True Grit","floor":13,"key":"SMITH"},{"floor":15,"key":"REST"}],"neow_cost":"NONE","seed_source_timestamp":1474016224059294,"circlet_count":0,"master_deck":["AscendersBane","Strike_R","Strike_R","Strike_R","Strike_R","Defend_R","Defend_R","Bash","Iron Wave","Feed","Flame Barrier+1","True Grit+1","Combust","Shrug It Off","Shrug It Off","Iron Wave"],"relics":["Burning Blood","MawBank","Lantern","Happy Flower"],"potions_floor_usage":[8,10],"damage_taken":[{"damage":1,"enemies":"Cultist","floor":1,"turns":4},{"damage":1,"enemies":"2 Louse","floor":2,"turns":3},{"damage":4,"enemies":"Small Slimes","floor":4,"turns":5},{"damage":1,"enemies":"2 Fungi Beasts","floor":5,"turns":4},{"damage":51,"enemies":"Gremlin Nob","floor":8,"turns":6},{"damage":10,"enemies":"Lagavulin","floor":10,"turns":6},{"damage":0,"enemies":"Blue Slaver","floor":11,"turns":4},{"damage":3,"enemies":"Exordium Thugs","floor":14,"turns":7},{"damage":78,"enemies":"Slime Boss","floor":16,"turns":11}],"seed_played":"7671997529016676079","potions_obtained":[{"floor":2,"key":"Ancient Potion"},{"floor":8,"key":"SkillPotion"}],"is_trial":false,"path_per_floor":["M","M","$","M","M","R","?","E","T","E","M","?","R","M","R","B"],"character_chosen":"IRONCLAD","items_purchased":["Feed"],"campfire_rested":1,"item_purchase_floors":[3],"current_hp_per_floor":[77,80,80,83,86,86,86,44,44,40,49,42,42,48,76,0],"gold":326,"neow_bonus":"HUNDRED_GOLD","is_prod":false,"is_daily":false,"chose_seed":false,"campfire_upgraded":2,"win_rate":0,"timestamp":1557083361,"path_taken":["M","M","$","M","M","R","?","E","T","E","?","?","R","M","R","BOSS"],"build_version":"2019-01-23","purchased_purges":1,"victory":false,"max_hp_per_floor":[80,80,80,83,86,86,86,89,89,89,92,92,92,95,95,95],"card_choices":[{"not_picked":["Havoc","Cleave"],"picked":"Iron Wave","floor":1},{"not_picked":["Armaments","Heavy Blade","Havoc"],"picked":"SKIP","floor":2},{"not_picked":["Spot Weakness","Bloodletting"],"picked":"Flame Barrier","floor":4},{"not_picked":["Headbutt","Second Wind","Clothesline"],"picked":"SKIP","floor":5},{"not_picked":["Anger","Corruption"],"picked":"Combust","floor":8},{"not_picked":["Seeing Red","Anger"],"picked":"Shrug It Off","floor":10},{"not_picked":["True Grit","Immolate"],"picked":"Shrug It Off","floor":11},{"not_picked":["Pummel","Sentinel"],"picked":"Iron Wave","floor":14}],"player_experience":701039,"relics_obtained":[{"floor":8,"key":"MawBank"},{"floor":9,"key":"Lantern"},{"floor":10,"key":"Happy Flower"}],"event_choices":[{"damage_healed":0,"gold_gain":0,"cards_transformed":["Defend_R"],"player_choice":"Transformed","damage_taken":0,"max_hp_gain":0,"max_hp_loss":0,"event_name":"Transmorgrifier","floor":7,"gold_loss":0,"cards_obtained":["True Grit"]},{"cards_removed":["Defend_R"],"damage_healed":0,"gold_gain":0,"player_choice":"Card Removal","damage_taken":7,"max_hp_gain":0,"max_hp_loss":0,"event_name":"Golden Wing","floor":12,"gold_loss":0}],"is_beta":false,"boss_relics":[],"items_purged_floors":[3],"is_endless":false,"potions_floor_spawned":[2,8],"killed_by":"Slime Boss","ascension_level":13}