{"gold_per_floor":[114,84,98,112,125,150,162,15,15,15,35,1,1,17,17,117,117,127,139,155,155,6,6,38,54,54,73,73,88,88,98,98,193,193,205,220,220,232,248,54,69,0,0,15,15,15,15,15,15,15],"floor_reached":50,"playtime":2667,"items_purged":["Strike_B+1"],"score":520,"play_id":"84313334-6e93-43c6-9ebf-3d02a9d0b6c3","local_time":"20190322160142","is_ascension_mode":false,"campfire_choices":[{"data":"Defragment","floor":13,"key":"SMITH"},{"data":"Zap","floor":15,"key":"SMITH"},{"floor":23,"key":"REST"},{"floor":30,"key":"REST"},{"floor":32,"key":"RECALL"},{"floor":46,"key":"REST"},{"data":"Loop","floor":49,"key":"SMITH"}],"neow_cost":"NONE","seed_source_timestamp":526048557117532,"circlet_count":0,"master_deck":["Defend_B+1","Defend_B+1","Defend_B+1","Zap+1","Dualcast","Ball Lightning","Ball Lightning","Conserve Battery","Defragment+1","Reinforced Body","Ball Lightning","Static Discharge","Amplify","Ball Lightning+1","Melter+1","Beam Cell","Loop+1","Hello World","Fission","Thunder Strike","Redo+1"],"relics":["Cracked Core","Bag of Preparation","Dodecahedron","DataDisk","Empty Cage","Bronze Scales","Dead Branch","MutagenicStrength","Nuclear Battery","Lee\u0027s Waffle","Red Mask","Lantern","Sundial"],"potions_floor_usage":[5,5,7,7,18,18,24,24,50],"damage_taken":[{"damage":0,"enemies":"Jaw Worm","floor":1,"turns":4},{"damage":0,"enemies":"Cultist","floor":3,"turns":3},{"damage":0,"enemies":"Small Slimes","floor":4,"turns":2},{"damage":5,"enemies":"Exordium Thugs","floor":5,"turns":4},{"damage":19,"enemies":"Lagavulin","floor":6,"turns":6},{"damage":13,"enemies":"Gremlin Gang","floor":7,"turns":4},{"damage":3,"enemies":"Looter","floor":11,"turns":3},{"damage":1,"enemies":"Exordium Wildlife","floor":14,"turns":3},{"damage":9,"enemies":"The Guardian","floor":16,"turns":7},{"damage":10,"enemies":"2 Thieves","floor":18,"turns":3},{"damage":5,"enemies":"Shell Parasite","floor":19,"turns":3},{"damage":6,"enemies":"Snecko","floor":20,"turns":4},{"damage":11,"enemies":"Slavers","floor":24,"turns":3},{"damage":13,"enemies":"3 Cultists","floor":25,"turns":3},{"damage":27,"enemies":"Centurion and Healer","floor":27,"turns":6},{"damage":8,"enemies":"Snake Plant","floor":29,"turns":2},{"damage":0,"enemies":"Snecko","floor":31,"turns":3},{"damage":37,"enemies":"Automaton","floor":33,"turns":8},{"damage":17,"enemies":"3 Darklings","floor":35,"turns":4},{"damage":5,"enemies":"3 Shapes","floor":36,"turns":4},{"damage":15,"enemies":"Jaw Worm Horde","floor":38,"turns":3},{"damage":4,"enemies":"Transient","floor":39,"turns":5},{"damage":15,"enemies":"Spire Growth","floor":41,"turns":4},{"damage":0,"enemies":"Sphere and 2 Shapes","floor":44,"turns":2},{"damage":92,"enemies":"Donu and Deca","floor":50,"turns":6}],"seed_played":"2798240489241095309","potions_obtained":[{"floor":1,"key":"LiquidBronze"},{"floor":2,"key":"Fire Potion"},{"floor":2,"key":"AttackPotion"},{"floor":6,"key":"Regen Potion"},{"floor":14,"key":"FocusPotion"},{"floor":16,"key":"Energy Potion"},{"floor":18,"key":"FocusPotion"},{"floor":19,"key":"Fire Potion"},{"floor":27,"key":"SneckoOil"},{"floor":36,"key":"Poison Potion"},{"floor":39,"key":"FocusPotion"},{"floor":41,"key":"SteroidPotion"}],"is_trial":false,"path_per_floor":["M","?","M","M","M","E","M","$","T","?","M","$","R","M","R","B",null,"M","M","M","?","$","R","E","M","T","M","?","M","R","M","R","B",null,"M","M","?","M","M","$","M","?","T","M","T","R","$","?","R","B"],"character_chosen":"DEFECT","items_purchased":["DataDisk","Static Discharge","Loop","Lee\u0027s Waffle"],"campfire_rested":3,"item_purchase_floors":[8,12,22,40],"current_hp_per_floor":[75,75,75,75,70,51,50,50,50,50,47,47,47,46,46,37,75,65,60,54,54,54,75,64,51,51,24,24,16,38,38,38,1,75,58,53,53,38,34,82,67,67,67,67,67,82,82,82,82,0],"gold":15,"neow_bonus":"RANDOM_COMMON_RELIC","is_prod":false,"is_daily":false,"chose_seed":false,"campfire_upgraded":3,"win_rate":0,"timestamp":1553281302,"path_taken":["M","?","M","M","?","E","M","$","T","?","M","?","R","M","R","BOSS","M","?","M","?","?","R","E","?","T","M","?","M","R","M","R","BOSS","M","M","?","M","M","?","?","?","T","M","?","R","$","?","R","BOSS"],"build_version":"2019-01-23","purchased_purges":1,"victory":false,"max_hp_per_floor":[75,75,75,75,75,75,75,75,75,75,75,75,75,75,75,75,75,75,75,75,75,75,75,75,75,75,75,75,75,75,75,75,75,75,75,75,75,75,75,82,82,82,82,82,82,82,82,82,82,82],"card_choices":[{"not_picked":["Blizzard","Redo"],"picked":"Ball Lightning","floor":1},{"not_picked":["Compile Driver","Rip and Tear"],"picked":"Ball Lightning","floor":3},{"not_picked":["Undo","Gash"],"picked":"Conserve Battery","floor":4},{"not_picked":["Chaos","Leap","Beam Cell"],"picked":"SKIP","floor":5},{"not_picked":["Coolheaded","Leap"],"picked":"Defragment","floor":6},{"not_picked":["Sweeping Beam","Cold Snap","Fusion"],"picked":"SKIP","floor":7},{"not_picked":["Beam Cell","Steam Power"],"picked":"Ball Lightning","floor":11},{"not_picked":["Gash","Coolheaded","Biased Cognition"],"picked":"SKIP","floor":14},{"not_picked":["Core Surge","Reboot"],"picked":"Amplify","floor":16},{"not_picked":["Streamline","Go for the Eyes"],"picked":"Ball Lightning+1","floor":18},{"not_picked":["Go for the Eyes","Barrage"],"picked":"Melter+1","floor":19},{"not_picked":["Hologram+1","Compile Driver"],"picked":"Beam Cell","floor":20},{"not_picked":["Compile Driver+1","Sweeping Beam+1"],"picked":"Hello World","floor":24},{"not_picked":["Leap","Sweeping Beam","Melter"],"picked":"SKIP","floor":25},{"not_picked":["Turbo","Rip and Tear","Leap"],"picked":"SKIP","floor":27},{"not_picked":["Static Discharge","Consume","Tempest"],"picked":"SKIP","floor":29},{"not_picked":["Streamline","Rebound+1"],"picked":"Fission","floor":31},{"not_picked":["Seek","Buffer"],"picked":"Thunder Strike","floor":33},{"not_picked":["Coolheaded+1","Rip and Tear+1"],"picked":"Redo+1","floor":35},{"not_picked":["Static Discharge","Aggregate+1","Go for the Eyes"],"picked":"SKIP","floor":36},{"not_picked":["Barrage+1","Gash","Go for the Eyes"],"picked":"SKIP","floor":38},{"not_picked":["Chill+1","Heatsinks","Fusion"],"picked":"SKIP","floor":39},{"not_picked":["Glacier","Rip and Tear","Genetic Algorithm"],"picked":"SKIP","floor":41},{"not_picked":["Sweeping Beam","Compile Driver+1","Coolheaded+1"],"picked":"SKIP","floor":44}],"player_experience":516842,"relics_obtained":[{"floor":6,"key":"Dodecahedron"},{"floor":24,"key":"Bronze Scales"},{"floor":26,"key":"Dead Branch"},{"floor":43,"key":"Lantern"},{"floor":45,"key":"Sundial"}],"event_choices":[{"damage_healed":0,"gold_gain":0,"player_choice":"Bought 2 Potions","damage_taken":0,"max_hp_gain":0,"max_hp_loss":0,"event_name":"The Woman in Blue","floor":2,"gold_loss":0},{"damage_healed":0,"gold_gain":0,"cards_transformed":["Strike_B"],"player_choice":"Transformed","damage_taken":0,"max_hp_gain":0,"max_hp_loss":0,"event_name":"Transmorgrifier","floor":10,"gold_loss":0,"cards_obtained":["Reinforced Body"]},{"damage_healed":0,"gold_gain":0,"player_choice":"Simplicity","damage_taken":0,"max_hp_gain":0,"max_hp_loss":0,"event_name":"Back to Basics","floor":21,"gold_loss":0,"cards_upgraded":["Strike_B","Defend_B","Defend_B","Defend_B","Defend_B"]},{"damage_healed":0,"gold_gain":0,"player_choice":"Inject Mutagens","damage_taken":0,"relics_obtained":["MutagenicStrength"],"max_hp_gain":0,"max_hp_loss":0,"event_name":"Drug Dealer","floor":28,"gold_loss":0},{"cards_removed":["Defend_B"],"damage_healed":0,"gold_gain":0,"player_choice":"Purged","damage_taken":0,"max_hp_gain":0,"max_hp_loss":0,"event_name":"Purifier","floor":37,"gold_loss":0},{"damage_healed":0,"gold_gain":0,"player_choice":"Paid","damage_taken":0,"relics_obtained":["Red Mask"],"max_hp_gain":0,"max_hp_loss":0,"event_name":"Tomb of Lord Red Mask","floor":42,"gold_loss":69},{"damage_healed":0,"gold_gain":0,"player_choice":"Ignored","damage_taken":0,"max_hp_gain":0,"max_hp_loss":0,"event_name":"Mysterious Sphere","floor":48,"gold_loss":0}],"is_beta":false,"boss_relics":[{"not_picked":["Philosopher\u0027s Stone","Lizard Tail"],"picked":"Empty Cage"},{"not_picked":["Astrolabe","White Beast Statue"],"picked":"Nuclear Battery"}],"items_purged_floors":[22],"is_endless":false,"potions_floor_spawned":[1,6,14,16,18,19,27,36,39,41],"killed_by":"Donu and Deca","ascension_level":0}