{"gold_per_floor":[114,130,142,152,152,152,152,168,192,211,211,221,240,256,256,358,358,372,80,280,248,263,263],"floor_reached":23,"playtime":1172,"items_purged":["Defend_B"],"score":189,"play_id":"7aa12b93-6c23-4d2d-8026-bf35cf55653e","local_time":"20190616172322","is_ascension_mode":false,"campfire_choices":[{"floor":6.0,"key":"REST"},{"floor":15.0,"key":"RECALL"}],"neow_cost":"NONE","seed_source_timestamp":253826386842000,"circlet_count":0,"master_deck":["Strike_B","Strike_B","Strike_B","Strike_B","Defend_B","Defend_B","Defend_B","Zap+1","Dualcast","Self Repair","Conserve Battery","Cold Snap","Leap","Chaos","Coolheaded","Cold Snap","Force Field","Glacier","Buffer","Blizzard","Finesse","Static Discharge","Ball Lightning","Undo","Fusion+1"],"special_seed":0,"relics":["Fusion Hammer"],"potions_floor_usage":[23],"damage_taken":[{"damage":0.0,"enemies":"Small Slimes","floor":1.0,"turns":3.0},{"damage":1.0,"enemies":"2 Louse","floor":2.0,"turns":3.0},{"damage":11.0,"enemies":"Jaw Worm","floor":3.0,"turns":5.0},{"damage":2.0,"enemies":"2 Fungi Beasts","floor":4.0,"turns":4.0},{"damage":10.0,"enemies":"Lots of Slimes","floor":8.0,"turns":6.0},{"damage":0.0,"enemies":"Red Slaver","floor":10.0,"turns":4.0},{"damage":3.0,"enemies":"Exordium Thugs","floor":12.0,"turns":6.0},{"damage":5.0,"enemies":"3 Louse","floor":13.0,"turns":4.0},{"damage":1.0,"enemies":"Looter","floor":14.0,"turns":3.0},{"damage":36.0,"enemies":"The Guardian","floor":16.0,"turns":16.0},{"damage":1,"enemies":"Shell Parasite","floor":18,"turns":13},{"damage":32,"enemies":"2 Thieves","floor":21,"turns":5},{"damage":15,"enemies":"Shelled Parasite and Fungi","floor":22,"turns":11},{"damage":4,"enemies":"Centurion and Healer","floor":23,"turns":10}],"seed_played":"142574719711102013","potions_obtained":[{"floor":1.0,"key":"Swift Potion"},{"floor":3.0,"key":"Energy Potion"},{"floor":10.0,"key":"PowerPotion"},{"floor":14.0,"key":"Fire Potion"},{"floor":22,"key":"SpeedPotion"}],"is_trial":false,"path_per_floor":["M","M","M","M","?","R","?","M","T","M","?","M","M","M","R","B",null,"M","$","?","M","M","M"],"character_chosen":"DEFECT","items_purchased":["Finesse","Static Discharge","Ball Lightning"],"campfire_rested":1,"item_purchase_floors":[19,19,19],"current_hp_per_floor":[75,75,71,75,75,75,75,72,72,75,75,75,75,75,75,46,75,75,75,75,50,42,38],"gold":263,"neow_bonus":"BOSS_RELIC","is_prod":false,"is_daily":false,"chose_seed":false,"campfire_upgraded":0,"win_rate":0,"timestamp":1560720202,"path_taken":["M","M","M","M","?","R","?","M","T","M","?","M","?","M","R","BOSS","BOSS","M","$","?","?","M","M"],"build_version":"2019-01-23","purchased_purges":1,"victory":false,"max_hp_per_floor":[75,75,75,75,75,75,75,75,75,75,75,75,75,75,75,75,75,75,75,75,75,75,75],"card_choices":[{"not_picked":["Compile Driver","Streamline"],"picked":"Self Repair","floor":1.0},{"not_picked":["Heatsinks","Steam"],"picked":"Conserve Battery","floor":2.0},{"not_picked":["Scrape","Hologram"],"picked":"Cold Snap","floor":3.0},{"not_picked":["Ball Lightning","Hello World"],"picked":"Leap","floor":4.0},{"not_picked":["Beam Cell","Coolheaded"],"picked":"Chaos","floor":8.0},{"not_picked":["Compile Driver","Redo"],"picked":"Coolheaded","floor":10.0},{"not_picked":["Leap","Ball Lightning"],"picked":"Cold Snap","floor":12.0},{"not_picked":["Streamline","Beam Cell"],"picked":"Force Field","floor":13.0},{"not_picked":["Multi-Cast","Steam"],"picked":"Glacier","floor":14.0},{"not_picked":["Rainbow","Biased Cognition"],"picked":"Buffer","floor":16},{"not_picked":["Compile Driver","Gash"],"picked":"Blizzard","floor":18},{"not_picked":["Streamline","Glacier"],"picked":"Undo","floor":21},{"not_picked":["Scrape","Barrage"],"picked":"Fusion+1","floor":22}],"player_experience":704109,"relics_obtained":[],"event_choices":[{"damage_healed":0.0,"max_hp_gain":0.0,"max_hp_loss":0.0,"gold_gain":0.0,"event_name":"Living Wall","player_choice":"Grow","floor":5.0,"gold_loss":0.0,"damage_taken":0.0,"cards_upgraded":["Zap"]},{"damage_healed":0.0,"max_hp_gain":0.0,"max_hp_loss":0.0,"gold_gain":0.0,"event_name":"Dead Adventurer","player_choice":"Searched \u00270\u0027 times","floor":7.0,"gold_loss":0.0,"damage_taken":0.0},{"damage_healed":0.0,"max_hp_gain":0.0,"max_hp_loss":0.0,"gold_gain":0.0,"event_name":"Golden Idol","player_choice":"Ignored","floor":11.0,"gold_loss":0.0,"damage_taken":0.0},{"damage_healed":0,"gold_gain":200,"player_choice":"Gold","damage_taken":0,"max_hp_gain":0,"max_hp_loss":0,"event_name":"Wheel of Change","floor":20,"gold_loss":0}],"is_beta":false,"boss_relics":[{"not_picked":["Runic Dome","Ectoplasm","Lizard Tail"]}],"items_purged_floors":[19],"is_endless":false,"potions_floor_spawned":[1,3,10,14,22],"killed_by":"Centurion and Healer","ascension_level":0}