{"gold_per_floor":[118,128,128,143,158,158,222,222,222,236,255,180,213,229,229,306,306,316,316,316,328,29,47,47,47],"floor_reached":25,"playtime":1042,"items_purged":["Strike_G","Strike_G"],"score":430,"play_id":"8b5d72e0-5798-4cc7-ab4c-9a0b5bea7d22","local_time":"20181119205953","is_ascension_mode":true,"campfire_choices":[{"data":"Bane","floor":6,"key":"SMITH"},{"floor":8,"key":"REST"},{"data":"Deadly Poison","floor":15,"key":"SMITH"},{"floor":24,"key":"REST"}],"neow_cost":"NONE","seed_source_timestamp":29545500516885,"circlet_count":0,"master_deck":["AscendersBane","Defend_G","Defend_G","Defend_G","Defend_G","Defend_G","Strike_G","Survivor","Neutralize+1","Flying Knee","Deadly Poison+1","Bane+1","Dagger Spray","Corpse Explosion","Deadly Poison","Die Die Die","Backflip","Bouncing Flask","Apotheosis","Catalyst"],"relics":["Ring of the Snake","Tiny Chest","Paper Crane","Tingsha","Cursed Key"],"potions_floor_usage":[13,16,18],"damage_taken":[{"damage":2,"enemies":"2 Louse","floor":1,"turns":4},{"damage":1,"enemies":"Cultist","floor":2,"turns":5},{"damage":1,"enemies":"Jaw Worm","floor":4,"turns":4},{"damage":1,"enemies":"Red Slaver","floor":5,"turns":4},{"damage":32,"enemies":"Lagavulin","floor":7,"turns":7},{"damage":0,"enemies":"Looter","floor":10,"turns":2},{"damage":2,"enemies":"Lots of Slimes","floor":11,"turns":2},{"damage":16,"enemies":"3 Sentries","floor":13,"turns":3},{"damage":8,"enemies":"Blue Slaver","floor":14,"turns":4},{"damage":14,"enemies":"Hexaghost","floor":16,"turns":9},{"damage":22,"enemies":"Spheric Guardian","floor":18,"turns":4},{"damage":21,"enemies":"2 Thieves","floor":21,"turns":3},{"damage":5,"enemies":"Snake Plant","floor":23,"turns":4},{"damage":21,"enemies":"Slavers","floor":25,"turns":2}],"seed_played":"1565875346208941785","potions_obtained":[{"floor":2,"key":"Dexterity Potion"},{"floor":4,"key":"Weak Potion"},{"floor":13,"key":"Ancient Potion"},{"floor":16,"key":"AttackPotion"}],"is_trial":false,"path_per_floor":["M","M","?","M","M","R","E","R","T","M","M","$","E","M","R","B",null,"M","?","$","M","$","M","R","E"],"character_chosen":"THE_SILENT","items_purchased":["Apotheosis"],"campfire_rested":2,"item_purchase_floors":[22],"current_hp_per_floor":[57,56,56,55,54,54,22,41,41,41,39,39,23,15,15,1,50,28,28,28,7,7,2,21,0],"gold":47,"neow_bonus":"REMOVE_CARD","is_prod":false,"is_daily":false,"chose_seed":false,"campfire_upgraded":2,"win_rate":0,"timestamp":1542657593,"path_taken":["M","M","?","?","M","R","E","R","T","M","M","$","E","M","R","BOSS","M","?","$","?","$","M","R","E"],"build_version":"2018-11-15","purchased_purges":2,"victory":false,"max_hp_per_floor":[66,66,66,66,66,66,66,66,66,66,66,66,66,66,66,66,66,66,66,66,66,66,66,66,66],"card_choices":[{"not_picked":["Deflect","Choke","Concentrate"],"picked":"SKIP","floor":1},{"not_picked":["Quick Slash","Deflect"],"picked":"Flying Knee","floor":2},{"not_picked":["Backflip","Underhanded Strike"],"picked":"Deadly Poison","floor":4},{"not_picked":["Dodge and Roll","Infinite Blades"],"picked":"Bane","floor":5},{"not_picked":["Terror","Flying Knee"],"picked":"Dagger Spray","floor":7},{"not_picked":["Backflip","Well Laid Plans"],"picked":"Corpse Explosion","floor":10},{"not_picked":["Skewer","Quick Slash"],"picked":"Deadly Poison","floor":11},{"not_picked":["Dagger Throw","Underhanded Strike","Quick Slash"],"picked":"SKIP","floor":13},{"not_picked":["Prepared","Deadly Poison","Blade Dance"],"picked":"SKIP","floor":14},{"not_picked":["Prepared","Deadly Poison","Blade Dance"],"picked":"SKIP","floor":14},{"not_picked":["Night Terror","Grand Finale"],"picked":"Die Die Die","floor":16},{"not_picked":["Outmaneuver","Deflect"],"picked":"Backflip","floor":18},{"not_picked":["Dodge and Roll","Underhanded Strike"],"picked":"Bouncing Flask","floor":21},{"not_picked":["Flechettes","Dagger Spray"],"picked":"Catalyst","floor":23}],"player_experience":589102,"relics_obtained":[{"floor":7,"key":"Tiny Chest"},{"floor":9,"key":"Paper Crane"},{"floor":13,"key":"Tingsha"}],"event_choices":[{"damage_healed":0,"gold_gain":0,"player_choice":"Upgraded","damage_taken":0,"max_hp_gain":0,"max_hp_loss":0,"event_name":"Upgrade Shrine","floor":3,"gold_loss":0,"cards_upgraded":["Neutralize"]},{"cards_removed":["Strike_G"],"damage_healed":0,"gold_gain":0,"player_choice":"Purged","damage_taken":0,"max_hp_gain":0,"max_hp_loss":0,"event_name":"Purifier","floor":19,"gold_loss":0}],"is_beta":false,"boss_relics":[{"not_picked":["Coffee Dripper","White Beast Statue"],"picked":"Cursed Key"}],"items_purged_floors":[12,22],"is_endless":false,"potions_floor_spawned":[2,4,13,16],"killed_by":"Slavers","ascension_level":20}