{"path_per_floor":["M","M","M","$","?","R","?","?","T","E","R","E","M","?","R","B",null,"M","$","M","M","M","E","?","R","T","?","R","M","M","M","R"],"character_chosen":"IRONCLAD","items_purchased":["Iron Wave","Fire Breathing","Flex","Bronze Scales","Bandage Up","Warcry","Armaments"],"gold_per_floor":[115,135,154,26,26,26,90,112,139,174,174,209,226,226,226,356,356,381,65,89,110,131,175,175,175,175,265,265,289,308,332,332],"floor_reached":33,"campfire_rested":3,"playtime":3195,"current_hp_per_floor":[80,75,78,78,78,78,39,38,38,38,62,51,52,32,56,12,80,80,80,78,73,74,52,78,78,78,62,62,49,47,43,80],"items_purged":[],"gold":332,"play_id":"31477b28-7edb-4715-9682-afc702401d77","is_prod":false,"is_daily":false,"campfire_rituals":0,"campfire_upgraded":3,"is_hardmode":false,"path_taken":["M","M","M","$","?","R","?","?","T","E","R","E","M","?","R","BOSS","M","$","M","M","M","E","?","R","T","?","R","M","M","M","R","BOSS"],"build_version":"2018-01-18-PROD4","purchased_purges":0,"victory":false,"master_deck":["Strike_R","Strike_R","Strike_R","Strike_R","Strike_R","Defend_R","Defend_R","Defend_R","Defend_R","Bash","Perfected Strike","Shrug It Off","Cleave","Iron Wave","Fire Breathing","Flex","Normality","Anger","Heavy Blade","Anger","Second Wind","Dropkick","Body Slam","Feel No Pain","Impervious","Flex","Bandage Up","Warcry","Armaments","Clothesline","Bludgeon","Whirlwind","Searing Blow","Clash","Flex","Flame Barrier","Infernal Blade"],"max_hp_per_floor":[80,80,80,80,80,80,80,80,80,80,80,80,80,80,80,80,80,80,80,80,80,80,80,80,80,80,80,80,80,80,80,80],"relics":["Burning Blood","Lantern","Juzu Bracelet","Dream Catcher","Odd Mushroom","Orichalcum","Molten Egg","Vajra","Golden Idol","Velvet Choker","Bronze Scales","Regal Pillow","Bird Faced Urn"],"campfire_meditates":0,"card_choices":[{"not_picked":["True Grit","Rupture"],"picked":"Perfected Strike"},{"not_picked":["Juggernaut","Twin Strike"],"picked":"Shrug It Off"},{"not_picked":["Armaments","Heavy Blade"],"picked":"Cleave"},{"not_picked":["Spot Weakness","Twin Strike"],"picked":"Anger"},{"not_picked":["Burning Pact","Anger"],"picked":"Heavy Blade"},{"not_picked":["Offering","Fiend Fire"],"picked":"Anger"},{"not_picked":["Warcry","Heavy Blade"],"picked":"Second Wind"},{"not_picked":["Berserk","Combust"],"picked":"Dropkick"},{"not_picked":["Sword Boomerang","Perfected Strike"],"picked":"Body Slam"},{"not_picked":["Burning Pact","Intimidate"],"picked":"Feel No Pain"},{"not_picked":["Brutality","Berserk"],"picked":"Impervious"},{"not_picked":["Perfected Strike","Sword Boomerang"],"picked":"Flex"},{"not_picked":["Cleave","Dual Wield"],"picked":"Clothesline"},{"not_picked":["Sword Boomerang","Seeing Red"],"picked":"Bludgeon"},{"not_picked":["Body Slam","True Grit"],"picked":"Whirlwind"},{"not_picked":["Disarm","Second Wind"],"picked":"Searing Blow"},{"not_picked":["Fire Breathing","Intimidate"],"picked":"Clash"},{"not_picked":["Intimidate","Pommel Strike"],"picked":"Flex"},{"not_picked":["Shrug It Off","Rupture"],"picked":"Flame Barrier"},{"not_picked":["Armaments","Spot Weakness"],"picked":"Infernal Blade"}],"player_experience":5885,"potions_floor_usage":[10,10,16],"damage_taken":[{"damage":1,"enemies":"Cultist","floor":1,"turns":3},{"damage":11,"enemies":"Blue Slaver","floor":2,"turns":4},{"damage":3,"enemies":"2 Louse","floor":3,"turns":3},{"damage":45,"enemies":"Lagavulin Event","floor":7,"turns":7},{"damage":7,"enemies":"The Mushroom Lair","floor":8,"turns":3},{"damage":6,"enemies":"Gremlin Nob","floor":10,"turns":3},{"damage":17,"enemies":"Lagavulin","floor":12,"turns":5},{"damage":5,"enemies":"Looter","floor":13,"turns":3},{"damage":50,"enemies":"Slime Boss","floor":16,"turns":11},{"damage":0,"enemies":"Chosen","floor":18,"turns":5},{"damage":8,"enemies":"3 Byrds","floor":20,"turns":3},{"damage":15,"enemies":"Centurion and Healer","floor":21,"turns":6},{"damage":9,"enemies":"Chosen and Byrds","floor":22,"turns":5},{"damage":32,"enemies":"Gremlin Leader","floor":23,"turns":7},{"damage":25,"enemies":"Snecko","floor":29,"turns":4},{"damage":16,"enemies":"3 Cultists","floor":30,"turns":5},{"damage":18,"enemies":"Snake Plant","floor":31,"turns":3},{"damage":87,"enemies":"Automaton","floor":33,"turns":6}],"event_choices":[{"event_name":"Accursed Blacksmith","player_choice":"Rummage","floor":5,"damage_taken":0},{"event_name":"Dead Adventurer","player_choice":"Searched \u00271\u0027 times","floor":7,"damage_taken":0},{"event_name":"Mushrooms","player_choice":"Fought Mushrooms","floor":8,"damage_taken":0},{"event_name":"Golden Idol","player_choice":"Take Damage","floor":14,"damage_taken":0},{"event_name":"The Library","player_choice":"Heal","floor":24,"damage_taken":0},{"event_name":"Knowing Skull","player_choice":"GOLD ","floor":27,"damage_taken":0}],"boss_relics":[{"not_picked":["Runic Pyramid","White Beast Statue"],"picked":"Velvet Choker"}],"potions_floor_spawned":[2,7,7,13,21,23,29,30,31],"seed_played":"-9037558645737803640","killed_by":"Automaton","is_trial":false}