{"gold_per_floor":[109,120,32,32,32,32,61,61,61,91,91,126,126,141,141,141],"floor_reached":16,"playtime":558,"items_purged":[],"score":232,"play_id":"6ce5b237-bf2b-450b-b4c6-6a2984ad19b8","local_time":"20190601165955","is_ascension_mode":true,"campfire_choices":[{"data":"Zap","floor":6,"key":"SMITH"},{"data":"Static Discharge","floor":8,"key":"SMITH"},{"floor":11,"key":"REST"},{"data":"Coolheaded","floor":15,"key":"SMITH"}],"neow_cost":"NONE","seed_source_timestamp":15030650886556,"circlet_count":0,"master_deck":["AscendersBane","Strike_B","Strike_B","Strike_B","Strike_B","Defend_B","Defend_B","Defend_B","Defend_B","Zap+1","Dualcast","Leap","Darkness+1","Static Discharge+1","Cold Snap","Hologram","Coolheaded+1"],"relics":["Cracked Core","Juzu Bracelet","Singing Bowl","Thread and Needle","Bag of Preparation"],"potions_floor_usage":[7],"damage_taken":[{"damage":2,"enemies":"Cultist","floor":1,"turns":4},{"damage":0,"enemies":"2 Louse","floor":2,"turns":2},{"damage":22,"enemies":"3 Sentries","floor":7,"turns":7},{"damage":41,"enemies":"Gremlin Nob","floor":10,"turns":4},{"damage":9,"enemies":"3 Sentries","floor":12,"turns":7},{"damage":0,"enemies":"Small Slimes","floor":14,"turns":3},{"damage":30,"enemies":"Hexaghost","floor":16,"turns":7}],"seed_played":"8189305218666903203","potions_obtained":[{"floor":2,"key":"Swift Potion"},{"floor":7,"key":"SteroidPotion"}],"is_trial":false,"path_per_floor":["M","M","$","?","?","R","E","R","T","E","R","E","?","M","R","B"],"character_chosen":"DEFECT","items_purchased":["Static Discharge"],"campfire_rested":1,"item_purchase_floors":[3],"current_hp_per_floor":[69,69,69,69,69,69,47,47,47,6,29,20,25,27,27,0],"gold":141,"neow_bonus":"TEN_PERCENT_HP_BONUS","is_prod":false,"is_daily":false,"chose_seed":false,"campfire_upgraded":3,"win_rate":0,"timestamp":1559401195,"path_taken":["M","M","$","?","?","R","E","R","T","E","R","E","?","M","R","BOSS"],"build_version":"2019-01-23","purchased_purges":0,"victory":false,"max_hp_per_floor":[78,78,78,78,78,78,78,78,78,78,78,78,83,85,85,85],"card_choices":[{"not_picked":["Turbo","Barrage"],"picked":"Leap","floor":1},{"not_picked":["Sweeping Beam","Rip and Tear"],"picked":"Darkness","floor":2},{"not_picked":["Steam Power","Sunder"],"picked":"Cold Snap","floor":7},{"not_picked":["Tempest","Self Repair"],"picked":"Hologram","floor":10},{"not_picked":["Ball Lightning","Consume"],"picked":"Coolheaded","floor":12},{"not_picked":["Conserve Battery","White Noise","Sweeping Beam"],"picked":"Singing Bowl","floor":14}],"player_experience":1271343,"relics_obtained":[{"floor":7,"key":"Juzu Bracelet"},{"floor":9,"key":"Singing Bowl"},{"floor":10,"key":"Thread and Needle"},{"floor":12,"key":"Bag of Preparation"}],"event_choices":[{"damage_healed":0,"gold_gain":0,"player_choice":"Ignored","damage_taken":0,"max_hp_gain":0,"max_hp_loss":0,"event_name":"Liars Game","floor":4,"gold_loss":0},{"damage_healed":0,"gold_gain":0,"player_choice":"Upgraded","damage_taken":0,"max_hp_gain":0,"max_hp_loss":0,"event_name":"Upgrade Shrine","floor":5,"gold_loss":0,"cards_upgraded":["Darkness"]},{"damage_healed":0,"gold_gain":0,"player_choice":"Donut","damage_taken":0,"max_hp_gain":5,"max_hp_loss":0,"event_name":"Big Fish","floor":13,"gold_loss":0}],"is_beta":false,"boss_relics":[],"items_purged_floors":[],"is_endless":false,"potions_floor_spawned":[2,7],"killed_by":"Hexaghost","ascension_level":20}