{"gold_per_floor":[119,138,138,63,13,13,43,43,43,57,82,82,12,82,82,177,177,188,206,223,21,33,33,50,83,83,83,8,28,62,72,72,170,170,187,200,200,22,22,50,61,61,132,132,132,5,5,55,55,55,55,55,4,31,31],"floor_reached":55,"playtime":3926,"items_purged":["Regret","Strike_B"],"score":1196,"play_id":"29d00cf6-9e51-46cf-afb6-ab08ae6b767e","local_time":"20190618012911","is_ascension_mode":true,"campfire_choices":[{"data":"Zap","floor":6,"key":"SMITH"},{"floor":15,"key":"REST"},{"data":"Transmutation","floor":23,"key":"SMITH"},{"floor":27,"key":"REST"},{"floor":32,"key":"REST"},{"data":"Machine Learning","floor":42,"key":"SMITH"},{"floor":44,"key":"REST"},{"floor":49,"key":"RECALL"},{"data":"Dualcast","floor":52,"key":"SMITH"}],"neow_cost":"CURSE","seed_source_timestamp":292393777764640,"circlet_count":0,"master_deck":["AscendersBane","Defend_B","Defend_B","Defend_B+1","Defend_B","Zap+1","Dualcast+1","Transmutation+1","PanicButton+1","Gash+1","Gash","Gash+1","Coolheaded+1","Tempest+1","All For One+1","Barrage+1","Rebound+1","Coolheaded+1","Tempest+1","Go for the Eyes+1","Hologram+1","Aggregate+1","Thunder Strike+1","Machine Learning+1","Scrape+1","Fission+1","Conserve Battery+1","Hologram+1","Recycle+1","Defragment+1","Gash+1","Tempest+1","Gash+1","Conserve Battery+1"],"relics":["Cracked Core","Anchor","War Paint","CultistMask","Toxic Egg 2","FossilizedHelix","Regal Pillow","Molten Egg 2","Astrolabe","Strange Spoon","Art of War","Unceasing Top","Bottled Lightning","Lizard Tail","Mummified Hand","Cables","Dead Branch","Incense Burner","Whetstone"],"potions_floor_usage":[33,50,54,55],"damage_taken":[{"damage":1,"enemies":"Cultist","floor":1,"turns":4},{"damage":3,"enemies":"2 Louse","floor":2,"turns":4},{"damage":20,"enemies":"Lagavulin","floor":7,"turns":7},{"damage":0,"enemies":"Small Slimes","floor":10,"turns":4},{"damage":23,"enemies":"3 Sentries","floor":11,"turns":7},{"damage":26,"enemies":"Hexaghost","floor":16,"turns":10},{"damage":0,"enemies":"Chosen","floor":18,"turns":3},{"damage":0,"enemies":"Spheric Guardian","floor":19,"turns":2},{"damage":0,"enemies":"Snake Plant","floor":20,"turns":4},{"damage":3,"enemies":"Chosen and Byrds","floor":22,"turns":3},{"damage":0,"enemies":"Snecko","floor":24,"turns":4},{"damage":27,"enemies":"Gremlin Leader","floor":25,"turns":6},{"damage":13,"enemies":"Centurion and Healer","floor":29,"turns":7},{"damage":25,"enemies":"Slavers","floor":30,"turns":6},{"damage":6,"enemies":"Sentry and Sphere","floor":31,"turns":5},{"damage":37,"enemies":"Collector","floor":33,"turns":8},{"damage":0,"enemies":"3 Shapes","floor":35,"turns":3},{"damage":0,"enemies":"Orb Walker","floor":36,"turns":3},{"damage":31,"enemies":"Nemesis","floor":40,"turns":7},{"damage":0,"enemies":"3 Darklings","floor":41,"turns":7},{"damage":0,"enemies":"2 Orb Walkers","floor":48,"turns":2},{"damage":40,"enemies":"Donu and Deca","floor":50,"turns":5},{"damage":30,"enemies":"Shield and Spear","floor":54,"turns":5},{"damage":81,"enemies":"The Heart","floor":55,"turns":6}],"seed_played":"5885729773254449141","potions_obtained":[{"floor":1,"key":"Strength Potion"},{"floor":16,"key":"SteroidPotion"},{"floor":20,"key":"PowerPotion"},{"floor":37,"key":"Explosive Potion"},{"floor":54,"key":"Poison Potion"}],"is_trial":false,"path_per_floor":["M","M","?","$","?","R","E","?","T","M","E","?","$","T","R","B",null,"M","M","M","$","M","R","M","E","T","R","$","M","E","M","R","B",null,"M","M","?","$","T","E","M","R","T","R","T","$","?","?","R","B",null,"R","$","E","B"],"character_chosen":"DEFECT","items_purchased":["Tempest+1","Strange Spoon","Machine Learning","Conserve Battery+1","Hologram+1","Gash+1","Tempest+1","Gash+1"],"campfire_rested":4,"item_purchase_floors":[13,21,28,38,38,46,46,53],"current_hp_per_floor":[67,64,64,64,64,64,44,44,44,44,21,9,9,9,46,20,61,61,61,61,61,58,58,58,31,31,68,68,55,30,24,61,24,62,62,62,62,62,62,31,31,31,31,68,68,68,68,68,68,28,60,60,60,30,0],"gold":31,"neow_bonus":"RANDOM_COLORLESS_2","is_prod":false,"is_daily":false,"chose_seed":false,"campfire_upgraded":4,"win_rate":0,"timestamp":1560810551,"path_taken":["M","M","?","$","?","R","E","?","T","?","E","?","?","?","R","BOSS","M","?","M","$","M","R","M","E","T","R","?","M","E","?","R","BOSS","M","M","?","$","?","E","?","R","T","R","?","?","?","?","R","BOSS","R","$","E","BOSS"],"build_version":"2019-06-13","purchased_purges":2,"victory":false,"max_hp_per_floor":[75,75,75,75,75,75,75,75,75,75,75,75,75,75,75,75,75,75,75,75,75,75,75,75,75,75,75,75,75,75,75,75,75,75,75,75,75,75,75,75,75,75,75,75,75,75,71,71,71,71,71,71,71,71,71],"card_choices":[{"not_picked":["Rebound","Lockon"],"picked":"Gash","floor":1},{"not_picked":["Go for the Eyes","Sweeping Beam"],"picked":"Gash","floor":2},{"not_picked":["Compile Driver","Stack","Conserve Battery"],"picked":"SKIP","floor":7},{"not_picked":["Steam+1","Double Energy+1"],"picked":"Gash","floor":10},{"not_picked":["Cold Snap","Static Discharge"],"picked":"Coolheaded+1","floor":11},{"not_picked":["Hyperbeam+1","Echo Form"],"picked":"All For One+1","floor":16},{"not_picked":["Steam+1","Static Discharge"],"picked":"Tempest+1","floor":18},{"not_picked":["Compile Driver+1","Streamline+1"],"picked":"Go for the Eyes+1","floor":19},{"not_picked":["Barrage+1","Steam+1"],"picked":"Hologram+1","floor":20},{"not_picked":["Compile Driver+1","Hello World","Rip and Tear+1"],"picked":"SKIP","floor":22},{"not_picked":["Beam Cell+1","Lockon+1"],"picked":"Aggregate+1","floor":24},{"not_picked":["Streamline+1","Reprogram+1"],"picked":"Thunder Strike+1","floor":25},{"not_picked":["Ball Lightning+1","Conserve Battery+1","Beam Cell+1"],"picked":"SKIP","floor":29},{"not_picked":["Hologram+1","Lockon+1"],"picked":"Scrape+1","floor":30},{"not_picked":["Heatsinks","Undo+1","Stack+1"],"picked":"SKIP","floor":31},{"not_picked":["Rainbow+1","Biased Cognition"],"picked":"Fission+1","floor":33},{"not_picked":["Ball Lightning+1","Sunder+1","Reprogram+1"],"picked":"SKIP","floor":35},{"not_picked":["Beam Cell+1","Blizzard+1","Self Repair"],"picked":"SKIP","floor":36},{"not_picked":["Leap+1","Chaos+1"],"picked":"Recycle+1","floor":40},{"not_picked":["Redo+1","Lockon+1"],"picked":"Defragment+1","floor":41},{"not_picked":["Fusion+1","Scrape+1"],"picked":"Conserve Battery+1","floor":54}],"player_experience":816805,"relics_obtained":[{"floor":7,"key":"War Paint"},{"floor":9,"key":"Toxic Egg 2"},{"floor":11,"key":"FossilizedHelix"},{"floor":14,"key":"Molten Egg 2"},{"floor":25,"key":"Art of War"},{"floor":26,"key":"Unceasing Top"},{"floor":30,"key":"Bottled Lightning"},{"floor":40,"key":"Mummified Hand"},{"floor":43,"key":"Cables"},{"floor":45,"key":"Dead Branch"},{"floor":48,"key":"Incense Burner"},{"floor":54,"key":"Whetstone"}],"event_choices":[{"damage_healed":0,"gold_gain":0,"player_choice":"Box","damage_taken":0,"relics_obtained":["Anchor"],"max_hp_gain":0,"max_hp_loss":0,"event_name":"Big Fish","floor":3,"gold_loss":0,"cards_obtained":["Regret"]},{"cards_removed":["Doubt"],"damage_healed":0,"gold_gain":0,"player_choice":"Card Removal","damage_taken":0,"max_hp_gain":0,"max_hp_loss":0,"event_name":"The Cleric","floor":5,"gold_loss":50},{"damage_healed":0,"gold_gain":0,"player_choice":"Trade","damage_taken":0,"relics_obtained":["CultistMask"],"max_hp_gain":0,"max_hp_loss":0,"event_name":"FaceTrader","floor":8,"gold_loss":0},{"damage_healed":0,"gold_gain":0,"player_choice":"Success","damage_taken":12,"relics_obtained":["Regal Pillow"],"max_hp_gain":0,"max_hp_loss":0,"event_name":"Scrap Ooze","floor":12,"gold_loss":0},{"damage_healed":0,"gold_gain":0,"player_choice":"Got Potions","damage_taken":0,"max_hp_gain":0,"max_hp_loss":0,"event_name":"Lab","floor":37,"gold_loss":0},{"damage_healed":0,"gold_gain":0,"player_choice":"Max HP","damage_taken":0,"max_hp_gain":0,"max_hp_loss":4,"event_name":"Winding Halls","floor":47,"gold_loss":0},{"damage_healed":0,"gold_gain":0,"player_choice":"Fight","damage_taken":0,"max_hp_gain":0,"max_hp_loss":0,"event_name":"Mysterious Sphere","floor":48,"gold_loss":0}],"is_beta":true,"boss_relics":[{"not_picked":["Snecko Eye","Inserter"],"picked":"Astrolabe"},{"not_picked":["Calling Bell","Tiny House"],"picked":"Lizard Tail"}],"items_purged_floors":[4,38],"is_endless":false,"potions_floor_spawned":[1,16,19,20,22,25,31,40,41,54],"killed_by":"The Heart","ascension_level":12}