{"gold_per_floor":[112,132,132,1,1,1,34,46,95,113,148,148,48,62,62,62],"floor_reached":16,"playtime":515,"items_purged":["Strike_G","Strike_G"],"score":270,"play_id":"04d91691-2d3d-4045-b25b-dd61e5f16609","local_time":"20190224223031","is_ascension_mode":true,"campfire_choices":[{"data":"Neutralize","floor":6,"key":"SMITH"},{"data":"Deadly Poison","floor":12,"key":"SMITH"},{"floor":15,"key":"REST"}],"neow_cost":"NONE","seed_source_timestamp":37692797758903,"circlet_count":0,"master_deck":["AscendersBane","Defend_G","Defend_G","Defend_G","Defend_G","Defend_G","Strike_G","Strike_G","Survivor","Neutralize+1","Dagger Throw","Deadly Poison+1","Adrenaline","Dagger Throw"],"relics":["Ring of the Snake","NeowsBlessing","Centennial Puzzle","Pen Nib","Vajra","Peace Pipe"],"potions_floor_usage":[14,16,16],"damage_taken":[{"damage":0,"enemies":"Jaw Worm","floor":1,"turns":1},{"damage":0,"enemies":"Cultist","floor":2,"turns":1},{"damage":0,"enemies":"3 Sentries","floor":7,"turns":1},{"damage":0,"enemies":"Small Slimes","floor":8,"turns":3},{"damage":0,"enemies":"Looter","floor":10,"turns":2},{"damage":13,"enemies":"Lagavulin","floor":11,"turns":6},{"damage":0,"enemies":"Exordium Thugs","floor":14,"turns":3},{"damage":31,"enemies":"Slime Boss","floor":16,"turns":7}],"seed_played":"7149128576779317827","potions_obtained":[{"floor":8,"key":"Explosive Potion"},{"floor":14,"key":"Weak Potion"}],"is_trial":false,"path_per_floor":["M","M","?","$","?","R","E","M","T","M","E","R","$","M","R","B"],"character_chosen":"THE_SILENT","items_purchased":["Block Potion"],"campfire_rested":1,"item_purchase_floors":[4],"current_hp_per_floor":[59,59,24,24,24,24,24,24,24,24,11,11,11,11,30,0],"gold":62,"neow_bonus":"THREE_ENEMY_KILL","is_prod":false,"is_daily":false,"chose_seed":false,"campfire_upgraded":2,"win_rate":0,"timestamp":1551043831,"path_taken":["M","M","?","$","?","R","E","M","T","?","E","R","$","M","R","BOSS"],"build_version":"2019-01-23","purchased_purges":2,"victory":false,"max_hp_per_floor":[66,66,66,66,66,66,66,66,66,66,66,66,66,66,66,66],"card_choices":[{"not_picked":["Deflect","Dodge and Roll"],"picked":"Dagger Throw","floor":1},{"not_picked":["Dagger Throw","Prepared"],"picked":"Deadly Poison","floor":2},{"not_picked":["Deflect","Doppelganger","Tactician"],"picked":"SKIP","floor":7},{"not_picked":["Sucker Punch","Backflip"],"picked":"Dagger Throw","floor":8},{"not_picked":["Outmaneuver","Bane","Dodge and Roll"],"picked":"SKIP","floor":10},{"not_picked":["Caltrops","Dagger Throw","Quick Slash"],"picked":"SKIP","floor":11},{"not_picked":["Flying Knee","Bane","Outmaneuver"],"picked":"SKIP","floor":14}],"player_experience":987302,"relics_obtained":[{"floor":7,"key":"Pen Nib"},{"floor":9,"key":"Vajra"},{"floor":11,"key":"Peace Pipe"}],"event_choices":[{"damage_healed":0,"gold_gain":0,"player_choice":"Success","damage_taken":35,"relics_obtained":["Centennial Puzzle"],"max_hp_gain":0,"max_hp_loss":0,"event_name":"Scrap Ooze","floor":3,"gold_loss":0},{"damage_healed":0,"gold_gain":0,"cards_transformed":["Strike_G"],"player_choice":"Transformed","damage_taken":0,"max_hp_gain":0,"max_hp_loss":0,"event_name":"Transmorgrifier","floor":5,"gold_loss":0,"cards_obtained":["Adrenaline"]}],"is_beta":false,"boss_relics":[],"items_purged_floors":[4,13],"is_endless":false,"potions_floor_spawned":[8,14],"killed_by":"Slime Boss","ascension_level":20}