{"gold_per_floor":[12,29,45,45,45,76,76,96,126,144,144,178,128,162,162,266,266,283,295,295,340,355,355,389,151,197,126,141,141,66,80,80,177,177,197,197,209,221,237,268,286,286],"floor_reached":42,"playtime":2469,"items_purged":["Strike_R"],"score":729,"play_id":"8430e65b-58ad-47e5-95d1-24b2d7493d34","local_time":"20190428115107","is_ascension_mode":true,"campfire_choices":[{"data":"Bash","floor":7,"key":"SMITH"},{"data":"Inflame","floor":11,"key":"SMITH"},{"data":"Anger","floor":15,"key":"SMITH"},{"data":"Whirlwind","floor":23,"key":"SMITH"},{"floor":29,"key":"REST"},{"floor":32,"key":"REST"}],"neow_cost":"NO_GOLD","seed_source_timestamp":851908328119324,"circlet_count":0,"master_deck":["AscendersBane","Strike_R","Strike_R+1","Defend_R+1","Defend_R+1","Bash+1","Iron Wave+1","Rage+1","Inflame+1","Feed","Anger+1","Whirlwind+1","Reaper","Mayhem+1","Corruption+1","Metallicize+1","Armaments+1","Spot Weakness+1"],"relics":["Burning Blood","War Paint","Tiny Chest","Frozen Egg 2","Matryoshka","Sozu","Ancient Tea Set","Pen Nib","Dead Branch","Art of War","Red Skull","Juzu Bracelet"],"potions_floor_usage":[6,12,24],"damage_taken":[{"damage":3,"enemies":"2 Louse","floor":1,"turns":3},{"damage":1,"enemies":"Cultist","floor":2,"turns":4},{"damage":9,"enemies":"Small Slimes","floor":3,"turns":5},{"damage":21,"enemies":"Gremlin Nob","floor":6,"turns":5},{"damage":0,"enemies":"3 Louse","floor":8,"turns":3},{"damage":0,"enemies":"Exordium Wildlife","floor":10,"turns":3},{"damage":12,"enemies":"3 Sentries","floor":12,"turns":9},{"damage":9,"enemies":"Gremlin Nob","floor":14,"turns":3},{"damage":18,"enemies":"The Guardian","floor":16,"turns":8},{"damage":3,"enemies":"3 Byrds","floor":18,"turns":5},{"damage":18,"enemies":"2 Thieves","floor":19,"turns":4},{"damage":37,"enemies":"Snake Plant","floor":22,"turns":4},{"damage":30,"enemies":"Book of Stabbing","floor":24,"turns":4},{"damage":31,"enemies":"Shelled Parasite and Fungi","floor":28,"turns":4},{"damage":0,"enemies":"Cultist and Chosen","floor":31,"turns":4},{"damage":51,"enemies":"Automaton","floor":33,"turns":7},{"damage":30,"enemies":"3 Shapes","floor":35,"turns":4},{"damage":10,"enemies":"Orb Walker","floor":37,"turns":4},{"damage":0,"enemies":"Maw","floor":38,"turns":6},{"damage":1,"enemies":"Spire Growth","floor":39,"turns":4},{"damage":95,"enemies":"Reptomancer","floor":40,"turns":8},{"damage":27,"enemies":"3 Darklings","floor":41,"turns":5},{"damage":24,"enemies":"Jaw Worm Horde","floor":42,"turns":1}],"seed_played":"2997912427340666417","potions_obtained":[{"floor":1,"key":"Regen Potion"},{"floor":3,"key":"Block Potion"},{"floor":6,"key":"Ancient Potion"},{"floor":12,"key":"BloodPotion"}],"is_trial":false,"path_per_floor":["M","M","M","?","?","E","R","M","T","M","R","E","?","E","R","B",null,"M","M","?","T","M","R","E","$","T","$","M","R","?","M","R","B",null,"M","?","M","M","M","E","M","M"],"character_chosen":"IRONCLAD","items_purchased":["Mayhem+1","Corruption+1"],"campfire_rested":2,"item_purchase_floors":[25,27],"current_hp_per_floor":[75,80,77,61,61,46,46,52,52,58,58,67,67,64,64,52,73,79,67,67,67,39,39,23,23,23,23,21,46,46,66,86,44,78,54,89,92,92,92,13,12,0],"gold":286,"neow_bonus":"REMOVE_TWO","is_prod":false,"is_daily":false,"chose_seed":false,"campfire_upgraded":4,"win_rate":0,"timestamp":1556463067,"path_taken":["M","M","M","?","?","E","R","M","T","?","R","E","?","E","R","BOSS","M","M","?","?","?","R","E","$","T","$","M","R","?","M","R","BOSS","M","?","?","M","M","E","M","M"],"build_version":"2019-01-23","purchased_purges":1,"victory":false,"max_hp_per_floor":[80,80,80,80,80,80,80,80,80,80,80,80,80,80,80,80,80,83,83,83,83,86,86,86,86,86,86,86,86,86,86,86,89,89,89,89,92,92,92,92,92,92],"card_choices":[{"not_picked":["Sever Soul","Seeing Red","Reckless Charge"],"picked":"SKIP","floor":1},{"not_picked":["Wild Strike","Metallicize"],"picked":"Iron Wave","floor":2},{"not_picked":["Carnage","Whirlwind"],"picked":"Rage","floor":3},{"not_picked":["Pommel Strike","True Grit","Reckless Charge"],"picked":"SKIP","floor":6},{"not_picked":["Twin Strike","Hemokinesis","Combust"],"picked":"SKIP","floor":8},{"not_picked":["Perfected Strike","Seeing Red"],"picked":"Inflame","floor":10},{"not_picked":["Perfected Strike","Sever Soul"],"picked":"Feed","floor":12},{"not_picked":["Wild Strike","Sword Boomerang"],"picked":"Anger","floor":14},{"not_picked":["Perfected Strike","Combust+1"],"picked":"Inflame+1","floor":18},{"not_picked":["Feel No Pain+1","Thunderclap","Clothesline"],"picked":"SKIP","floor":19},{"not_picked":["Power Through","Wild Strike"],"picked":"Whirlwind","floor":22},{"not_picked":["Armaments","Whirlwind"],"picked":"Reaper","floor":24},{"not_picked":["Clash","Evolve+1"],"picked":"Metallicize+1","floor":28},{"not_picked":["Anger","Thunderclap+1","Body Slam"],"picked":"SKIP","floor":31},{"not_picked":["Flex","Rage","Perfected Strike"],"picked":"SKIP","floor":35},{"not_picked":["Headbutt+1","Corruption+1","Perfected Strike"],"picked":"SKIP","floor":37},{"not_picked":["Rupture+1","Anger"],"picked":"Armaments+1","floor":38},{"not_picked":["Evolve+1","Sword Boomerang+1","Headbutt"],"picked":"SKIP","floor":39},{"not_picked":["Evolve+1","Sword Boomerang+1","Headbutt"],"picked":"SKIP","floor":39},{"not_picked":["Combust+1","Cleave+1","Thunderclap+1"],"picked":"SKIP","floor":40},{"not_picked":["Rampage+1","Sever Soul+1"],"picked":"Spot Weakness+1","floor":41}],"player_experience":666975,"relics_obtained":[{"floor":6,"key":"War Paint"},{"floor":9,"key":"Tiny Chest"},{"floor":12,"key":"Frozen Egg 2"},{"floor":14,"key":"Matryoshka"},{"floor":21,"key":"Ancient Tea Set"},{"floor":21,"key":"Pen Nib"},{"floor":24,"key":"Dead Branch"},{"floor":26,"key":"Art of War"},{"floor":26,"key":"Red Skull"},{"floor":40,"key":"Juzu Bracelet"}],"event_choices":[{"damage_healed":0,"gold_gain":0,"player_choice":"Entered Light","damage_taken":16,"max_hp_gain":0,"max_hp_loss":0,"event_name":"Shining Light","floor":4,"gold_loss":0,"cards_upgraded":["Strike_R","Defend_R"]},{"damage_healed":0,"gold_gain":0,"player_choice":"Forge","damage_taken":0,"max_hp_gain":0,"max_hp_loss":0,"event_name":"Accursed Blacksmith","floor":5,"gold_loss":0,"cards_upgraded":["Iron Wave"]},{"cards_removed":["Defend_R"],"damage_healed":0,"gold_gain":0,"player_choice":"Card Removal","damage_taken":0,"max_hp_gain":0,"max_hp_loss":0,"event_name":"The Cleric","floor":13,"gold_loss":50},{"damage_healed":0,"gold_gain":0,"player_choice":"Ignored","damage_taken":0,"max_hp_gain":0,"max_hp_loss":0,"event_name":"Ghosts","floor":20,"gold_loss":0},{"cards_removed":["Strike_R"],"damage_healed":0,"gold_gain":0,"player_choice":"Gave Gold","damage_taken":0,"max_hp_gain":0,"max_hp_loss":0,"event_name":"Beggar","floor":30,"gold_loss":75},{"cards_removed":["Inflame"],"damage_healed":35,"gold_gain":0,"player_choice":"Offered Uncommon","damage_taken":0,"max_hp_gain":0,"max_hp_loss":0,"event_name":"Bonfire Elementals","floor":36,"gold_loss":0}],"is_beta":false,"boss_relics":[{"not_picked":["Runic Pyramid","Cursed Key"],"picked":"Sozu"},{"not_picked":["White Beast Statue","Calling Bell","Philosopher\u0027s Stone"]}],"items_purged_floors":[25],"is_endless":false,"potions_floor_spawned":[1,3,6,12,18,33,35,38,39,41],"killed_by":"Jaw Worm Horde","ascension_level":11}