{"gold_per_floor":[363,376,82,157,157,191,191,191,215,215],"floor_reached":10,"playtime":212,"items_purged":[],"score":99,"play_id":"dbcfbd6b-5e73-4ec1-891f-36534f211321","local_time":"20190428094727","is_ascension_mode":true,"campfire_choices":[{"floor":7,"key":"REST"}],"neow_cost":"TEN_PERCENT_HP_LOSS","seed_source_timestamp":846746268105957,"circlet_count":0,"master_deck":["AscendersBane","Strike_R","Strike_R+1","Strike_R","Strike_R","Strike_R+1","Defend_R","Defend_R","Defend_R","Defend_R","Bash","Rupture","Iron Wave","Cleave"],"relics":["Burning Blood","Mummified Hand","Frozen Egg 2","Smiling Mask","Whetstone"],"potions_floor_usage":[6],"damage_taken":[{"damage":13,"enemies":"Jaw Worm","floor":1,"turns":4},{"damage":24,"enemies":"Small Slimes","floor":2,"turns":5},{"damage":40,"enemies":"Gremlin Nob","floor":6,"turns":6},{"damage":25,"enemies":"Lagavulin","floor":10,"turns":4}],"seed_played":"6850497203262318764","potions_obtained":[{"floor":6,"key":"Fruit Juice"}],"is_trial":false,"path_per_floor":["M","M","$","?","?","E","R","?","T","E"],"character_chosen":"IRONCLAD","items_purchased":["Mummified Hand","Iron Wave"],"campfire_rested":1,"item_purchase_floors":[3,3],"current_hp_per_floor":[65,47,47,36,41,12,36,24,24,0],"gold":215,"neow_bonus":"TWO_FIFTY_GOLD","is_prod":false,"is_daily":false,"chose_seed":false,"campfire_upgraded":0,"win_rate":0,"timestamp":1556455647,"path_taken":["M","M","$","?","?","E","R","?","T","E"],"build_version":"2019-01-23","purchased_purges":0,"victory":false,"max_hp_per_floor":[72,72,72,72,77,82,82,82,82,82],"card_choices":[{"not_picked":["Warcry","Dual Wield"],"picked":"Rupture","floor":1},{"not_picked":["Sentinel","Spot Weakness","Sword Boomerang"],"picked":"SKIP","floor":2},{"not_picked":["Thunderclap","Entrench"],"picked":"Cleave","floor":6}],"player_experience":662247,"relics_obtained":[{"floor":6,"key":"Frozen Egg 2"},{"floor":9,"key":"Whetstone"}],"event_choices":[{"damage_healed":0,"gold_gain":75,"player_choice":"Gather Gold","damage_taken":11,"max_hp_gain":0,"max_hp_loss":0,"event_name":"World of Goop","floor":4,"gold_loss":0},{"damage_healed":0,"gold_gain":0,"player_choice":"Donut","damage_taken":0,"max_hp_gain":5,"max_hp_loss":0,"event_name":"Big Fish","floor":5,"gold_loss":0},{"damage_healed":0,"gold_gain":0,"player_choice":"Success","damage_taken":12,"relics_obtained":["Smiling Mask"],"max_hp_gain":0,"max_hp_loss":0,"event_name":"Scrap Ooze","floor":8,"gold_loss":0}],"is_beta":false,"boss_relics":[],"items_purged_floors":[],"is_endless":false,"potions_floor_spawned":[6],"killed_by":"Lagavulin","ascension_level":11}