{"gold_per_floor":[18,28,38,38,38,67,67,17,42,42,70,85,85,120,120,196,196,208,133,146,162,162,162,190,190,245,259,259,284,295,307,307,307],"floor_reached":33,"playtime":1208,"items_purged":[],"score":595,"play_id":"a4796711-5365-4cab-975a-42dde933ee6b","local_time":"20190417161451","is_ascension_mode":true,"campfire_choices":[{"data":"Bash","floor":7,"key":"SMITH"},{"data":"Pommel Strike","floor":10,"key":"SMITH"},{"data":"Pummel","floor":15,"key":"SMITH"},{"data":"Sentinel","floor":23,"key":"SMITH"},{"data":"Pommel Strike","floor":25,"key":"SMITH"},{"data":"Shrug It Off","floor":28,"key":"SMITH"},{"data":"Sword Boomerang","floor":32,"key":"SMITH"}],"neow_cost":"NO_GOLD","seed_source_timestamp":16516055635241,"circlet_count":0,"master_deck":["AscendersBane","Strike_R","Strike_R","Strike_R","Strike_R","Defend_R","Defend_R","Defend_R","Defend_R","Bash+1","Power Through","Pommel Strike+1","Whirlwind+1","Shrug It Off+1","Pommel Strike+1","Pummel+1","Reaper","Corruption","Sentinel+1","Armaments+1","Sentinel+1","Sword Boomerang+1"],"relics":["Burning Blood","Red Skull","Shuriken","Lantern","Coffee Dripper","Letter Opener","Tiny Chest","Omamori"],"potions_floor_usage":[11,14,21,21,24,33],"damage_taken":[{"damage":8,"enemies":"2 Louse","floor":1,"turns":4},{"damage":7,"enemies":"Small Slimes","floor":2,"turns":5},{"damage":0,"enemies":"Cultist","floor":3,"turns":4},{"damage":56,"enemies":"Gremlin Nob","floor":6,"turns":5},{"damage":15,"enemies":"Lagavulin","floor":11,"turns":6},{"damage":0,"enemies":"Blue Slaver","floor":12,"turns":2},{"damage":4,"enemies":"Gremlin Nob","floor":14,"turns":3},{"damage":26,"enemies":"Hexaghost","floor":16,"turns":7},{"damage":29,"enemies":"2 Thieves","floor":18,"turns":4},{"damage":11,"enemies":"3 Byrds","floor":20,"turns":6},{"damage":0,"enemies":"Shelled Parasite and Fungi","floor":21,"turns":1},{"damage":21,"enemies":"Slavers","floor":24,"turns":7},{"damage":13,"enemies":"Cultist and Chosen","floor":27,"turns":5},{"damage":20,"enemies":"Snake Plant","floor":30,"turns":3},{"damage":17,"enemies":"Chosen and Byrds","floor":31,"turns":5},{"damage":22,"enemies":"Champ","floor":33,"turns":3}],"seed_played":"339290794808163584","potions_obtained":[{"floor":1,"key":"SpeedPotion"},{"floor":2,"key":"SkillPotion"},{"floor":11,"key":"AttackPotion"},{"floor":12,"key":"Strength Potion"},{"floor":20,"key":"SkillPotion"},{"floor":21,"key":"SkillPotion"},{"floor":31,"key":"Strength Potion"}],"is_trial":false,"path_per_floor":["M","M","M","?","?","E","R","$","T","R","E","M","?","E","R","B",null,"M","?","M","M","?","R","E","R","T","M","R","T","M","M","R","B"],"character_chosen":"IRONCLAD","items_purchased":["Shrug It Off"],"campfire_rested":0,"item_purchase_floors":[8],"current_hp_per_floor":[80,79,85,85,85,35,35,35,35,35,26,32,37,39,39,19,75,58,58,61,67,39,39,24,24,24,26,26,26,19,18,18,0],"gold":307,"neow_bonus":"TWENTY_PERCENT_HP_BONUS","is_prod":false,"is_daily":false,"chose_seed":false,"campfire_upgraded":7,"win_rate":0,"timestamp":1555510491,"path_taken":["M","M","M","?","?","E","R","$","T","R","E","?","?","E","R","BOSS","M","?","M","M","?","R","E","R","T","M","R","?","M","M","R","BOSS"],"build_version":"2019-01-23","purchased_purges":0,"victory":false,"max_hp_per_floor":[89,89,89,89,89,89,89,89,89,89,89,89,94,94,94,94,94,94,94,94,94,99,99,99,99,99,99,99,99,99,99,99,99],"card_choices":[{"not_picked":["Sword Boomerang","Blood for Blood"],"picked":"Power Through","floor":1},{"not_picked":["Sever Soul","Shrug It Off"],"picked":"Pommel Strike","floor":2},{"not_picked":["Sentinel","Warcry"],"picked":"Whirlwind","floor":3},{"not_picked":["Dropkick","Fire Breathing","Searing Blow"],"picked":"SKIP","floor":6},{"not_picked":["Sentinel","Hemokinesis","Intimidate"],"picked":"SKIP","floor":11},{"not_picked":["Perfected Strike","Body Slam"],"picked":"Pommel Strike","floor":12},{"not_picked":["Clothesline","Iron Wave"],"picked":"Pummel","floor":14},{"not_picked":["Berserk","Impervious"],"picked":"Reaper","floor":16},{"not_picked":["Havoc","Perfected Strike"],"picked":"Corruption","floor":18},{"not_picked":["Wild Strike+1","Thunderclap"],"picked":"Sentinel","floor":20},{"not_picked":["Iron Wave","Clothesline","Pommel Strike"],"picked":"SKIP","floor":21},{"not_picked":["Warcry","Wild Strike"],"picked":"Armaments+1","floor":24},{"not_picked":["Shockwave","Havoc"],"picked":"Sentinel+1","floor":27},{"not_picked":["Intimidate","Metallicize"],"picked":"Sword Boomerang","floor":30},{"not_picked":["Wild Strike","Power Through","Havoc"],"picked":"SKIP","floor":31}],"player_experience":1150384,"relics_obtained":[{"floor":6,"key":"Red Skull"},{"floor":11,"key":"Shuriken"},{"floor":14,"key":"Lantern"},{"floor":24,"key":"Letter Opener"},{"floor":26,"key":"Tiny Chest"},{"floor":29,"key":"Omamori"}],"event_choices":[{"damage_healed":0,"gold_gain":0,"player_choice":"Leave","damage_taken":0,"max_hp_gain":0,"max_hp_loss":0,"event_name":"The Cleric","floor":4,"gold_loss":0},{"damage_healed":0,"gold_gain":0,"player_choice":"Upgraded","damage_taken":0,"max_hp_gain":0,"max_hp_loss":0,"event_name":"Upgrade Shrine","floor":5,"gold_loss":0,"cards_upgraded":["Whirlwind"]},{"damage_healed":0,"gold_gain":0,"player_choice":"Donut","damage_taken":0,"max_hp_gain":5,"max_hp_loss":0,"event_name":"Big Fish","floor":13,"gold_loss":0},{"cards_removed":["Strike_R"],"damage_healed":0,"gold_gain":0,"player_choice":"Gave Gold","damage_taken":0,"max_hp_gain":0,"max_hp_loss":0,"event_name":"Beggar","floor":19,"gold_loss":75},{"damage_healed":0,"gold_gain":0,"player_choice":"Shed Blood","damage_taken":33,"max_hp_gain":5,"max_hp_loss":0,"event_name":"Forgotten Altar","floor":22,"gold_loss":0}],"is_beta":false,"boss_relics":[{"not_picked":["Runic Cube","White Beast Statue"],"picked":"Coffee Dripper"}],"items_purged_floors":[],"is_endless":false,"potions_floor_spawned":[1,2,11,12,20,21,31],"killed_by":"Champ","ascension_level":20}