{"gold_per_floor":[116,132,46,46,66,97,97,122,122,148,148,148,174,191,191,270,270,285,285,110,125,136,136,150,184,210,210,210,245,245,275,275,351,351,370,381,393,440,59,88,88,107,107,133,133,145,171,183,183,183,183,183,183,3,31,31],"floor_reached":57,"playtime":3753,"items_purged":["Decay","Anger"],"score":3181,"play_id":"6f1c7127-ecf0-429e-8c90-356e539e9049","local_time":"20190203150742","is_ascension_mode":true,"campfire_choices":[{"data":"Combust","floor":7.0,"key":"SMITH"},{"data":"Bash","floor":12.0,"key":"SMITH"},{"data":"Hemokinesis","floor":15.0,"key":"SMITH"},{"floor":23.0,"key":"REST"},{"floor":27.0,"key":"REST"},{"floor":32.0,"key":"REST"},{"floor":41.0,"key":"RECALL"},{"floor":49.0,"key":"REST"},{"floor":53,"key":"REST"}],"neow_cost":"NONE","seed_source_timestamp":4600963987883,"circlet_count":0,"master_deck":["AscendersBane","Strike_R+1","Strike_R+1","Strike_R+1","Strike_R+1","Strike_R+1","Defend_R+1","Defend_R+1","Defend_R+1","Defend_R+1","Bash+1","Pummel","Combust+1","Feel No Pain","Hemokinesis+1","True Grit","Barricade","Flame Barrier","Spot Weakness","Shockwave","Uppercut","Inflame","Shrug It Off","Ghostly Armor+1","Fiend Fire","Evolve+1","Impervious","Feel No Pain","Heavy Blade+1","Corruption","Apotheosis","Impervious","Body Slam","Corruption","Rupture","Dark Shackles","Evolve","Evolve+1"],"special_seed":0,"relics":["Burning Blood","PreservedInsect","Matryoshka","Mummified Hand","Potion Belt","Shuriken","Question Card","Self Forming Clay","Snecko Eye","Happy Flower","Centennial Puzzle","Enchiridion","Gremlin Horn","Bottled Tornado","Fusion Hammer","Incense Burner","Bronze Scales","Ornamental Fan","Art of War","Juzu Bracelet","Bag of Preparation"],"potions_floor_usage":[56,56],"damage_taken":[{"damage":1.0,"enemies":"Cultist","floor":1.0,"turns":3.0},{"damage":10.0,"enemies":"Small Slimes","floor":2.0,"turns":4.0},{"damage":2.0,"enemies":"Jaw Worm","floor":5.0,"turns":3.0},{"damage":18.0,"enemies":"3 Sentries","floor":6.0,"turns":6.0},{"damage":10.0,"enemies":"Gremlin Nob","floor":8.0,"turns":3.0},{"damage":8.0,"enemies":"3 Sentries","floor":10.0,"turns":3.0},{"damage":10.0,"enemies":"Gremlin Nob","floor":13.0,"turns":3.0},{"damage":9.0,"enemies":"Looter","floor":14.0,"turns":3.0},{"damage":55.0,"enemies":"Slime Boss","floor":16.0,"turns":9.0},{"damage":18.0,"enemies":"3 Byrds","floor":18.0,"turns":4.0},{"damage":4.0,"enemies":"Shell Parasite","floor":21.0,"turns":2.0},{"damage":26.0,"enemies":"Snake Plant","floor":22.0,"turns":4.0},{"damage":29.0,"enemies":"Shelled Parasite and Fungi","floor":24.0,"turns":5.0},{"damage":9.0,"enemies":"Slavers","floor":25.0,"turns":3.0},{"damage":4.0,"enemies":"Gremlin Leader","floor":29.0,"turns":4.0},{"damage":8.0,"enemies":"Book of Stabbing","floor":31.0,"turns":3.0},{"damage":4.0,"enemies":"Champ","floor":33.0,"turns":7.0},{"damage":0.0,"enemies":"Orb Walker","floor":35.0,"turns":2.0},{"damage":0.0,"enemies":"3 Shapes","floor":36.0,"turns":3.0},{"damage":2.0,"enemies":"Maw","floor":37.0,"turns":7.0},{"damage":0.0,"enemies":"2 Orb Walkers","floor":38.0,"turns":4.0},{"damage":4.0,"enemies":"Nemesis","floor":40.0,"turns":3.0},{"damage":12.0,"enemies":"Jaw Worm Horde","floor":42.0,"turns":3.0},{"damage":0.0,"enemies":"Reptomancer","floor":44.0,"turns":3.0},{"damage":0.0,"enemies":"Writhing Mass","floor":46.0,"turns":6.0},{"damage":1.0,"enemies":"Nemesis","floor":47.0,"turns":6.0},{"damage":5.0,"enemies":"Spire Growth","floor":48.0,"turns":3.0},{"damage":10,"enemies":"Awakened One","floor":50,"turns":7},{"damage":2,"enemies":"Donu and Deca","floor":51,"turns":3},{"damage":12,"enemies":"Shield and Spear","floor":55,"turns":6},{"damage":24,"enemies":"The Heart","floor":56,"turns":6}],"seed_played":"-1154044048828936649","potions_obtained":[{"floor":1.0,"key":"Swift Potion"},{"floor":5.0,"key":"SkillPotion"},{"floor":10.0,"key":"EssenceOfSteel"},{"floor":21.0,"key":"GamblersBrew"},{"floor":22.0,"key":"FearPotion"},{"floor":25.0,"key":"Fire Potion"},{"floor":35.0,"key":"AttackPotion"},{"floor":42.0,"key":"Regen Potion"},{"floor":44.0,"key":"Swift Potion"},{"floor":46.0,"key":"Strength Potion"}],"is_trial":false,"path_per_floor":["M","M","$","?","M","E","R","E","T","E","?","R","E","M","R","B",null,"M","?","$","M","M","R","M","E","T","R","?","E","?","E","R","B",null,"M","M","M","?","$","E","R","M","T","E","?","M","E","M","R","B","B",null,"R","$","E","B",null],"character_chosen":"IRONCLAD","items_purchased":["Regen Potion","Shockwave","SteroidPotion","Corruption","Apotheosis","Dark Shackles","Evolve"],"campfire_rested":5,"item_purchase_floors":[3,20,20,39,39,54,54],"current_hp_per_floor":[73,69,69,74,78,66,66,62,62,60,60,60,56,53,53,19,65,53,53,53,55,35,59,36,33,33,57,36,38,38,36,60,62,76,80,80,80,80,80,80,80,74,74,80,76,76,76,76,76,72,76,76,76,76,70,67],"gold":31,"neow_bonus":"RANDOM_COMMON_RELIC","is_prod":false,"is_daily":false,"chose_seed":false,"campfire_upgraded":3,"win_rate":0,"timestamp":1549202862,"path_taken":["M","M","$","?","M","E","R","E","T","E","?","R","E","M","R","BOSS","M","?","$","M","M","R","M","E","T","R","?","E","?","E","R","BOSS","M","M","M","?","$","E","R","M","T","E","?","M","E","M","R","BOSS","BOSS","R","$","E","BOSS"],"build_version":"2019-01-23","purchased_purges":2,"victory":true,"max_hp_per_floor":[75,75,75,80,80,80,80,80,80,80,80,80,80,80,80,80,80,80,80,80,80,80,80,80,80,80,80,80,80,80,80,80,80,80,80,80,80,80,80,80,80,80,80,80,76,76,76,76,76,76,76,76,76,76,76,76],"card_choices":[{"not_picked":["Body Slam","Infernal Blade"],"picked":"Pummel","floor":1.0},{"not_picked":["Perfected Strike","Headbutt"],"picked":"Combust","floor":2.0},{"not_picked":["Cleave","Flame Barrier"],"picked":"Anger","floor":5.0},{"not_picked":["Intimidate","Armaments"],"picked":"Feel No Pain","floor":6.0},{"not_picked":["Headbutt","Double Tap","Rage"],"picked":"SKIP","floor":8.0},{"not_picked":["Sever Soul","Sword Boomerang","Wild Strike"],"picked":"SKIP","floor":10.0},{"not_picked":["Rage","Heavy Blade","Body Slam"],"picked":"Hemokinesis","floor":13.0},{"not_picked":["Carnage","Havoc","Pommel Strike"],"picked":"True Grit","floor":14.0},{"not_picked":["Bludgeon","Demon Form","Double Tap"],"picked":"Barricade","floor":16.0},{"not_picked":["Headbutt+1","Wild Strike+1","Anger+1"],"picked":"Flame Barrier","floor":18.0},{"not_picked":["Evolve","Anger+1","Thunderclap"],"picked":"Uppercut","floor":21.0},{"not_picked":["Armaments","Evolve","Rampage"],"picked":"Inflame","floor":22.0},{"not_picked":["Headbutt","Iron Wave","Cleave"],"picked":"Shrug It Off","floor":24.0},{"not_picked":["Sword Boomerang","Havoc+1","Clothesline"],"picked":"Ghostly Armor+1","floor":25.0},{"not_picked":["Dark Embrace","Body Slam","Heavy Blade"],"picked":"Fiend Fire","floor":29.0},{"not_picked":["Berserk","Clothesline","Iron Wave"],"picked":"Evolve+1","floor":31.0},{"not_picked":["Offering","Berserk","Double Tap"],"picked":"Impervious","floor":33.0},{"not_picked":["Shrug It Off","Seeing Red","Clothesline"],"picked":"Feel No Pain","floor":35.0},{"not_picked":["Rampage","Heavy Blade","Headbutt","Searing Blow"],"picked":"SKIP","floor":36.0},{"not_picked":["Sword Boomerang","Shrug It Off+1","Intimidate"],"picked":"Heavy Blade+1","floor":37.0},{"not_picked":["Barricade","Headbutt","Iron Wave+1"],"picked":"Impervious","floor":40.0},{"not_picked":["Sword Boomerang","Thunderclap","Flex+1","Pommel Strike"],"picked":"SKIP","floor":42.0},{"not_picked":["Wild Strike","Twin Strike","Seeing Red"],"picked":"Body Slam","floor":44.0},{"not_picked":["Reckless Charge","Cleave","Warcry","Heavy Blade+1"],"picked":"SKIP","floor":46.0},{"not_picked":["Flex","Fire Breathing","Exhume"],"picked":"Corruption","floor":47.0},{"not_picked":["Perfected Strike+1","Infernal Blade","True Grit"],"picked":"Rupture","floor":48.0},{"not_picked":["Anger","Clash","Havoc"],"picked":"Evolve+1","floor":55}],"player_experience":861577,"relics_obtained":[{"floor":6.0,"key":"Matryoshka"},{"floor":8.0,"key":"Mummified Hand"},{"floor":9.0,"key":"Potion Belt"},{"floor":9.0,"key":"Shuriken"},{"floor":10.0,"key":"Question Card"},{"floor":13.0,"key":"Self Forming Clay"},{"floor":25.0,"key":"Happy Flower"},{"floor":26.0,"key":"Centennial Puzzle"},{"floor":28.0,"key":"Enchiridion"},{"floor":29.0,"key":"Gremlin Horn"},{"floor":31.0,"key":"Bottled Tornado"},{"floor":38.0,"key":"Incense Burner"},{"floor":40.0,"key":"Bronze Scales"},{"floor":43.0,"key":"Ornamental Fan"},{"floor":44.0,"key":"Art of War"},{"floor":47.0,"key":"Juzu Bracelet"},{"floor":55,"key":"Bag of Preparation"}],"event_choices":[{"damage_healed":0.0,"max_hp_gain":5.0,"max_hp_loss":0.0,"gold_gain":0.0,"event_name":"Big Fish","player_choice":"Donut","floor":4.0,"gold_loss":0.0,"damage_taken":0.0},{"damage_healed":0.0,"max_hp_gain":0.0,"max_hp_loss":0.0,"gold_gain":0.0,"event_name":"Wheel of Change","player_choice":"Cursed","floor":11.0,"gold_loss":0.0,"damage_taken":0.0,"cards_obtained":["Decay"]},{"damage_healed":0.0,"max_hp_gain":0.0,"max_hp_loss":0.0,"gold_gain":0.0,"event_name":"The Library","player_choice":"Read","floor":19.0,"gold_loss":0.0,"damage_taken":0.0,"cards_obtained":["Spot Weakness"]},{"damage_healed":0.0,"max_hp_gain":0.0,"max_hp_loss":0.0,"gold_gain":0.0,"event_name":"Cursed Tome","player_choice":"Obtained Book","floor":28.0,"gold_loss":0.0,"damage_taken":21.0},{"damage_healed":0.0,"max_hp_gain":0.0,"max_hp_loss":0.0,"gold_gain":0.0,"event_name":"Back to Basics","player_choice":"Simplicity","floor":30.0,"gold_loss":0.0,"damage_taken":0.0,"cards_upgraded":["Strike_R","Strike_R","Strike_R","Strike_R","Strike_R","Defend_R","Defend_R","Defend_R","Defend_R"]},{"damage_healed":0.0,"max_hp_gain":0.0,"max_hp_loss":0.0,"gold_gain":0.0,"event_name":"Mysterious Sphere","player_choice":"Fight","floor":38.0,"gold_loss":0.0,"damage_taken":0.0},{"damage_healed":0.0,"max_hp_gain":0.0,"max_hp_loss":4.0,"gold_gain":0.0,"event_name":"Winding Halls","player_choice":"Max HP","floor":45.0,"gold_loss":0.0,"damage_taken":0.0}],"is_beta":false,"boss_relics":[{"not_picked":["Sozu","Coffee Dripper"],"picked":"Snecko Eye"},{"not_picked":["Philosopher\u0027s Stone","Eternal Feather"],"picked":"Fusion Hammer"}],"items_purged_floors":[20,39],"is_endless":false,"potions_floor_spawned":[1,5,10,21,22,25,35,42,44,46,47],"ascension_level":20}