{"gold_per_floor":[113,113,38,38,50,50,6,34,34,60,60,80,80,106,106,179,179,190,190,33,83,93,93,127,127,127,153,153,153,173,6,6,78,78,92,104,104,124,139,170,170,195,219,219,219,219,233,261,261,261,261,261,261,23,49,49],"floor_reached":56,"playtime":4280,"items_purged":["Strike_G+1"],"score":2159,"play_id":"edc3c64a-b8c1-43f8-b2f2-e92069e569c5","local_time":"20181215193810","is_ascension_mode":true,"campfire_choices":[{"data":"Glass Knife","floor":6,"key":"SMITH"},{"data":"Glass Knife","floor":11,"key":"SMITH"},{"data":"Neutralize","floor":13,"key":"SMITH"},{"data":"After Image","floor":15,"key":"SMITH"},{"data":"Well Laid Plans","floor":23,"key":"SMITH"},{"floor":25,"key":"REST"},{"data":"Footwork","floor":28,"key":"SMITH"},{"floor":32,"key":"REST"},{"floor":41,"key":"REST"},{"floor":46,"key":"REST"},{"floor":49,"key":"RECALL"},{"floor":53,"key":"REST"}],"neow_cost":"NONE","seed_source_timestamp":26301452288673,"circlet_count":0,"master_deck":["AscendersBane","Defend_G+1","Defend_G+1","Defend_G+1","Defend_G+1","Defend_G+1","Strike_G+1","Strike_G+1","Survivor","Neutralize+1","Dagger Throw+1","Glass Knife+1","Backflip","Well Laid Plans+1","After Image+1","Glass Knife+1","Backflip","Footwork+1","Noxious Fumes+1","Dagger Spray+1","Corpse Explosion","Flying Knee+1","PiercingWail","PiercingWail+1","Cloak And Dagger+1","Prepared+1","Leg Sweep+1","Deflect+1","Backflip+1"],"relics":["Ring of the Snake","NeowsBlessing","Nunchaku","Strawberry","Ice Cream","Black Star","Vajra","Bronze Scales","Molten Egg 2","Pear","Anchor","Question Card","Potion Belt","Busted Crown","Toxic Egg 2","Bag of Preparation","Smiling Mask","PreservedInsect","Orichalcum","Oddly Smooth Stone","Whetstone","Turnip","Mummified Hand"],"potions_floor_usage":[10,22,24,27,40,40,50,50,56,56],"damage_taken":[{"damage":0,"enemies":"Cultist","floor":1,"turns":1},{"damage":0,"enemies":"Small Slimes","floor":5,"turns":1},{"damage":0,"enemies":"Lagavulin","floor":8,"turns":1},{"damage":3,"enemies":"Gremlin Nob","floor":10,"turns":3},{"damage":0,"enemies":"Jaw Worm","floor":12,"turns":3},{"damage":4,"enemies":"3 Sentries","floor":14,"turns":7},{"damage":12,"enemies":"The Guardian","floor":16,"turns":14},{"damage":9,"enemies":"Spheric Guardian","floor":18,"turns":4},{"damage":6,"enemies":"2 Thieves","floor":22,"turns":4},{"damage":24,"enemies":"Slavers","floor":24,"turns":8},{"damage":26,"enemies":"Book of Stabbing","floor":27,"turns":5},{"damage":1,"enemies":"Centurion and Healer","floor":30,"turns":7},{"damage":44,"enemies":"Collector","floor":33,"turns":14},{"damage":0,"enemies":"Orb Walker","floor":35,"turns":3},{"damage":0,"enemies":"3 Shapes","floor":36,"turns":4},{"damage":4,"enemies":"Spire Growth","floor":38,"turns":6},{"damage":1,"enemies":"4 Shapes","floor":39,"turns":2},{"damage":22,"enemies":"Giant Head","floor":40,"turns":11},{"damage":0,"enemies":"Nemesis","floor":42,"turns":9},{"damage":0,"enemies":"Sphere and 2 Shapes","floor":47,"turns":4},{"damage":5,"enemies":"Giant Head","floor":48,"turns":8},{"damage":24,"enemies":"Donu and Deca","floor":50,"turns":9},{"damage":52,"enemies":"Awakened One","floor":51,"turns":24},{"damage":25,"enemies":"Shield and Spear","floor":55,"turns":6},{"damage":67,"enemies":"The Heart","floor":56,"turns":11}],"seed_played":"4151499733524076649","potions_obtained":[{"floor":5,"key":"Explosive Potion"},{"floor":12,"key":"Explosive Potion"},{"floor":14,"key":"Block Potion"},{"floor":22,"key":"Energy Potion"},{"floor":24,"key":"Weak Potion"},{"floor":27,"key":"Energy Potion"},{"floor":38,"key":"AttackPotion"},{"floor":39,"key":"SpeedPotion"},{"floor":42,"key":"Swift Potion"},{"floor":48,"key":"Energy Potion"}],"is_trial":false,"path_per_floor":["M","?","?","?","M","R","$","E","T","E","R","M","R","E","R","B",null,"M","?","$","?","M","R","E","R","T","E","R","?","M","$","R","B",null,"M","M","?","M","M","E","R","E","T","?","?","R","M","E","R","B","B",null,"R","$","E","B"],"character_chosen":"THE_SILENT","items_purchased":["Well Laid Plans","Vajra","Potion Belt","Leg Sweep+1","Energy Potion","Deflect+1"],"campfire_rested":5,"item_purchase_floors":[7,20,31,54,54,54],"current_hp_per_floor":[59,64,64,64,64,64,64,64,64,68,68,68,68,64,64,52,72,63,63,63,63,57,57,33,56,66,40,40,40,39,39,65,21,71,71,71,71,67,66,44,70,70,70,70,60,86,86,81,81,57,5,67,88,88,63,0],"gold":49,"neow_bonus":"THREE_ENEMY_KILL","is_prod":false,"is_daily":false,"chose_seed":false,"campfire_upgraded":6,"win_rate":0,"timestamp":1544899090,"path_taken":["M","?","?","?","?","R","$","E","T","E","R","M","R","E","R","BOSS","M","?","$","?","M","R","E","R","T","E","R","?","M","$","R","BOSS","M","M","?","M","M","E","R","E","T","?","?","R","M","E","R","BOSS","BOSS","R","$","E","BOSS"],"build_version":"2018-12-13","purchased_purges":1,"victory":false,"max_hp_per_floor":[66,71,71,71,71,71,71,71,71,78,78,78,78,78,78,78,78,78,78,78,78,78,78,78,78,88,88,88,88,88,88,88,88,88,88,88,88,88,88,88,88,88,88,88,88,88,88,88,88,88,88,88,88,88,88,88],"card_choices":[{"not_picked":["Calculated Gamble","Quick Slash"],"picked":"Dagger Throw","floor":1},{"not_picked":["Outmaneuver","Eviscerate"],"picked":"Backflip","floor":5},{"not_picked":["Bouncing Flask","Underhanded Strike"],"picked":"After Image","floor":8},{"not_picked":["Bane","Flechettes"],"picked":"Glass Knife","floor":10},{"not_picked":["Escape Plan","Blade Dance","Underhanded Strike"],"picked":"SKIP","floor":12},{"not_picked":["Acrobatics","Masterful Stab"],"picked":"Backflip","floor":14},{"not_picked":["Deadly Poison","Prepared","Blade Dance"],"picked":"SKIP","floor":18},{"not_picked":["Dagger Throw","Deadly Poison"],"picked":"Leg Sweep","floor":22},{"not_picked":["Flying Knee","Acrobatics"],"picked":"Footwork","floor":24},{"not_picked":["Sucker Punch+1","Bane+1"],"picked":"Noxious Fumes+1","floor":27},{"not_picked":["Prepared+1","Expertise","Bane+1"],"picked":"Dagger Spray+1","floor":30},{"not_picked":["Burst","Storm of Steel","Unload+1"],"picked":"Corpse Explosion","floor":33},{"not_picked":["Poisoned Stab+1"],"picked":"Flying Knee+1","floor":35},{"not_picked":["Quick Slash+1","Slice+1"],"picked":"SKIP","floor":36},{"not_picked":["Skewer+1","Dagger Throw+1"],"picked":"SKIP","floor":38},{"not_picked":["Predator+1"],"picked":"PiercingWail","floor":39},{"not_picked":["Eviscerate+1","Underhanded Strike+1"],"picked":"SKIP","floor":40},{"not_picked":["Predator+1"],"picked":"PiercingWail+1","floor":42},{"not_picked":["Reflex+1"],"picked":"Cloak And Dagger+1","floor":47},{"not_picked":["Underhanded Strike+1"],"picked":"Prepared+1","floor":48},{"not_picked":["Choke+1"],"picked":"Backflip+1","floor":55}],"player_experience":643559,"relics_obtained":[{"floor":8,"key":"Nunchaku"},{"floor":10,"key":"Strawberry"},{"floor":14,"key":"Ice Cream"},{"floor":24,"key":"Bronze Scales"},{"floor":24,"key":"Molten Egg 2"},{"floor":26,"key":"Pear"},{"floor":27,"key":"Anchor"},{"floor":27,"key":"Question Card"},{"floor":40,"key":"Toxic Egg 2"},{"floor":40,"key":"Bag of Preparation"},{"floor":42,"key":"Smiling Mask"},{"floor":42,"key":"PreservedInsect"},{"floor":43,"key":"Orichalcum"},{"floor":48,"key":"Oddly Smooth Stone"},{"floor":48,"key":"Whetstone"},{"floor":55,"key":"Turnip"},{"floor":55,"key":"Mummified Hand"}],"event_choices":[{"damage_healed":0,"gold_gain":0,"player_choice":"Donut","damage_taken":0,"max_hp_gain":5,"max_hp_loss":0,"event_name":"Big Fish","floor":2,"gold_loss":0},{"cards_removed":["Strike_G"],"damage_healed":0,"gold_gain":0,"player_choice":"Card Removal","damage_taken":0,"max_hp_gain":0,"max_hp_loss":0,"event_name":"The Cleric","floor":3,"gold_loss":75},{"damage_healed":0,"gold_gain":0,"cards_transformed":["Strike_G"],"player_choice":"Transformed","damage_taken":0,"max_hp_gain":0,"max_hp_loss":0,"event_name":"Transmorgrifier","floor":4,"gold_loss":0,"cards_obtained":["Glass Knife"]},{"damage_healed":0,"gold_gain":0,"player_choice":"Ignored","damage_taken":0,"max_hp_gain":0,"max_hp_loss":0,"event_name":"The Mausoleum","floor":19,"gold_loss":0},{"damage_healed":0,"gold_gain":50,"player_choice":"Stole From Cult","damage_taken":0,"max_hp_gain":0,"max_hp_loss":0,"event_name":"Nest","floor":21,"gold_loss":0},{"damage_healed":0,"gold_gain":0,"player_choice":"Simplicity","damage_taken":0,"max_hp_gain":0,"max_hp_loss":0,"event_name":"Back to Basics","floor":29,"gold_loss":0,"cards_upgraded":["Defend_G","Defend_G","Defend_G","Defend_G","Defend_G","Strike_G","Strike_G","Strike_G"]},{"damage_healed":0,"gold_gain":0,"player_choice":"Ignored","damage_taken":0,"max_hp_gain":0,"max_hp_loss":0,"event_name":"Tomb of Lord Red Mask","floor":37,"gold_loss":0},{"cards_removed":["Leg Sweep"],"damage_healed":0,"gold_gain":0,"player_choice":"Removed Skill","damage_taken":0,"max_hp_gain":0,"max_hp_loss":0,"event_name":"Falling","floor":44,"gold_loss":0},{"damage_healed":0,"gold_gain":0,"player_choice":"Memory 3","damage_taken":10,"max_hp_gain":0,"max_hp_loss":0,"event_name":"SensoryStone","floor":45,"gold_loss":0}],"is_beta":false,"boss_relics":[{"not_picked":["Lizard Tail","Runic Dome"],"picked":"Black Star"},{"not_picked":["Eternal Feather","White Beast Statue"],"picked":"Busted Crown"}],"items_purged_floors":[54],"is_endless":false,"potions_floor_spawned":[5,12,14,22,24,27,38,39,42,48],"killed_by":"The Heart","ascension_level":20}