{"gold_per_floor":[110,123,137,36,36,71,85,85,109,109,109,119,119,153,153,251,301,316,69,69,69,83,83,118,118,143,153,169,169,169],"floor_reached":30,"playtime":1609,"items_purged":["Defend_R","Strike_R"],"score":425,"play_id":"2e73702d-27b1-441a-8062-6526d74e1be7","local_time":"20190428104204","is_ascension_mode":true,"campfire_choices":[{"data":"Armaments","floor":8,"key":"SMITH"},{"data":"Madness","floor":10,"key":"SMITH"},{"data":"Bash","floor":13,"key":"SMITH"},{"floor":15,"key":"REST"},{"data":"Double Tap","floor":23,"key":"SMITH"},{"floor":25,"key":"REST"}],"neow_cost":"NONE","seed_source_timestamp":848626798230851,"circlet_count":0,"master_deck":["AscendersBane","Strike_R","Strike_R","Strike_R","Strike_R","Defend_R","Defend_R","Defend_R","Bash+1","Madness+1","Evolve+1","Armaments+1","Iron Wave","Feed","Combust","Double Tap+1","Anger","Clash","Rampage","True Grit+1","Metallicize+1","Flash of Steel"],"relics":["Burning Blood","Red Skull","Ancient Tea Set","Calipers","Bag of Preparation","Tiny House","Orichalcum","MutagenicStrength","Pen Nib","Dream Catcher"],"potions_floor_usage":[3,7,16,22,24,28],"damage_taken":[{"damage":6,"enemies":"Cultist","floor":1,"turns":3},{"damage":0,"enemies":"Small Slimes","floor":2,"turns":3},{"damage":0,"enemies":"Jaw Worm","floor":3,"turns":3},{"damage":50,"enemies":"Gremlin Nob","floor":6,"turns":7},{"damage":0,"enemies":"Lots of Slimes","floor":7,"turns":1},{"damage":1,"enemies":"2 Fungi Beasts","floor":12,"turns":5},{"damage":20,"enemies":"3 Sentries","floor":14,"turns":7},{"damage":27,"enemies":"Slime Boss","floor":16,"turns":11},{"damage":5,"enemies":"Chosen","floor":18,"turns":5},{"damage":7,"enemies":"3 Byrds","floor":22,"turns":6},{"damage":82,"enemies":"Slavers","floor":24,"turns":6},{"damage":12,"enemies":"Centurion and Healer","floor":27,"turns":3},{"damage":6,"enemies":"Chosen and Byrds","floor":28,"turns":5},{"damage":45,"enemies":"Snake Plant","floor":30,"turns":4}],"seed_played":"-6718637130138717995","potions_obtained":[{"floor":2,"key":"Explosive Potion"},{"floor":6,"key":"AttackPotion"},{"floor":14,"key":"SteroidPotion"},{"floor":16,"key":"SkillPotion"},{"floor":17,"key":"PowerPotion"},{"floor":27,"key":"SteroidPotion"}],"is_trial":false,"path_per_floor":["M","M","M","$","?","E","M","R","T","R","T","M","R","E","R","B",null,"M","$","?","?","M","R","E","R","T","M","M","?","M"],"character_chosen":"IRONCLAD","items_purchased":["Iron Wave","Orichalcum"],"campfire_rested":2,"item_purchase_floors":[4,19],"current_hp_per_floor":[72,78,80,80,80,36,42,42,42,42,42,51,51,40,66,49,86,87,87,87,87,90,90,17,47,47,44,44,44,0],"gold":169,"neow_bonus":"RANDOM_COLORLESS","is_prod":false,"is_daily":false,"chose_seed":false,"campfire_upgraded":4,"win_rate":0,"timestamp":1556458924,"path_taken":["M","M","?","$","?","E","M","R","T","R","?","M","R","E","R","BOSS","M","?","?","?","M","R","E","R","T","M","M","?","M"],"build_version":"2019-01-23","purchased_purges":2,"victory":false,"max_hp_per_floor":[80,80,80,80,80,80,80,80,80,80,80,84,84,87,87,91,96,96,96,96,96,100,100,103,103,103,106,106,106,106],"card_choices":[{"not_picked":["Body Slam","Hemokinesis"],"picked":"Evolve","floor":1},{"not_picked":["Shrug It Off","Burning Pact"],"picked":"Armaments","floor":2},{"not_picked":["Warcry","Second Wind","True Grit"],"picked":"SKIP","floor":3},{"not_picked":["Dark Embrace","Armaments"],"picked":"Feed","floor":6},{"not_picked":["Evolve","Headbutt","True Grit"],"picked":"SKIP","floor":7},{"not_picked":["Warcry","Flex","Sentinel"],"picked":"SKIP","floor":12},{"not_picked":["Warcry","Flex","Sentinel"],"picked":"SKIP","floor":12},{"not_picked":["Sword Boomerang","Feed"],"picked":"Combust","floor":14},{"not_picked":["Fiend Fire","Juggernaut"],"picked":"Double Tap","floor":16},{"not_picked":["Thunderclap","Clash"],"picked":"Anger","floor":17},{"not_picked":["Entrench","Twin Strike"],"picked":"Clash","floor":18},{"not_picked":["Headbutt+1","Pummel","Entrench"],"picked":"SKIP","floor":22},{"not_picked":["Shrug It Off","Pommel Strike"],"picked":"Rampage","floor":24},{"not_picked":["Warcry","Battle Trance"],"picked":"True Grit+1","floor":27},{"not_picked":["Wild Strike+1","Body Slam"],"picked":"Metallicize+1","floor":28}],"player_experience":663863,"relics_obtained":[{"floor":6,"key":"Red Skull"},{"floor":9,"key":"Ancient Tea Set"},{"floor":11,"key":"Calipers"},{"floor":14,"key":"Bag of Preparation"},{"floor":24,"key":"Pen Nib"},{"floor":26,"key":"Dream Catcher"}],"event_choices":[{"damage_healed":0,"gold_gain":0,"player_choice":"Leave","damage_taken":0,"max_hp_gain":0,"max_hp_loss":0,"event_name":"The Cleric","floor":5,"gold_loss":0},{"damage_healed":0,"gold_gain":0,"player_choice":"Inject Mutagens","damage_taken":0,"relics_obtained":["MutagenicStrength"],"max_hp_gain":0,"max_hp_loss":0,"event_name":"Drug Dealer","floor":20,"gold_loss":0},{"damage_healed":0,"gold_gain":0,"player_choice":"Ignored","damage_taken":0,"max_hp_gain":0,"max_hp_loss":0,"event_name":"Beggar","floor":21,"gold_loss":0},{"damage_healed":0,"gold_gain":0,"player_choice":"1 cards matched","damage_taken":0,"max_hp_gain":0,"max_hp_loss":0,"event_name":"Match and Keep!","floor":29,"gold_loss":0,"cards_obtained":["Flash of Steel"]}],"is_beta":false,"boss_relics":[{"not_picked":["Coffee Dripper","Snecko Eye"],"picked":"Tiny House"}],"items_purged_floors":[4,19],"is_endless":false,"potions_floor_spawned":[2,6,14,16,27],"killed_by":"Snake Plant","ascension_level":11}