{"gold_per_floor":[115,133,133,133,98,98,111,121,121,121,146,146],"floor_reached":12,"playtime":559,"items_purged":[],"score":148,"play_id":"0dd07339-d13a-4a94-8e83-8e1962c06439","local_time":"20190614064614","is_ascension_mode":true,"campfire_choices":[{"data":"Barricade","floor":6,"key":"SMITH"}],"neow_cost":"NONE","seed_source_timestamp":2329581762068985,"circlet_count":0,"master_deck":["AscendersBane","Strike_R","Strike_R","Strike_R","Strike_R","Strike_R","Defend_R","Defend_R","Defend_R+1","Defend_R","Bash","Barricade+1","Sever Soul+1","Rampage","Pommel Strike","Iron Wave+1"],"relics":["Burning Blood","Blue Candle","Molten Egg 2","StoneCalendar"],"potions_floor_usage":[8],"damage_taken":[{"damage":12,"enemies":"Jaw Worm","floor":1,"turns":5},{"damage":15,"enemies":"Small Slimes","floor":2,"turns":4},{"damage":1,"enemies":"Cultist","floor":7,"turns":3},{"damage":6,"enemies":"2 Fungi Beasts","floor":8,"turns":3},{"damage":41,"enemies":"Lagavulin","floor":11,"turns":8},{"damage":47,"enemies":"Gremlin Gang","floor":12,"turns":3}],"seed_played":"-6898529618013692312","potions_obtained":[{"floor":1,"key":"Poison Potion"},{"floor":2,"key":"EssenceOfSteel"},{"floor":11,"key":"SteroidPotion"}],"is_trial":false,"path_per_floor":["M","M","?","?","?","R","M","M","T","?","E","M"],"character_chosen":"IRONCLAD","items_purchased":[],"campfire_rested":0,"item_purchase_floors":[],"current_hp_per_floor":[62,53,30,30,48,48,53,53,53,53,18,0],"gold":146,"neow_bonus":"ONE_RANDOM_RARE_CARD","is_prod":false,"is_daily":false,"chose_seed":false,"campfire_upgraded":1,"win_rate":0,"timestamp":1560505574,"path_taken":["M","M","?","?","?","R","M","M","T","?","E","M"],"build_version":"2019-01-23","purchased_purges":0,"victory":false,"max_hp_per_floor":[75,75,75,75,75,75,75,75,75,75,75,75],"card_choices":[{"not_picked":["Sever Soul","Burning Pact","Warcry"],"picked":"SKIP","floor":1},{"not_picked":["Burning Pact","Warcry"],"picked":"Sever Soul","floor":1},{"not_picked":["Warcry","Twin Strike"],"picked":"Rampage","floor":2},{"not_picked":["Pommel Strike","Clothesline","Wild Strike"],"picked":"SKIP","floor":7},{"not_picked":["Clothesline","Wild Strike"],"picked":"Pommel Strike","floor":7},{"not_picked":["Heavy Blade","Infernal Blade","Havoc"],"picked":"SKIP","floor":8},{"not_picked":["Thunderclap+1","Heavy Blade+1"],"picked":"Iron Wave+1","floor":11}],"player_experience":1031335,"relics_obtained":[{"floor":9,"key":"Blue Candle"},{"floor":11,"key":"StoneCalendar"}],"event_choices":[{"damage_healed":0,"gold_gain":0,"player_choice":"Entered Light","damage_taken":23,"max_hp_gain":0,"max_hp_loss":0,"event_name":"Shining Light","floor":3,"gold_loss":0,"cards_upgraded":["Defend_R","Sever Soul"]},{"damage_healed":0,"gold_gain":0,"player_choice":"Fled","damage_taken":0,"max_hp_gain":0,"max_hp_loss":0,"event_name":"Scrap Ooze","floor":4,"gold_loss":0},{"damage_healed":18,"gold_gain":0,"player_choice":"Healed","damage_taken":0,"max_hp_gain":0,"max_hp_loss":0,"event_name":"The Cleric","floor":5,"gold_loss":35},{"damage_healed":0,"gold_gain":0,"player_choice":"Gave Potion","damage_taken":0,"relics_obtained":["Molten Egg 2"],"max_hp_gain":0,"max_hp_loss":0,"event_name":"WeMeetAgain","floor":10,"gold_loss":0}],"is_beta":false,"boss_relics":[],"items_purged_floors":[],"is_endless":false,"potions_floor_spawned":[1,2,11],"killed_by":"Gremlin Gang","ascension_level":18}