{"gold_per_floor":[112,112,130,144,156,190,190,221,244,269,269,289,304,333,333,411,411,422,433,458,8,21,52,52,52,52,62,90,90,104,121,121,200,200,216,232,11,59,79,79,97,97],"floor_reached":42,"playtime":3018,"items_purged":["Strike_R"],"score":943,"play_id":"d35cecd2-9ff6-4abf-9c20-46cc6f0ac08d","local_time":"20190214193643","is_ascension_mode":true,"campfire_choices":[{"floor":7,"key":"REST"},{"floor":11,"key":"REST"},{"data":"Fiend Fire","floor":15,"key":"SMITH"},{"data":"Feel No Pain","floor":24,"key":"SMITH"},{"data":"Feel No Pain","floor":29,"key":"SMITH"},{"data":"Armaments","floor":32,"key":"SMITH"},{"floor":40,"key":"RECALL"}],"neow_cost":"CURSE","seed_source_timestamp":24254805224249,"circlet_count":0,"master_deck":["AscendersBane","Strike_R+1","Defend_R","Defend_R","Defend_R","Defend_R","Bash+1","Carnage","Anger","Armaments+1","Combust","Feel No Pain+1","Fiend Fire+1","Spot Weakness","Sentinel+1","Reaper","True Grit+1","Sword Boomerang+1","Master of Strategy+1","Spot Weakness+1","Ghostly Armor+1","Feel No Pain+1","Dual Wield+1","Havoc+1","Burning Pact+1","Reaper","Whirlwind+1","Cleave+1","Exhume+1","Feel No Pain+1","Havoc+1","Warcry+1"],"relics":["Burning Blood","Unceasing Top","Spirit Poop","Ornamental Fan","Bronze Scales","Centennial Puzzle","Regal Pillow","Toxic Egg 2","Velvet Choker","Red Mask","Whetstone","Bag of Marbles","Pocketwatch","Astrolabe","OrangePellets","StoneCalendar"],"potions_floor_usage":[6,8,14,20,25,28],"damage_taken":[{"damage":8,"enemies":"Small Slimes","floor":1,"turns":5},{"damage":0,"enemies":"Cultist","floor":3,"turns":2},{"damage":2,"enemies":"2 Louse","floor":4,"turns":2},{"damage":19,"enemies":"Blue Slaver","floor":5,"turns":5},{"damage":55,"enemies":"Gremlin Nob","floor":6,"turns":5},{"damage":20,"enemies":"Lagavulin","floor":8,"turns":5},{"damage":13,"enemies":"3 Sentries","floor":10,"turns":8},{"damage":9,"enemies":"Red Slaver","floor":12,"turns":2},{"damage":0,"enemies":"2 Fungi Beasts","floor":13,"turns":2},{"damage":10,"enemies":"Gremlin Nob","floor":14,"turns":3},{"damage":25,"enemies":"Slime Boss","floor":16,"turns":6},{"damage":28,"enemies":"Chosen","floor":18,"turns":5},{"damage":23,"enemies":"2 Thieves","floor":19,"turns":3},{"damage":6,"enemies":"Masked Bandits","floor":20,"turns":3},{"damage":15,"enemies":"Cultist and Chosen","floor":22,"turns":6},{"damage":37,"enemies":"Slavers","floor":23,"turns":3},{"damage":0,"enemies":"Centurion and Healer","floor":27,"turns":7},{"damage":34,"enemies":"Gremlin Leader","floor":28,"turns":8},{"damage":5,"enemies":"Snake Plant","floor":30,"turns":2},{"damage":2,"enemies":"Cultist and Chosen","floor":31,"turns":11},{"damage":66,"enemies":"Collector","floor":33,"turns":7},{"damage":33,"enemies":"3 Shapes","floor":35,"turns":10},{"damage":38,"enemies":"3 Darklings","floor":36,"turns":10},{"damage":2,"enemies":"2 Orb Walkers","floor":38,"turns":3},{"damage":36,"enemies":"4 Shapes","floor":39,"turns":7},{"damage":12,"enemies":"Sphere and 2 Shapes","floor":41,"turns":5},{"damage":127,"enemies":"Giant Head","floor":42,"turns":10}],"seed_played":"3289773740937851705","potions_obtained":[{"floor":1,"key":"SteroidPotion"},{"floor":5,"key":"PowerPotion"},{"floor":6,"key":"Weak Potion"},{"floor":8,"key":"GamblersBrew"},{"floor":16,"key":"Poison Potion"},{"floor":19,"key":"LiquidBronze"},{"floor":20,"key":"Weak Potion"},{"floor":25,"key":"Fruit Juice"},{"floor":25,"key":"Ancient Potion"},{"floor":31,"key":"LiquidBronze"},{"floor":36,"key":"SteroidPotion"}],"is_trial":false,"path_per_floor":["M","?","M","M","M","E","R","E","T","E","R","M","M","E","R","B",null,"M","M","?","$","M","E","R","?","T","M","E","R","M","M","R","B",null,"M","M","$","?","M","R","M","E"],"character_chosen":"IRONCLAD","items_purchased":["Master of Strategy+1","Whetstone","OrangePellets"],"campfire_rested":2,"item_purchase_floors":[21,21,37],"current_hp_per_floor":[66,66,72,75,62,13,35,21,21,14,51,48,54,50,50,31,64,46,37,37,37,45,38,38,43,43,61,56,56,57,61,61,43,71,80,80,80,80,80,80,80,0],"gold":97,"neow_bonus":"ONE_RARE_RELIC","is_prod":false,"is_daily":false,"chose_seed":false,"campfire_upgraded":4,"win_rate":0,"timestamp":1550169403,"path_taken":["M","?","M","?","M","E","R","E","T","E","R","M","M","E","R","BOSS","M","M","?","$","M","E","R","?","T","M","E","R","?","M","R","BOSS","M","M","$","?","M","R","M","E"],"build_version":"2019-01-23","purchased_purges":1,"victory":false,"max_hp_per_floor":[75,75,75,75,75,75,75,75,75,75,75,75,75,75,75,75,75,75,75,75,75,75,75,75,80,80,80,80,80,80,80,80,80,80,80,80,80,80,80,80,80,80],"card_choices":[{"not_picked":["Pommel Strike","Cleave"],"picked":"Carnage","floor":1},{"not_picked":["Clothesline","Hemokinesis"],"picked":"Anger","floor":3},{"not_picked":["Intimidate","Pommel Strike"],"picked":"Armaments","floor":4},{"not_picked":["Carnage","Blood for Blood","Havoc"],"picked":"SKIP","floor":5},{"not_picked":["Dropkick","Twin Strike"],"picked":"Combust","floor":6},{"not_picked":["Flex","Twin Strike"],"picked":"Feel No Pain","floor":8},{"not_picked":["Reckless Charge","Flex"],"picked":"Fiend Fire","floor":10},{"not_picked":["Thunderclap","True Grit"],"picked":"Spot Weakness","floor":12},{"not_picked":["Perfected Strike","Pommel Strike","Sword Boomerang"],"picked":"SKIP","floor":13},{"not_picked":["Berserk","Sword Boomerang"],"picked":"Sentinel","floor":14},{"not_picked":["Dark Embrace","Bludgeon"],"picked":"Reaper","floor":16},{"not_picked":["Anger+1","Carnage"],"picked":"True Grit+1","floor":18},{"not_picked":["Sword Boomerang","Twin Strike","Heavy Blade"],"picked":"SKIP","floor":19},{"not_picked":["Intimidate+1","Anger"],"picked":"Sword Boomerang+1","floor":20},{"not_picked":["Anger+1","Clothesline"],"picked":"Spot Weakness+1","floor":22},{"not_picked":["Sword Boomerang+1","Carnage"],"picked":"Ghostly Armor+1","floor":23},{"not_picked":["Power Through+1","Sword Boomerang"],"picked":"Feel No Pain","floor":27},{"not_picked":["Carnage","Iron Wave"],"picked":"Dual Wield+1","floor":28},{"not_picked":["Anger","Headbutt"],"picked":"Havoc+1","floor":30},{"not_picked":["Clash+1","Sentinel+1"],"picked":"Burning Pact+1","floor":31},{"not_picked":["Immolate","Dark Embrace"],"picked":"Reaper","floor":33},{"not_picked":["Rupture","Power Through+1"],"picked":"Feel No Pain+1","floor":35},{"not_picked":["Perfected Strike","Hemokinesis"],"picked":"Havoc+1","floor":36},{"not_picked":["Inflame","Rupture"],"picked":"Warcry+1","floor":38},{"not_picked":["Havoc+1","Armaments+1","Dropkick"],"picked":"SKIP","floor":39},{"not_picked":["Whirlwind","Flex+1","Spot Weakness+1"],"picked":"SKIP","floor":41}],"player_experience":955338,"relics_obtained":[{"floor":6,"key":"Ornamental Fan"},{"floor":8,"key":"Bronze Scales"},{"floor":9,"key":"Centennial Puzzle"},{"floor":10,"key":"Regal Pillow"},{"floor":14,"key":"Toxic Egg 2"},{"floor":20,"key":"Red Mask"},{"floor":23,"key":"Bag of Marbles"},{"floor":28,"key":"Pocketwatch"},{"floor":38,"key":"StoneCalendar"}],"event_choices":[{"cards_removed":["Decay"],"damage_healed":0,"gold_gain":0,"player_choice":"Offered Curse","damage_taken":0,"relics_obtained":["Spirit Poop"],"max_hp_gain":0,"max_hp_loss":0,"event_name":"Bonfire Elementals","floor":2,"gold_loss":0},{"damage_healed":0,"gold_gain":0,"player_choice":"Fought Bandits","damage_taken":0,"max_hp_gain":0,"max_hp_loss":0,"event_name":"Masked Bandits","floor":20,"gold_loss":0},{"damage_healed":0,"gold_gain":0,"player_choice":"Got Potions","damage_taken":0,"max_hp_gain":0,"max_hp_loss":0,"event_name":"Lab","floor":25,"gold_loss":0},{"damage_healed":0,"gold_gain":0,"player_choice":"Fight","damage_taken":0,"max_hp_gain":0,"max_hp_loss":0,"event_name":"Mysterious Sphere","floor":38,"gold_loss":0}],"is_beta":false,"boss_relics":[{"not_picked":["Black Blood","Black Star"],"picked":"Velvet Choker"},{"not_picked":["Busted Crown","Lizard Tail"],"picked":"Astrolabe"}],"items_purged_floors":[21],"is_endless":false,"potions_floor_spawned":[1,5,6,8,16,19,20,27,31,36,41],"killed_by":"Giant Head","ascension_level":20}