{"gold_per_floor":[19,19,69,84,98,98,131,146,146,161,186,199,199,10,10,10],"floor_reached":16,"playtime":646,"items_purged":[],"score":224,"play_id":"f0574308-960a-435a-8166-9a22c00ec347","local_time":"20190207231012","is_ascension_mode":true,"campfire_choices":[{"data":"Bash","floor":6,"key":"SMITH"},{"data":"Immolate","floor":13,"key":"SMITH"},{"data":"Uppercut","floor":15,"key":"SMITH"}],"neow_cost":"NO_GOLD","seed_source_timestamp":39084499148156,"circlet_count":0,"master_deck":["AscendersBane","Strike_R","Strike_R","Strike_R","Strike_R","Strike_R","Defend_R","Defend_R","Defend_R","Defend_R","Bash+1","Fiend Fire+1","Pommel Strike","Uppercut+1","Armaments","Immolate+1","Master of Strategy"],"relics":["Burning Blood","Darkstone Periapt","Meat on the Bone","Bottled Flame"],"potions_floor_usage":[11,16,16],"damage_taken":[{"damage":14,"enemies":"Jaw Worm","floor":1,"turns":4},{"damage":0,"enemies":"Small Slimes","floor":4,"turns":2},{"damage":0,"enemies":"Cultist","floor":5,"turns":2},{"damage":40,"enemies":"Lagavulin","floor":7,"turns":6},{"damage":3,"enemies":"Blue Slaver","floor":8,"turns":2},{"damage":3,"enemies":"3 Louse","floor":10,"turns":3},{"damage":14,"enemies":"Gremlin Nob","floor":11,"turns":4},{"damage":16,"enemies":"Exordium Wildlife","floor":12,"turns":6},{"damage":79,"enemies":"Hexaghost","floor":16,"turns":10}],"seed_played":"-901554719083235805","potions_obtained":[{"floor":7,"key":"Regen Potion"},{"floor":8,"key":"Block Potion"},{"floor":11,"key":"BloodPotion"}],"is_trial":false,"path_per_floor":["M","?","?","M","M","R","E","M","T","M","E","M","R","$","R","B"],"character_chosen":"IRONCLAD","items_purchased":["Master of Strategy"],"campfire_rested":0,"item_purchase_floors":[14],"current_hp_per_floor":[60,60,53,59,65,65,31,34,34,49,53,55,55,55,55,0],"gold":10,"neow_bonus":"THREE_RARE_CARDS","is_prod":false,"is_daily":false,"chose_seed":false,"campfire_upgraded":3,"win_rate":0,"timestamp":1549577412,"path_taken":["M","?","?","M","M","R","E","?","T","M","E","M","R","$","R","BOSS"],"build_version":"2019-01-23","purchased_purges":0,"victory":false,"max_hp_per_floor":[75,75,75,75,75,75,75,75,75,75,75,75,75,75,75,75],"card_choices":[{"not_picked":["Bludgeon","Double Tap"],"picked":"Fiend Fire","floor":0},{"not_picked":["Havoc","Clothesline"],"picked":"Pommel Strike","floor":1},{"not_picked":["Second Wind","Infernal Blade","Cleave"],"picked":"SKIP","floor":4},{"not_picked":["Warcry","Havoc","True Grit"],"picked":"SKIP","floor":5},{"not_picked":["Dual Wield","Sentinel"],"picked":"Uppercut","floor":7},{"not_picked":["Sword Boomerang","Anger"],"picked":"Armaments","floor":8},{"not_picked":["Headbutt","True Grit","Uppercut"],"picked":"SKIP","floor":10},{"not_picked":["Shrug It Off","Brutality"],"picked":"Immolate","floor":11},{"not_picked":["Flex","Clothesline","Pommel Strike"],"picked":"SKIP","floor":12}],"player_experience":926993,"relics_obtained":[{"floor":7,"key":"Darkstone Periapt"},{"floor":9,"key":"Meat on the Bone"},{"floor":11,"key":"Bottled Flame"}],"event_choices":[{"damage_healed":0,"gold_gain":0,"player_choice":"Grow","damage_taken":0,"max_hp_gain":0,"max_hp_loss":0,"event_name":"Living Wall","floor":2,"gold_loss":0,"cards_upgraded":["Fiend Fire"]},{"damage_healed":0,"gold_gain":50,"player_choice":"Touch","damage_taken":7,"max_hp_gain":0,"max_hp_loss":0,"event_name":"FaceTrader","floor":3,"gold_loss":0}],"is_beta":false,"boss_relics":[],"items_purged_floors":[],"is_endless":false,"potions_floor_spawned":[7,8,10,11],"killed_by":"Hexaghost","ascension_level":20}