{"gold_per_floor":[20,20,20,34,34,34,62,74,74,90,40,40,55,70,70,170,170,184,184,204,215,228,228,263,263,263,297,297,313,348,361,361,361],"floor_reached":33,"playtime":1878,"items_purged":[],"score":309,"play_id":"8a8f80b1-e003-4038-ae1b-214ce3201639","local_time":"20190304103012","is_ascension_mode":false,"campfire_choices":[{"data":"Bash","floor":6,"key":"SMITH"},{"data":"Body Slam","floor":12,"key":"SMITH"},{"data":"Rage","floor":15,"key":"SMITH"},{"data":"Barricade","floor":23,"key":"SMITH"},{"data":"Inflame","floor":25,"key":"SMITH"},{"floor":32,"key":"REST"}],"neow_cost":"NO_GOLD","seed_source_timestamp":219059416130849,"circlet_count":0,"master_deck":["Strike_R","Strike_R","Strike_R+1","Defend_R","Defend_R","Defend_R","Defend_R","Bash+1","Iron Wave+1","Inflame+1","Body Slam+1","Carnage","Anger","Rage+1","Pommel Strike","Barricade+1","Clothesline+1","Iron Wave+1","Intimidate+1","Anger","Armaments+1","Body Slam+1"],"relics":["Burning Blood","Champion Belt","Bottled Flame","Bag of Preparation","Sozu","Pear","Bronze Scales","Peace Pipe"],"potions_floor_usage":[16,22],"damage_taken":[{"damage":5,"enemies":"Small Slimes","floor":1,"turns":4},{"damage":1,"enemies":"Jaw Worm","floor":4,"turns":3},{"damage":34,"enemies":"Lagavulin","floor":7,"turns":6},{"damage":1,"enemies":"Cultist","floor":8,"turns":3},{"damage":4,"enemies":"Exordium Wildlife","floor":10,"turns":4},{"damage":0,"enemies":"Looter","floor":13,"turns":2},{"damage":0,"enemies":"Blue Slaver","floor":14,"turns":2},{"damage":26,"enemies":"Hexaghost","floor":16,"turns":8},{"damage":12,"enemies":"Shell Parasite","floor":18,"turns":3},{"damage":0,"enemies":"2 Thieves","floor":20,"turns":3},{"damage":5,"enemies":"Shelled Parasite and Fungi","floor":21,"turns":4},{"damage":12,"enemies":"Centurion and Healer","floor":22,"turns":5},{"damage":26,"enemies":"Book of Stabbing","floor":24,"turns":5},{"damage":23,"enemies":"Slavers","floor":27,"turns":7},{"damage":1,"enemies":"Snake Plant","floor":29,"turns":3},{"damage":28,"enemies":"Book of Stabbing","floor":30,"turns":5},{"damage":3,"enemies":"Snecko","floor":31,"turns":7},{"damage":62,"enemies":"Automaton","floor":33,"turns":8}],"seed_played":"-6595157345456113393","potions_obtained":[{"floor":7,"key":"Explosive Potion"},{"floor":8,"key":"BloodPotion"},{"floor":14,"key":"SteroidPotion"}],"is_trial":false,"path_per_floor":["M","?","?","M","$","R","E","M","T","M","?","R","M","M","R","B",null,"M","?","M","M","M","R","E","R","T","E","?","M","E","M","R","B"],"character_chosen":"IRONCLAD","items_purchased":[],"campfire_rested":1,"item_purchase_floors":[],"current_hp_per_floor":[80,64,57,62,62,62,34,39,39,41,41,41,47,53,53,41,80,74,74,80,80,74,74,64,64,64,47,47,52,30,33,60,0],"gold":361,"neow_bonus":"ONE_RARE_RELIC","is_prod":false,"is_daily":false,"chose_seed":false,"campfire_upgraded":5,"win_rate":0,"timestamp":1551709812,"path_taken":["M","?","?","?","?","R","E","M","T","M","?","R","M","M","R","BOSS","M","?","M","M","M","R","E","R","T","E","?","?","E","M","R","BOSS"],"build_version":"2019-01-23","purchased_purges":0,"victory":false,"max_hp_per_floor":[80,80,80,80,80,80,80,80,80,80,80,80,80,80,80,80,80,80,80,80,80,80,80,90,90,90,90,90,90,90,90,90,90],"card_choices":[{"not_picked":["Heavy Blade","Intimidate"],"picked":"Iron Wave","floor":1},{"not_picked":["Ghostly Armor","Carnage"],"picked":"Inflame","floor":4},{"not_picked":["Wild Strike","Thunderclap"],"picked":"Body Slam","floor":7},{"not_picked":["Feel No Pain","Flex"],"picked":"Carnage","floor":8},{"not_picked":["Heavy Blade","Body Slam"],"picked":"Anger","floor":10},{"not_picked":["Warcry","Inflame"],"picked":"Rage","floor":13},{"not_picked":["Fiend Fire","Sever Soul"],"picked":"Pommel Strike","floor":14},{"not_picked":["Double Tap","Immolate"],"picked":"Barricade","floor":16},{"not_picked":["Flex","Intimidate"],"picked":"Clothesline+1","floor":18},{"not_picked":["Pommel Strike","Body Slam+1"],"picked":"Iron Wave+1","floor":20},{"not_picked":["Anger","Reckless Charge","Second Wind+1"],"picked":"SKIP","floor":21},{"not_picked":["Hemokinesis","Iron Wave"],"picked":"Intimidate+1","floor":22},{"not_picked":["Reaper","Carnage","Iron Wave"],"picked":"SKIP","floor":24},{"not_picked":["Reckless Charge","Sever Soul"],"picked":"Anger","floor":27},{"not_picked":["Sword Boomerang","Perfected Strike"],"picked":"Armaments+1","floor":29},{"not_picked":["Rupture","Seeing Red"],"picked":"Body Slam+1","floor":30},{"not_picked":["Havoc+1","Feel No Pain","Perfected Strike"],"picked":"SKIP","floor":31}],"player_experience":473357,"relics_obtained":[{"floor":7,"key":"Bottled Flame"},{"floor":9,"key":"Bag of Preparation"},{"floor":24,"key":"Pear"},{"floor":27,"key":"Bronze Scales"},{"floor":30,"key":"Peace Pipe"}],"event_choices":[{"damage_healed":0,"gold_gain":0,"player_choice":"Entered Light","damage_taken":16,"max_hp_gain":0,"max_hp_loss":0,"event_name":"Shining Light","floor":2,"gold_loss":0,"cards_upgraded":["Strike_R","Iron Wave"]},{"cards_removed":["Strike_R"],"damage_healed":0,"gold_gain":0,"player_choice":"Card Removal","damage_taken":7,"max_hp_gain":0,"max_hp_loss":0,"event_name":"Golden Wing","floor":3,"gold_loss":0},{"cards_removed":["Strike_R"],"damage_healed":0,"gold_gain":0,"player_choice":"Card Removal","damage_taken":0,"max_hp_gain":0,"max_hp_loss":0,"event_name":"The Cleric","floor":11,"gold_loss":50},{"damage_healed":0,"gold_gain":0,"player_choice":"Ignored","damage_taken":0,"max_hp_gain":0,"max_hp_loss":0,"event_name":"Ghosts","floor":19,"gold_loss":0},{"damage_healed":0,"gold_gain":0,"player_choice":"Bought 0 Potions","damage_taken":0,"max_hp_gain":0,"max_hp_loss":0,"event_name":"The Woman in Blue","floor":28,"gold_loss":0}],"is_beta":false,"boss_relics":[{"not_picked":["Calling Bell","Ectoplasm"],"picked":"Sozu"}],"items_purged_floors":[],"is_endless":false,"potions_floor_spawned":[7,8,14,18,27,29,30],"killed_by":"Automaton","ascension_level":0}