{"gold_per_floor":[112,112,131,96,96,125,125,125,125,137,171,183,196,227,227,302,302,320,595,608,618,224,224,249,249,301,316,316,327,360,360,360,432,432,447,144,157,257,276,306,1,17,17,48,48,60,60,92,92,92,92,92,92,6,38,38],"floor_reached":56,"playtime":4668,"items_purged":["Strike_B","Strike_B","Strike_B"],"score":2215,"play_id":"8d8f74c4-6ef3-4e43-bc5c-318045257dd7","local_time":"20190518204406","is_ascension_mode":true,"campfire_choices":[{"data":"Zap","floor":8.0,"key":"SMITH"},{"floor":15.0,"key":"REST"},{"floor":23.0,"key":"REST"},{"floor":25.0,"key":"RECALL"},{"floor":28.0,"key":"REST"},{"floor":32.0,"key":"REST"},{"floor":45.0,"key":"REST"},{"floor":47,"key":"REST"},{"floor":49,"key":"REST"},{"floor":53,"key":"REST"}],"neow_cost":"NONE","seed_source_timestamp":26404731744417,"circlet_count":0,"master_deck":["AscendersBane","Strike_B+1","Defend_B","Defend_B","Defend_B","Defend_B","Zap+1","Dualcast","Cold Snap","Reinforced Body","Genetic Algorithm","Echo Form+1","Sweeping Beam","Biased Cognition+1","Chill","Hologram","Sunder+1","Loop+1","Redo","Darkness+1","Cold Snap","Defragment+1","Chaos+1","Electrodynamics+1","Genetic Algorithm","Reinforced Body","Reinforced Body+1","Hologram+1","Seek","Static Discharge+1","Coolheaded","Compile Driver+1","Heatsinks+1","Core Surge"],"special_seed":0,"relics":["Cracked Core","NeowsBlessing","Frozen Egg 2","Matryoshka","Blood Vial","Omamori","Ancient Tea Set","Shuriken","Gambling Chip","Symbiotic Virus","Fusion Hammer","Bronze Scales","Whetstone","Bag of Marbles","Smiling Mask","White Beast Statue","Anchor","Ice Cream","Pen Nib","Mercury Hourglass","Prayer Wheel","Bottled Flame"],"potions_floor_usage":[51,56,56],"damage_taken":[{"damage":0.0,"enemies":"2 Louse","floor":1.0,"turns":1.0},{"damage":0.0,"enemies":"Jaw Worm","floor":3.0,"turns":1.0},{"damage":0.0,"enemies":"3 Sentries","floor":6.0,"turns":1.0},{"damage":0.0,"enemies":"Cultist","floor":10.0,"turns":3.0},{"damage":26.0,"enemies":"Gremlin Nob","floor":11.0,"turns":4.0},{"damage":7.0,"enemies":"Exordium Wildlife","floor":12.0,"turns":3.0},{"damage":3.0,"enemies":"Red Slaver","floor":13.0,"turns":7.0},{"damage":18.0,"enemies":"3 Sentries","floor":14.0,"turns":6.0},{"damage":2.0,"enemies":"The Guardian","floor":16.0,"turns":13.0},{"damage":24.0,"enemies":"3 Byrds","floor":18.0,"turns":5.0},{"damage":4.0,"enemies":"Spheric Guardian","floor":20.0,"turns":4.0},{"damage":1.0,"enemies":"Centurion and Healer","floor":21.0,"turns":5.0},{"damage":3.0,"enemies":"Book of Stabbing","floor":24.0,"turns":4.0},{"damage":2.0,"enemies":"Chosen and Byrds","floor":27.0,"turns":3.0},{"damage":4.0,"enemies":"3 Cultists","floor":29.0,"turns":6.0},{"damage":52.0,"enemies":"Gremlin Leader","floor":30.0,"turns":6.0},{"damage":0.0,"enemies":"Collector","floor":33.0,"turns":7.0},{"damage":0.0,"enemies":"3 Shapes","floor":35.0,"turns":6.0},{"damage":0.0,"enemies":"Orb Walker","floor":37.0,"turns":3.0},{"damage":26.0,"enemies":"Mind Bloom Boss Battle","floor":38.0,"turns":11.0},{"damage":19.0,"enemies":"Spire Growth","floor":39.0,"turns":6.0},{"damage":0.0,"enemies":"Giant Head","floor":40.0,"turns":9.0},{"damage":0.0,"enemies":"4 Shapes","floor":42.0,"turns":2.0},{"damage":12.0,"enemies":"Reptomancer","floor":44.0,"turns":9.0},{"damage":12,"enemies":"Writhing Mass","floor":46,"turns":6},{"damage":15,"enemies":"Nemesis","floor":48,"turns":9},{"damage":16,"enemies":"Donu and Deca","floor":50,"turns":7},{"damage":16,"enemies":"Awakened One","floor":51,"turns":11},{"damage":49,"enemies":"Shield and Spear","floor":55,"turns":6},{"damage":26,"enemies":"The Heart","floor":56,"turns":6}],"seed_played":"-3987566960842118846","potions_obtained":[{"floor":1.0,"key":"Dexterity Potion"},{"floor":3.0,"key":"Explosive Potion"},{"floor":13.0,"key":"Strength Potion"},{"floor":20.0,"key":"SkillPotion"},{"floor":27.0,"key":"Strength Potion"},{"floor":33.0,"key":"FearPotion"},{"floor":39.0,"key":"Regen Potion"},{"floor":40.0,"key":"LiquidBronze"},{"floor":46,"key":"Dexterity Potion"},{"floor":55,"key":"FocusPotion"}],"is_trial":false,"path_per_floor":["M","?","M","?","?","E","T","R","T","M","E","M","M","E","R","B",null,"M","?","M","M","$","R","E","R","T","M","R","M","E","?","R","B",null,"M","$","M","?","M","E","$","M","T","E","R","M","R","E","R","B","B",null,"R","$","E","B"],"character_chosen":"DEFECT","items_purchased":["Bronze Scales","Loop+1","PowerPotion","Redo","Anchor","FocusPotion","Seek","Static Discharge+1","Heatsinks+1"],"campfire_rested":8,"item_purchase_floors":[22,22,22,22,36,36,41,41,54],"current_hp_per_floor":[64,38,38,55,55,55,55,55,55,57,33,28,27,11,32,32,61,39,39,37,38,38,59,58,58,58,58,71,67,17,71,71,71,71,71,71,71,45,28,45,45,47,47,37,58,48,69,56,71,55,41,64,71,71,22,0],"gold":38,"neow_bonus":"THREE_ENEMY_KILL","is_prod":false,"is_daily":false,"chose_seed":false,"campfire_upgraded":1,"win_rate":0,"timestamp":1558205046,"path_taken":["M","?","M","?","?","E","?","R","T","M","E","M","M","E","R","BOSS","M","?","M","M","$","R","E","R","T","M","R","?","E","?","R","BOSS","M","?","?","?","M","E","$","M","T","E","R","M","R","E","R","BOSS","BOSS","R","$","E","BOSS"],"build_version":"2019-01-23","purchased_purges":3,"victory":false,"max_hp_per_floor":[71,71,71,71,71,71,71,71,71,71,71,71,71,71,71,71,71,71,71,71,71,71,71,71,71,71,71,71,71,71,71,71,71,71,71,71,71,71,71,71,71,71,71,71,71,71,71,71,71,71,71,71,71,71,71,71],"card_choices":[{"not_picked":["Storm","Leap"],"picked":"Cold Snap","floor":1.0},{"not_picked":["Leap","Tempest"],"picked":"Reinforced Body","floor":3.0},{"not_picked":["Fusion","Cold Snap"],"picked":"Genetic Algorithm","floor":6.0},{"not_picked":["Aggregate","Beam Cell"],"picked":"Echo Form+1","floor":10.0},{"not_picked":["Chaos","Conserve Battery"],"picked":"Sweeping Beam","floor":11.0},{"not_picked":["Rebound","Turbo","Leap"],"picked":"SKIP","floor":12.0},{"not_picked":["Stack","Turbo","Fusion"],"picked":"SKIP","floor":13.0},{"not_picked":["Stack","Barrage"],"picked":"Consume","floor":14.0},{"not_picked":["Thunder Strike","Hyperbeam"],"picked":"Biased Cognition+1","floor":16.0},{"not_picked":["Ball Lightning","Redo"],"picked":"Chill","floor":18.0},{"not_picked":["Cold Snap","Stack+1"],"picked":"Hologram","floor":20.0},{"not_picked":["Multi-Cast","Sweeping Beam"],"picked":"Sunder","floor":21.0},{"not_picked":["Barrage","Chill"],"picked":"Darkness+1","floor":24.0},{"not_picked":["Steam","Streamline"],"picked":"Cold Snap","floor":27.0},{"not_picked":["Blizzard+1","Reprogram"],"picked":"Defragment+1","floor":29.0},{"not_picked":["Sweeping Beam","Hologram"],"picked":"Chaos+1","floor":30.0},{"not_picked":["Meteor Strike","Biased Cognition+1"],"picked":"Electrodynamics+1","floor":33.0},{"not_picked":["Barrage+1","Beam Cell"],"picked":"Genetic Algorithm","floor":35.0},{"not_picked":["FTL","Beam Cell"],"picked":"Reinforced Body","floor":37.0},{"not_picked":["Stack+1","Scrape"],"picked":"Reinforced Body+1","floor":38.0},{"not_picked":["Melter","FTL","Rebound+1"],"picked":"SKIP","floor":39.0},{"not_picked":["FTL","Force Field"],"picked":"Hologram+1","floor":40.0},{"not_picked":["Scrape+1","Hyperbeam","Go for the Eyes"],"picked":"SKIP","floor":42.0},{"not_picked":["Steam+1","Darkness","Scrape"],"picked":"SKIP","floor":44.0},{"not_picked":["Streamline","Genetic Algorithm"],"picked":"Coolheaded","floor":46},{"not_picked":["Stack","Rebound+1"],"picked":"Compile Driver+1","floor":48},{"not_picked":["Ball Lightning","Sweeping Beam"],"picked":"Core Surge","floor":55}],"player_experience":1226332,"relics_obtained":[{"floor":6.0,"key":"Matryoshka"},{"floor":7.0,"key":"Blood Vial"},{"floor":7.0,"key":"Omamori"},{"floor":9.0,"key":"Ancient Tea Set"},{"floor":9.0,"key":"Shuriken"},{"floor":11.0,"key":"Gambling Chip"},{"floor":14.0,"key":"Symbiotic Virus"},{"floor":24.0,"key":"Whetstone"},{"floor":26.0,"key":"Bag of Marbles"},{"floor":30.0,"key":"Smiling Mask"},{"floor":38.0,"key":"Ice Cream"},{"floor":40.0,"key":"Pen Nib"},{"floor":44.0,"key":"Mercury Hourglass"},{"floor":48,"key":"Prayer Wheel"},{"floor":55,"key":"Bottled Flame"}],"event_choices":[{"damage_healed":0.0,"max_hp_gain":0.0,"max_hp_loss":0.0,"gold_gain":0.0,"event_name":"Scrap Ooze","player_choice":"Success","floor":2.0,"gold_loss":0.0,"damage_taken":26.0,"relics_obtained":["Frozen Egg 2"]},{"damage_healed":17.0,"max_hp_gain":0.0,"max_hp_loss":0.0,"gold_gain":0.0,"event_name":"The Cleric","player_choice":"Healed","floor":4.0,"gold_loss":35.0,"damage_taken":0.0},{"damage_healed":0.0,"max_hp_gain":0.0,"max_hp_loss":0.0,"gold_gain":0.0,"event_name":"Liars Game","player_choice":"Ignored","floor":5.0,"gold_loss":0.0,"damage_taken":0.0},{"damage_healed":0.0,"max_hp_gain":0.0,"max_hp_loss":0.0,"gold_gain":275.0,"event_name":"Golden Shrine","player_choice":"Desecrate","floor":19.0,"gold_loss":0.0,"damage_taken":0.0,"cards_obtained":["Regret"]},{"cards_removed":["Consume"],"damage_healed":54.0,"max_hp_gain":0.0,"max_hp_loss":0.0,"gold_gain":0.0,"event_name":"Bonfire Elementals","player_choice":"Offered Uncommon","floor":31.0,"gold_loss":0.0,"damage_taken":0.0},{"damage_healed":0.0,"max_hp_gain":0.0,"max_hp_loss":0.0,"gold_gain":0.0,"event_name":"MindBloom","player_choice":"Fight","floor":38.0,"gold_loss":0.0,"damage_taken":0.0}],"is_beta":false,"boss_relics":[{"not_picked":["Sozu","Cursed Key"],"picked":"Fusion Hammer"},{"not_picked":["Busted Crown","Philosopher\u0027s Stone"],"picked":"White Beast Statue"}],"items_purged_floors":[22,36,41],"is_endless":false,"potions_floor_spawned":[1,3,13,20,27,33,35,37,38,39,40,42,44,46,48,55],"killed_by":"The Heart","ascension_level":20}