{"gold_per_floor":[118,22,22,33,33,33,58,58,109,136,136,167,167,196,196,273,273,284,334,334,352,369,369,400,400,400,400,410,410,421,435,435,510,510,527,371,341,359,375,410,410,421,421,98,98,133,146,158,158,158,158],"floor_reached":51,"playtime":4179,"items_purged":["Strike_B","Strike_B"],"score":1556,"play_id":"6ae06937-ca26-42b3-b01d-1785ae5a8fd9","local_time":"20190608235829","is_ascension_mode":true,"campfire_choices":[{"data":"Static Discharge","floor":6.0,"key":"SMITH"},{"data":"Zap","floor":8.0,"key":"SMITH"},{"data":"Redo","floor":11.0,"key":"SMITH"},{"data":"Fusion","floor":15.0,"key":"SMITH"},{"floor":23.0,"key":"REST"},{"floor":25.0,"key":"REST"},{"data":"Go for the Eyes","floor":27.0,"key":"SMITH"},{"floor":32.0,"key":"REST"},{"floor":41,"key":"REST"},{"floor":49,"key":"RECALL"}],"neow_cost":"NONE","seed_source_timestamp":39743762077619,"circlet_count":0,"master_deck":["AscendersBane","Strike_B+1","Strike_B","Defend_B+1","Defend_B","Defend_B","Defend_B","Zap+1","Dualcast","Ball Lightning+1","Static Discharge+1","Undo+1","Doom and Gloom+1","Ball Lightning","Redo+1","Fusion+1","Compile Driver","Echo Form","Skim","Glacier","Skim","Coolheaded+1","Go for the Eyes+1","Steam+1","Meteor Strike","Coolheaded","Hologram","Leap+1","Fission","Genetic Algorithm","Go for the Eyes+1"],"special_seed":0,"relics":["Cracked Core","NeowsBlessing","Happy Flower","Strawberry","Pocketwatch","War Paint","Potion Belt","Nuclear Battery","Regal Pillow","Nilry\u0027s Codex","Orrery","Du-Vu Doll","Ornamental Fan","OrangePellets","Emotion Chip"],"potions_floor_usage":[38,39,39,50],"damage_taken":[{"damage":0.0,"enemies":"Jaw Worm","floor":1.0,"turns":1.0},{"damage":0.0,"enemies":"Cultist","floor":4.0,"turns":1.0},{"damage":0.0,"enemies":"Lagavulin","floor":7.0,"turns":1.0},{"damage":7.0,"enemies":"3 Sentries","floor":10.0,"turns":3.0},{"damage":10.0,"enemies":"Lagavulin","floor":12.0,"turns":4.0},{"damage":20.0,"enemies":"3 Sentries","floor":14.0,"turns":4.0},{"damage":0.0,"enemies":"Slime Boss","floor":16.0,"turns":5.0},{"damage":7.0,"enemies":"3 Byrds","floor":18.0,"turns":4.0},{"damage":16.0,"enemies":"Chosen","floor":21.0,"turns":3.0},{"damage":24.0,"enemies":"Shelled Parasite and Fungi","floor":22.0,"turns":5.0},{"damage":34.0,"enemies":"Slavers","floor":24.0,"turns":3.0},{"damage":0.0,"enemies":"Snecko","floor":28.0,"turns":6.0},{"damage":1.0,"enemies":"Chosen and Byrds","floor":30.0,"turns":6.0},{"damage":30.0,"enemies":"Shelled Parasite and Fungi","floor":31.0,"turns":5.0},{"damage":6.0,"enemies":"Automaton","floor":33.0,"turns":14.0},{"damage":5,"enemies":"3 Darklings","floor":35,"turns":4},{"damage":0,"enemies":"Orb Walker","floor":38,"turns":4},{"damage":4,"enemies":"Spire Growth","floor":39,"turns":5},{"damage":55,"enemies":"Giant Head","floor":40,"turns":18},{"damage":9,"enemies":"Sphere and 2 Shapes","floor":42,"turns":12},{"damage":10,"enemies":"Nemesis","floor":46,"turns":13},{"damage":3,"enemies":"4 Shapes","floor":47,"turns":5},{"damage":6,"enemies":"3 Darklings","floor":48,"turns":7},{"damage":20,"enemies":"Time Eater","floor":50,"turns":13},{"damage":31,"enemies":"Donu and Deca","floor":51,"turns":5}],"seed_played":"5516049785829972229","potions_obtained":[{"floor":1.0,"key":"Regen Potion"},{"floor":12.0,"key":"AttackPotion"},{"floor":14.0,"key":"FearPotion"},{"floor":22.0,"key":"Swift Potion"},{"floor":24.0,"key":"Energy Potion"},{"floor":28.0,"key":"Regen Potion"},{"floor":30.0,"key":"SteroidPotion"},{"floor":31.0,"key":"PowerPotion"},{"floor":37,"key":"Fruit Juice"},{"floor":37,"key":"Explosive Potion"},{"floor":38,"key":"Energy Potion"},{"floor":46,"key":"SkillPotion"},{"floor":48,"key":"FearPotion"}],"is_trial":false,"path_per_floor":["M","$","?","M","?","R","E","R","T","E","R","E","?","E","R","B",null,"M","?","?","M","M","R","E","R","T","R","M","?","M","M","R","B",null,"M","$","?","M","M","E","R","M","T","$","?","E","M","M","R","B","B"],"character_chosen":"DEFECT","items_purchased":["Ball Lightning","Static Discharge","Genetic Algorithm","OrangePellets"],"campfire_rested":4,"item_purchase_floors":[2,2,36,44],"current_hp_per_floor":[64,64,64,64,64,64,64,64,71,64,64,54,31,23,23,23,64,57,57,57,41,17,40,6,44,44,44,44,23,37,7,45,39,68,63,63,63,68,64,9,48,39,39,39,68,58,55,49,49,29,0],"gold":158,"neow_bonus":"THREE_ENEMY_KILL","is_prod":false,"is_daily":false,"chose_seed":false,"campfire_upgraded":5,"win_rate":0,"timestamp":1560031109,"path_taken":["M","$","?","?","?","R","E","R","T","E","R","E","?","E","R","BOSS","M","?","?","M","M","R","E","R","T","R","M","?","M","M","R","BOSS","M","$","?","M","M","E","R","?","T","$","?","E","M","M","R","BOSS","BOSS"],"build_version":"2019-01-23","purchased_purges":2,"victory":false,"max_hp_per_floor":[71,71,71,71,71,71,71,71,78,78,78,78,78,78,78,78,78,78,78,78,78,78,78,78,78,78,78,78,78,78,78,78,78,78,78,78,78,83,83,83,83,83,83,83,68,68,68,68,68,68,68],"card_choices":[{"not_picked":["Reprogram","Turbo","Fusion"],"picked":"SKIP","floor":1.0},{"not_picked":["Tempest","Skim"],"picked":"Doom and Gloom","floor":4.0},{"not_picked":["Go for the Eyes","Machine Learning"],"picked":"Ball Lightning","floor":7.0},{"not_picked":["Go for the Eyes","BootSequence","Redo"],"picked":"SKIP","floor":10.0},{"not_picked":["Go for the Eyes","BootSequence"],"picked":"Redo","floor":10.0},{"not_picked":["Ball Lightning","Turbo"],"picked":"Fusion","floor":12.0},{"not_picked":["Barrage","Sweeping Beam"],"picked":"Compile Driver","floor":14.0},{"not_picked":["Amplify","Reboot"],"picked":"Echo Form","floor":16.0},{"not_picked":["Reprogram","Steam"],"picked":"Skim","floor":18.0},{"not_picked":["Conserve Battery","Barrage"],"picked":"Skim","floor":21.0},{"not_picked":["Barrage","Leap"],"picked":"Coolheaded+1","floor":22.0},{"not_picked":["Static Discharge","Steam"],"picked":"Go for the Eyes","floor":24.0},{"not_picked":["Beam Cell","Leap"],"picked":"Steam+1","floor":28.0},{"not_picked":["Go for the Eyes","Conserve Battery","Cold Snap"],"picked":"SKIP","floor":30.0},{"not_picked":["Aggregate","Gash","Go for the Eyes"],"picked":"SKIP","floor":31.0},{"not_picked":["Aggregate","Gash","Go for the Eyes"],"picked":"SKIP","floor":31.0},{"not_picked":["Buffer","Thunder Strike"],"picked":"Meteor Strike","floor":33.0},{"not_picked":["Steam","Gash"],"picked":"Coolheaded","floor":34.0},{"not_picked":["Redo","Ball Lightning"],"picked":"Hologram","floor":34.0},{"not_picked":["Turbo","Ball Lightning"],"picked":"Leap+1","floor":34.0},{"not_picked":["Rebound+1","Leap+1"],"picked":"Fission","floor":35},{"not_picked":["Streamline+1","Sweeping Beam+1","Conserve Battery"],"picked":"SKIP","floor":38},{"not_picked":["Redo+1","Conserve Battery+1"],"picked":"Go for the Eyes+1","floor":39},{"not_picked":["Machine Learning","Barrage","Auto Shields+1"],"picked":"SKIP","floor":40},{"not_picked":["Loop","Chill","Self Repair"],"picked":"SKIP","floor":42},{"not_picked":["Double Energy","Sweeping Beam","Ball Lightning+1"],"picked":"SKIP","floor":46},{"not_picked":["Rebound","Undo","Leap"],"picked":"SKIP","floor":47},{"not_picked":["Undo","Gash","Redo"],"picked":"SKIP","floor":48}],"player_experience":1305450,"relics_obtained":[{"floor":7.0,"key":"Happy Flower"},{"floor":9.0,"key":"Strawberry"},{"floor":10.0,"key":"Pocketwatch"},{"floor":12.0,"key":"War Paint"},{"floor":14.0,"key":"Potion Belt"},{"floor":24.0,"key":"Regal Pillow"},{"floor":29.0,"key":"Nilry\u0027s Codex"},{"floor":40,"key":"Du-Vu Doll"},{"floor":43,"key":"Ornamental Fan"},{"floor":46,"key":"Emotion Chip"}],"event_choices":[{"damage_healed":0.0,"max_hp_gain":0.0,"max_hp_loss":0.0,"gold_gain":0.0,"event_name":"Match and Keep!","player_choice":"1 cards matched","floor":3.0,"gold_loss":0.0,"damage_taken":0.0,"cards_obtained":["Undo"]},{"damage_healed":0.0,"max_hp_gain":0.0,"max_hp_loss":0.0,"gold_gain":0.0,"event_name":"Living Wall","player_choice":"Grow","floor":5.0,"gold_loss":0.0,"damage_taken":0.0,"cards_upgraded":["Doom and Gloom"]},{"damage_healed":0.0,"max_hp_gain":0.0,"max_hp_loss":0.0,"gold_gain":0.0,"event_name":"Shining Light","player_choice":"Entered Light","floor":13.0,"gold_loss":0.0,"damage_taken":23.0,"cards_upgraded":["Ball Lightning","Strike_B"]},{"damage_healed":0.0,"max_hp_gain":0.0,"max_hp_loss":0.0,"gold_gain":50.0,"event_name":"Nest","player_choice":"Stole From Cult","floor":19.0,"gold_loss":0.0,"damage_taken":0.0},{"damage_healed":0.0,"max_hp_gain":0.0,"max_hp_loss":0.0,"gold_gain":0.0,"event_name":"The Library","player_choice":"Read","floor":20.0,"gold_loss":0.0,"damage_taken":0.0,"cards_obtained":["Glacier"]},{"damage_healed":0.0,"max_hp_gain":0.0,"max_hp_loss":0.0,"gold_gain":0.0,"event_name":"Cursed Tome","player_choice":"Obtained Book","floor":29.0,"gold_loss":0.0,"damage_taken":21.0},{"damage_healed":0,"gold_gain":0,"player_choice":"Bought 2 Potions","damage_taken":0,"max_hp_gain":0,"max_hp_loss":0,"event_name":"The Woman in Blue","floor":37,"gold_loss":0},{"damage_healed":68,"gold_gain":0,"player_choice":"Heal","damage_taken":0,"max_hp_gain":0,"max_hp_loss":15,"event_name":"The Moai Head","floor":45,"gold_loss":0}],"is_beta":false,"boss_relics":[{"not_picked":["Astrolabe","Philosopher\u0027s Stone"],"picked":"Nuclear Battery"},{"not_picked":["Lizard Tail","Runic Dome"],"picked":"Orrery"}],"items_purged_floors":[36,44],"is_endless":false,"potions_floor_spawned":[1,12,14,22,24,28,30,31,38,46,48],"killed_by":"Donu and Deca","ascension_level":20}