{"gold_per_floor":[369,24,99,99,131,131,182,182,232,294,294,364,417,458,458,458],"floor_reached":16,"playtime":448,"items_purged":["Writhe"],"score":220,"play_id":"5753a1f3-8862-491c-a851-e6f37f95d62a","local_time":"20190617220422","is_ascension_mode":true,"campfire_choices":[{"data":"HandOfGreed","floor":6,"key":"SMITH"},{"data":"Zap","floor":8,"key":"SMITH"},{"floor":11,"key":"REST"},{"data":"Defragment","floor":15,"key":"SMITH"}],"neow_cost":"CURSE","seed_source_timestamp":33659991093407,"circlet_count":0,"master_deck":["AscendersBane","Strike_B","Strike_B","Strike_B","Strike_B","Defend_B+1","Defend_B","Defend_B","Defend_B+1","Zap+1","Dualcast","Rip and Tear","HandOfGreed+1","Leap","Glacier","Genetic Algorithm","Defragment+1","Loop"],"relics":["Cracked Core","Juzu Bracelet","War Paint","Darkstone Periapt"],"potions_floor_usage":[7,7,13,16],"damage_taken":[{"damage":8,"enemies":"2 Louse","floor":1,"turns":2},{"damage":0,"enemies":"Cultist","floor":5,"turns":3},{"damage":9,"enemies":"Lagavulin","floor":7,"turns":4},{"damage":6,"enemies":"Small Slimes","floor":10,"turns":6},{"damage":15,"enemies":"3 Louse","floor":12,"turns":7},{"damage":15,"enemies":"3 Sentries","floor":13,"turns":5},{"damage":0,"enemies":"Blue Slaver","floor":14,"turns":5},{"damage":27,"enemies":"The Guardian","floor":16,"turns":2}],"seed_played":"8349029054593376272","potions_obtained":[{"floor":1,"key":"Strength Potion"},{"floor":4,"key":"AttackPotion"},{"floor":10,"key":"Poison Potion"},{"floor":12,"key":"PowerPotion"}],"is_trial":false,"path_per_floor":["M","$","?","?","M","R","E","R","T","M","R","M","E","M","R","B"],"character_chosen":"DEFECT","items_purchased":["HandOfGreed","Leap"],"campfire_rested":1,"item_purchase_floors":[2,2],"current_hp_per_floor":[56,56,45,45,45,45,36,36,36,30,51,36,21,21,21,0],"gold":458,"neow_bonus":"TWO_FIFTY_GOLD","is_prod":false,"is_daily":false,"chose_seed":false,"campfire_upgraded":3,"win_rate":0,"timestamp":1560801862,"path_taken":["M","$","?","?","?","R","E","R","T","M","R","M","E","M","R","BOSS"],"build_version":"2019-01-23","purchased_purges":1,"victory":false,"max_hp_per_floor":[71,71,71,71,71,71,71,71,71,71,71,71,71,71,71,71],"card_choices":[{"not_picked":["Redo","Turbo"],"picked":"Rip and Tear","floor":1},{"not_picked":["Double Energy","Blizzard"],"picked":"Glacier","floor":5},{"not_picked":["Melter","Barrage"],"picked":"Genetic Algorithm","floor":7},{"not_picked":["Cold Snap","Coolheaded","Compile Driver"],"picked":"SKIP","floor":10},{"not_picked":["Turbo","Barrage"],"picked":"Defragment","floor":12},{"not_picked":["Stack","Steam","Leap"],"picked":"SKIP","floor":13},{"not_picked":["Streamline","Hello World"],"picked":"Loop","floor":14}],"player_experience":1401346,"relics_obtained":[{"floor":7,"key":"Juzu Bracelet"},{"floor":9,"key":"War Paint"},{"floor":13,"key":"Darkstone Periapt"}],"event_choices":[{"damage_healed":0,"gold_gain":75,"player_choice":"Gather Gold","damage_taken":11,"max_hp_gain":0,"max_hp_loss":0,"event_name":"World of Goop","floor":3,"gold_loss":0},{"damage_healed":0,"gold_gain":0,"player_choice":"Got Potions","damage_taken":0,"max_hp_gain":0,"max_hp_loss":0,"event_name":"Lab","floor":4,"gold_loss":0}],"is_beta":false,"boss_relics":[],"items_purged_floors":[2],"is_endless":false,"potions_floor_spawned":[1,10,12],"killed_by":"The Guardian","ascension_level":20}