{"gold_per_floor":[110,121,131,151,151,151,182,182,233,233,249,279,279,289,289,365,365,375,388,438,438,438,438,466,466,466,483,499,499,526,197,197,276,276,287,302,302,318,64,64,0,25,25,37,37,63,76,76],"floor_reached":48,"playtime":2304,"items_purged":["Strike_G+1","Strike_G+1"],"score":1260,"play_id":"629089c9-7cd5-420e-bd8e-969092ef53f4","local_time":"20190214201533","is_ascension_mode":true,"campfire_choices":[{"data":"Crippling Poison","floor":6,"key":"SMITH"},{"floor":10,"key":"REST"},{"data":"Footwork","floor":13,"key":"SMITH"},{"floor":15,"key":"REST"},{"data":"Deadly Poison","floor":23,"key":"SMITH"},{"floor":29,"key":"REST"},{"floor":32,"key":"DIG"},{"floor":40,"key":"DIG"},{"floor":45,"key":"DIG"}],"neow_cost":"NONE","seed_source_timestamp":27298624152591,"circlet_count":0,"master_deck":["AscendersBane","Defend_G+1","Defend_G+1","Defend_G+1","Defend_G+1","Defend_G+1","Strike_G+1","Strike_G+1","Survivor+1","Neutralize+1","Dagger Throw+1","Poisoned Stab+1","Crippling Poison+1","Footwork+1","PiercingWail+1","Blur+1","Leg Sweep+1","Poisoned Stab+1","Adrenaline+1","Deadly Poison+1","Calculated Gamble+1","Ghostly+1","Ghostly+1","Ghostly+1","Escape Plan+1","Adrenaline+1","Backflip+1","Bouncing Flask+1","Noxious Fumes","Catalyst","Leg Sweep+1","PiercingWail","PiercingWail"],"relics":["Ring of the Snake","Smiling Mask","Mercury Hourglass","Vajra","Odd Mushroom","Philosopher\u0027s Stone","Ancient Tea Set","Shovel","ClockworkSouvenir","Ninja Scroll","Fusion Hammer","Mark of the Bloom","Orichalcum","Gremlin Horn","Red Mask","Blood Vial","Meat on the Bone","Singing Bowl","Pantograph"],"potions_floor_usage":[7,24,29,33,42,46,46],"damage_taken":[{"damage":8,"enemies":"Small Slimes","floor":1,"turns":5},{"damage":6,"enemies":"Jaw Worm","floor":2,"turns":5},{"damage":0,"enemies":"Cultist","floor":3,"turns":4},{"damage":3,"enemies":"2 Fungi Beasts","floor":4,"turns":4},{"damage":37,"enemies":"3 Sentries","floor":7,"turns":13},{"damage":0,"enemies":"Exordium Thugs","floor":11,"turns":4},{"damage":0,"enemies":"The Mushroom Lair","floor":12,"turns":3},{"damage":4,"enemies":"Blue Slaver","floor":14,"turns":3},{"damage":30,"enemies":"Slime Boss","floor":16,"turns":11},{"damage":9,"enemies":"3 Byrds","floor":18,"turns":4},{"damage":5,"enemies":"Shell Parasite","floor":19,"turns":6},{"damage":13,"enemies":"Book of Stabbing","floor":24,"turns":6},{"damage":0,"enemies":"Sentry and Sphere","floor":27,"turns":3},{"damage":0,"enemies":"Snake Plant","floor":28,"turns":5},{"damage":0,"enemies":"Gremlin Leader","floor":30,"turns":7},{"damage":28,"enemies":"Collector","floor":33,"turns":9},{"damage":0,"enemies":"Orb Walker","floor":35,"turns":4},{"damage":0,"enemies":"3 Darklings","floor":36,"turns":5},{"damage":0,"enemies":"Transient","floor":38,"turns":6},{"damage":0,"enemies":"Nemesis","floor":42,"turns":5},{"damage":0,"enemies":"Maw","floor":44,"turns":6},{"damage":0,"enemies":"Giant Head","floor":46,"turns":10},{"damage":15,"enemies":"Spire Growth","floor":47,"turns":6},{"damage":22,"enemies":"Nemesis","floor":48,"turns":2}],"seed_played":"-4654132608628508388","potions_obtained":[{"floor":1,"key":"FairyPotion"},{"floor":2,"key":"Regen Potion"},{"floor":16,"key":"Poison Potion"},{"floor":18,"key":"Swift Potion"},{"floor":19,"key":"Fruit Juice"},{"floor":24,"key":"GhostInAJar"},{"floor":36,"key":"Block Potion"},{"floor":42,"key":"Swift Potion"}],"is_trial":false,"path_per_floor":["M","M","M","M","?","R","E","?","T","R","M","?","R","M","R","B",null,"M","M","?","?","?","R","E","?","T","M","M","R","E","$","R","B",null,"M","M","?","M","$","R","?","E","T","M","R","E","M","E"],"character_chosen":"THE_SILENT","items_purchased":["ClockworkSouvenir","Dexterity Potion","Orichalcum","Catalyst"],"campfire_rested":3,"item_purchase_floors":[31,31,39,39],"current_hp_per_floor":[51,45,45,42,35,35,13,4,4,23,23,23,23,19,38,8,52,43,38,38,33,26,26,13,13,13,13,13,30,30,30,30,2,33,33,33,33,33,33,33,33,33,33,33,33,33,18,0],"gold":76,"neow_bonus":"RANDOM_COMMON_RELIC","is_prod":false,"is_daily":false,"chose_seed":false,"campfire_upgraded":3,"win_rate":0,"timestamp":1550171733,"path_taken":["M","M","M","M","?","R","E","?","T","R","?","?","R","M","R","BOSS","M","M","?","?","?","R","E","?","T","M","M","R","E","$","R","BOSS","M","M","?","M","$","R","?","E","T","M","R","E","M","E"],"build_version":"2019-01-23","purchased_purges":2,"victory":false,"max_hp_per_floor":[66,66,66,66,66,66,66,66,66,66,66,66,66,66,66,66,66,66,66,66,33,38,38,38,38,38,38,38,43,43,43,43,43,43,43,43,43,43,43,43,43,43,43,43,43,43,43,43],"card_choices":[{"not_picked":["Acrobatics","Blur"],"picked":"Dagger Throw","floor":1},{"not_picked":["Slice","Outmaneuver"],"picked":"Poisoned Stab","floor":2},{"not_picked":["Terror","Deflect"],"picked":"Crippling Poison","floor":3},{"not_picked":["Dagger Spray","Accuracy"],"picked":"Footwork","floor":4},{"not_picked":["Flying Knee","All Out Attack"],"picked":"PiercingWail","floor":7},{"not_picked":["Slice","Deflect"],"picked":"Blur","floor":11},{"not_picked":["Bouncing Flask","Eviscerate"],"picked":"Leg Sweep","floor":12},{"not_picked":["Bane","Quick Slash"],"picked":"Poisoned Stab","floor":14},{"not_picked":["A Thousand Cuts","Envenom"],"picked":"Adrenaline","floor":16},{"not_picked":["Outmaneuver+1","Endless Agony"],"picked":"Deadly Poison","floor":18},{"not_picked":["Flechettes","Bane"],"picked":"Calculated Gamble","floor":19},{"not_picked":["Predator","Acrobatics","Poisoned Stab"],"picked":"SKIP","floor":24},{"not_picked":["Sucker Punch","Dagger Throw","Predator"],"picked":"SKIP","floor":27},{"not_picked":["Underhanded Strike","Choke"],"picked":"Escape Plan","floor":28},{"not_picked":["Concentrate","Cloak And Dagger","Slice"],"picked":"SKIP","floor":30},{"not_picked":["Phantasmal Killer","Bullet Time"],"picked":"Adrenaline","floor":33},{"not_picked":["Acrobatics","Slice"],"picked":"Backflip","floor":35},{"not_picked":["Cloak And Dagger","Expertise+1"],"picked":"Bouncing Flask","floor":36},{"not_picked":["Infinite Blades","Distraction+1"],"picked":"Noxious Fumes","floor":38},{"not_picked":["Heel Hook","Cloak And Dagger"],"picked":"Leg Sweep+1","floor":42},{"not_picked":["Cloak And Dagger","Sucker Punch","Predator"],"picked":"SKIP","floor":44},{"not_picked":["Blade Dance+1","Underhanded Strike"],"picked":"PiercingWail","floor":46},{"not_picked":["Masterful Stab+1","Quick Slash+1"],"picked":"PiercingWail","floor":47}],"player_experience":958356,"relics_obtained":[{"floor":7,"key":"Mercury Hourglass"},{"floor":9,"key":"Vajra"},{"floor":12,"key":"Odd Mushroom"},{"floor":24,"key":"Ancient Tea Set"},{"floor":30,"key":"Shovel"},{"floor":32,"key":"Ninja Scroll"},{"floor":40,"key":"Gremlin Horn"},{"floor":42,"key":"Blood Vial"},{"floor":43,"key":"Meat on the Bone"},{"floor":45,"key":"Singing Bowl"},{"floor":46,"key":"Pantograph"}],"event_choices":[{"cards_removed":["Strike_G"],"damage_healed":0,"gold_gain":0,"player_choice":"Card Removal","damage_taken":7,"max_hp_gain":0,"max_hp_loss":0,"event_name":"Golden Wing","floor":5,"gold_loss":0},{"damage_healed":0,"gold_gain":0,"player_choice":"Damaged","damage_taken":9,"max_hp_gain":0,"max_hp_loss":0,"event_name":"Wheel of Change","floor":8,"gold_loss":0},{"damage_healed":0,"gold_gain":0,"player_choice":"Fought Mushrooms","damage_taken":0,"max_hp_gain":0,"max_hp_loss":0,"event_name":"Mushrooms","floor":12,"gold_loss":0},{"damage_healed":0,"gold_gain":50,"player_choice":"Stole From Cult","damage_taken":0,"max_hp_gain":0,"max_hp_loss":0,"event_name":"Nest","floor":20,"gold_loss":0},{"damage_healed":0,"gold_gain":0,"player_choice":"Became a Ghost","damage_taken":0,"max_hp_gain":0,"max_hp_loss":33,"event_name":"Ghosts","floor":21,"gold_loss":0,"cards_obtained":["Ghostly","Ghostly","Ghostly"]},{"damage_healed":0,"gold_gain":0,"player_choice":"Shed Blood","damage_taken":12,"max_hp_gain":5,"max_hp_loss":0,"event_name":"Forgotten Altar","floor":22,"gold_loss":0},{"damage_healed":0,"gold_gain":0,"player_choice":"Simplicity","damage_taken":0,"max_hp_gain":0,"max_hp_loss":0,"event_name":"Back to Basics","floor":25,"gold_loss":0,"cards_upgraded":["Defend_G","Defend_G","Defend_G","Defend_G","Defend_G","Strike_G","Strike_G","Strike_G","Strike_G"]},{"damage_healed":0,"gold_gain":0,"player_choice":"Upgrade","damage_taken":0,"relics_obtained":["Mark of the Bloom"],"max_hp_gain":0,"max_hp_loss":0,"event_name":"MindBloom","floor":37,"gold_loss":0,"cards_upgraded":["Survivor","Neutralize","Dagger Throw","Poisoned Stab","PiercingWail","Blur","Leg Sweep","Poisoned Stab","Adrenaline","Calculated Gamble","Ghostly","Ghostly","Ghostly","Escape Plan","Adrenaline","Backflip","Bouncing Flask"]},{"damage_healed":0,"gold_gain":0,"player_choice":"Paid","damage_taken":0,"relics_obtained":["Red Mask"],"max_hp_gain":0,"max_hp_loss":0,"event_name":"Tomb of Lord Red Mask","floor":41,"gold_loss":64}],"is_beta":false,"boss_relics":[{"not_picked":["Busted Crown","Astrolabe"],"picked":"Philosopher\u0027s Stone"},{"not_picked":["Runic Pyramid","Runic Dome"],"picked":"Fusion Hammer"}],"items_purged_floors":[31,39],"is_endless":false,"potions_floor_spawned":[1,2,16,18,19,24,36,42],"killed_by":"Nemesis","ascension_level":20}