{"gold_per_floor":[117,117,117,132,144,144,177,177,258,258,273,299,299,333,333,333],"floor_reached":16,"playtime":701,"items_purged":[],"score":136,"play_id":"14e83c87-ea08-4ec2-b3ed-7eb6691fbcae","local_time":"20190601105508","is_ascension_mode":true,"campfire_choices":[{"data":"Machine Learning","floor":6,"key":"SMITH"},{"floor":8,"key":"REST"},{"data":"Zap","floor":10,"key":"SMITH"},{"data":"Dualcast","floor":15,"key":"SMITH"}],"neow_cost":"NONE","seed_source_timestamp":1221183045773217,"circlet_count":0,"master_deck":["Strike_B","Strike_B","Strike_B","Strike_B","Defend_B","Defend_B","Defend_B","Defend_B","Zap+1","Dualcast+1","Machine Learning+1","Ball Lightning","Gash","Conserve Battery+1","BootSequence","Static Discharge"],"relics":["Cracked Core","Centennial Puzzle","Shuriken","Bottled Flame","Pear","Letter Opener"],"potions_floor_usage":[12,14,16,16],"damage_taken":[{"damage":0,"enemies":"Cultist","floor":1,"turns":3},{"damage":11,"enemies":"2 Louse","floor":4,"turns":2},{"damage":5,"enemies":"Small Slimes","floor":5,"turns":3},{"damage":25,"enemies":"3 Sentries","floor":7,"turns":6},{"damage":2,"enemies":"Red Slaver","floor":11,"turns":2},{"damage":15,"enemies":"Lagavulin","floor":12,"turns":6},{"damage":8,"enemies":"Gremlin Nob","floor":14,"turns":3},{"damage":38,"enemies":"The Guardian","floor":16,"turns":9}],"seed_played":"3993271026554746309","potions_obtained":[{"floor":1,"key":"LiquidBronze"},{"floor":7,"key":"Energy Potion"},{"floor":11,"key":"LiquidBronze"},{"floor":12,"key":"Strength Potion"}],"is_trial":false,"path_per_floor":["M","?","$","M","M","R","E","R","T","R","M","E","?","E","R","B"],"character_chosen":"DEFECT","items_purchased":[],"campfire_rested":1,"item_purchase_floors":[],"current_hp_per_floor":[75,68,68,57,52,52,27,49,49,49,47,42,42,34,34,0],"gold":333,"neow_bonus":"ONE_RANDOM_RARE_CARD","is_prod":false,"is_daily":false,"chose_seed":false,"campfire_upgraded":3,"win_rate":0,"timestamp":1559397308,"path_taken":["M","?","$","M","M","R","E","R","T","R","M","E","?","E","R","BOSS"],"build_version":"2019-01-23","purchased_purges":0,"victory":false,"max_hp_per_floor":[75,75,75,75,75,75,75,75,75,75,75,85,85,85,85,85],"card_choices":[{"not_picked":["Redo","Sweeping Beam"],"picked":"Ball Lightning","floor":1},{"not_picked":["Chill","Barrage"],"picked":"Gash","floor":4},{"not_picked":["Beam Cell","Go for the Eyes","Hologram"],"picked":"SKIP","floor":5},{"not_picked":["Beam Cell","Go for the Eyes","Hologram"],"picked":"SKIP","floor":5},{"not_picked":["Sunder","Rebound"],"picked":"Conserve Battery","floor":7},{"not_picked":["Storm","Compile Driver"],"picked":"BootSequence","floor":11},{"not_picked":["Steam","Redo","Double Energy"],"picked":"SKIP","floor":12},{"not_picked":["Beam Cell","Genetic Algorithm"],"picked":"Static Discharge","floor":14}],"player_experience":847000,"relics_obtained":[{"floor":7,"key":"Shuriken"},{"floor":9,"key":"Bottled Flame"},{"floor":12,"key":"Pear"},{"floor":14,"key":"Letter Opener"}],"event_choices":[{"damage_healed":0,"gold_gain":0,"player_choice":"Success","damage_taken":7,"relics_obtained":["Centennial Puzzle"],"max_hp_gain":0,"max_hp_loss":0,"event_name":"Scrap Ooze","floor":2,"gold_loss":0},{"damage_healed":0,"gold_gain":0,"player_choice":"Grow","damage_taken":0,"max_hp_gain":0,"max_hp_loss":0,"event_name":"Living Wall","floor":13,"gold_loss":0,"cards_upgraded":["Conserve Battery"]}],"is_beta":false,"boss_relics":[],"items_purged_floors":[],"is_endless":false,"potions_floor_spawned":[1,7,11,12],"killed_by":"The Guardian","ascension_level":3}