{"gold_per_floor":[112,112,123,134,148,148,160,195,222,241,241,256,274,306,306,383,383,399,411,426,7,25,25,0,19,49,49],"floor_reached":27,"playtime":1535,"items_purged":[],"score":462,"play_id":"64696e3d-c4a4-4f94-9927-56d6c149d2ea","local_time":"20190609211840","is_ascension_mode":true,"campfire_choices":[{"data":"Zap","floor":6.0,"key":"SMITH"},{"data":"Reinforced Body","floor":11.0,"key":"SMITH"},{"floor":15.0,"key":"REST"},{"floor":23,"key":"REST"}],"neow_cost":"NONE","seed_source_timestamp":31080509861536,"circlet_count":0,"master_deck":["AscendersBane","Strike_B+1","Strike_B","Defend_B","Defend_B","Defend_B","Defend_B","Zap+1","Dualcast","Gash+1","Hologram","Compile Driver","Glacier","Compile Driver","Reinforced Body+1","Seek","Gash","Static Discharge","Electrodynamics","Hologram","Compile Driver","Steam","Defragment","Gash","Coolheaded","Steam+1"],"special_seed":0,"relics":["Cracked Core","Strawberry","Pen Nib","Ancient Tea Set","Whetstone","Empty Cage","ClockworkSouvenir","Tiny Chest"],"potions_floor_usage":[22],"damage_taken":[{"damage":1.0,"enemies":"Small Slimes","floor":1.0,"turns":3.0},{"damage":0.0,"enemies":"Cultist","floor":3.0,"turns":3.0},{"damage":14.0,"enemies":"Jaw Worm","floor":4.0,"turns":5.0},{"damage":8.0,"enemies":"3 Louse","floor":5.0,"turns":4.0},{"damage":9.0,"enemies":"Exordium Thugs","floor":7.0,"turns":4.0},{"damage":12.0,"enemies":"Lagavulin","floor":8.0,"turns":8.0},{"damage":0.0,"enemies":"2 Fungi Beasts","floor":10.0,"turns":4.0},{"damage":0.0,"enemies":"Large Slime","floor":12.0,"turns":5.0},{"damage":12.0,"enemies":"Lots of Slimes","floor":13.0,"turns":4.0},{"damage":28.0,"enemies":"3 Sentries","floor":14.0,"turns":16.0},{"damage":20.0,"enemies":"Slime Boss","floor":16.0,"turns":8.0},{"damage":1,"enemies":"Shell Parasite","floor":18,"turns":9},{"damage":7,"enemies":"Spheric Guardian","floor":19,"turns":4},{"damage":35,"enemies":"Centurion and Healer","floor":20,"turns":7},{"damage":13,"enemies":"Shelled Parasite and Fungi","floor":22,"turns":9},{"damage":35,"enemies":"Snake Plant","floor":25,"turns":5},{"damage":14,"enemies":"Slavers","floor":27,"turns":1}],"seed_played":"2948365563582968850","potions_obtained":[{"floor":3.0,"key":"Fire Potion"},{"floor":4.0,"key":"SpeedPotion"},{"floor":8.0,"key":"Regen Potion"},{"floor":13.0,"key":"Regen Potion"},{"floor":14.0,"key":"Explosive Potion"},{"floor":16.0,"key":"LiquidBronze"},{"floor":19,"key":"Poison Potion"},{"floor":25,"key":"Energy Potion"}],"is_trial":false,"path_per_floor":["M","?","M","M","M","R","M","E","T","M","R","M","M","E","R","B",null,"M","M","M","$","M","R","?","M","T","E"],"character_chosen":"DEFECT","items_purchased":["Defragment","ClockworkSouvenir","Gash","Regen Potion"],"campfire_rested":2,"item_purchase_floors":[21,21,21,21],"current_hp_per_floor":[70,70,70,56,48,48,39,27,27,27,27,41,29,16,39,19,63,62,55,20,20,22,45,45,10,10,0],"gold":49,"neow_bonus":"RANDOM_COMMON_RELIC","is_prod":false,"is_daily":false,"chose_seed":false,"campfire_upgraded":2,"win_rate":0,"timestamp":1560107920,"path_taken":["M","?","M","M","M","R","?","E","T","M","R","M","M","E","R","BOSS","M","M","M","$","M","R","?","M","T","E"],"build_version":"2019-01-23","purchased_purges":0,"victory":false,"max_hp_per_floor":[78,78,78,78,78,78,78,78,78,78,78,78,78,78,78,78,78,78,78,78,78,78,78,78,78,78,78],"card_choices":[{"not_picked":["Hologram","Fusion"],"picked":"Gash","floor":1.0},{"not_picked":["Tempest","White Noise"],"picked":"Hologram","floor":3.0},{"not_picked":["Leap","Turbo"],"picked":"Compile Driver","floor":4.0},{"not_picked":["Conserve Battery","Turbo"],"picked":"Glacier","floor":5.0},{"not_picked":["Auto Shields","Hologram"],"picked":"Compile Driver","floor":7.0},{"not_picked":["Fission","Loop"],"picked":"Reinforced Body","floor":8.0},{"not_picked":["Turbo","Rebound","Redo"],"picked":"SKIP","floor":10.0},{"not_picked":["Streamline","Compile Driver"],"picked":"Seek","floor":12.0},{"not_picked":["Static Discharge","Rebound"],"picked":"Gash","floor":13.0},{"not_picked":["Rebound","Force Field"],"picked":"Static Discharge","floor":14.0},{"not_picked":["Creative AI","All For One"],"picked":"Electrodynamics","floor":16.0},{"not_picked":["Hello World","Storm"],"picked":"Hologram","floor":18},{"not_picked":["BootSequence","Steam"],"picked":"Compile Driver","floor":19},{"not_picked":["Stack","Ball Lightning"],"picked":"Steam","floor":20},{"not_picked":["Steam Power","Buffer"],"picked":"Coolheaded","floor":22},{"not_picked":["Beam Cell","Conserve Battery"],"picked":"Steam+1","floor":25}],"player_experience":1316818,"relics_obtained":[{"floor":8.0,"key":"Pen Nib"},{"floor":9.0,"key":"Ancient Tea Set"},{"floor":14.0,"key":"Whetstone"},{"floor":26,"key":"Tiny Chest"}],"event_choices":[{"damage_healed":0.0,"max_hp_gain":0.0,"max_hp_loss":0.0,"gold_gain":0.0,"event_name":"Match and Keep!","player_choice":"0 cards matched","floor":2.0,"gold_loss":0.0,"damage_taken":0.0,"cards_obtained":[]},{"damage_healed":0,"gold_gain":0,"player_choice":"Paid Fearfully","damage_taken":0,"max_hp_gain":0,"max_hp_loss":0,"event_name":"Masked Bandits","floor":24,"gold_loss":25}],"is_beta":false,"boss_relics":[{"not_picked":["Pandora\u0027s Box","White Beast Statue"],"picked":"Empty Cage"}],"items_purged_floors":[],"is_endless":false,"potions_floor_spawned":[3,4,8,13,14,16,19,25],"killed_by":"Slavers","ascension_level":20}