{"gold_per_floor":[118,18,33,45,55,55,83,83,83,83,101,127,127,158,158,232,232,250,350,275,275,275,275,302,302,302,327,25,25,50,60,60,137,137,150,170,181,24,51,63,63,83,83,111,111,124,153,173,173,173,173,173,173,11,37,37],"floor_reached":57,"playtime":7007,"items_purged":["Strike_B","Dualcast"],"score":2776,"play_id":"bcfa9440-7959-48cd-8c3d-a98c5a72516f","local_time":"20190305163533","is_ascension_mode":true,"campfire_choices":[{"data":"Zap","floor":6,"key":"SMITH"},{"data":"Coolheaded","floor":8,"key":"SMITH"},{"data":"Cold Snap","floor":10,"key":"SMITH"},{"data":"Gash","floor":15,"key":"SMITH"},{"floor":23,"key":"REST"},{"data":"Capacitor","floor":25,"key":"SMITH"},{"data":"Gash","floor":29,"key":"SMITH"},{"floor":32,"key":"REST"},{"data":"Coolheaded","floor":41,"key":"SMITH"},{"data":"Defragment","floor":45,"key":"SMITH"},{"floor":49,"key":"RECALL"},{"floor":53,"key":"REST"}],"neow_cost":"NONE","seed_source_timestamp":9229662017242,"circlet_count":0,"master_deck":["AscendersBane","Strike_B+1","Strike_B+1","Defend_B+1","Defend_B+1","Defend_B+1","Defend_B+1","Zap+1","Compile Driver","Cold Snap+1","Coolheaded+1","Core Surge","Gash+1","Gash+1","Leap+1","Capacitor+1","Barrage+1","Genetic Algorithm","Compile Driver","Hologram+1","Seek","Fusion+1","Doom and Gloom+1","Genetic Algorithm+1","Coolheaded+1","Echo Form","Defragment+1","Go for the Eyes+1","Gash+1","Compile Driver+1","Capacitor"],"relics":["Cracked Core","WingedGreaves","Mercury Hourglass","Sundial","Mummified Hand","Nuclear Battery","Gambling Chip","Ornamental Fan","Matryoshka","Oddly Smooth Stone","Regal Pillow","Bag of Preparation","Potion Belt","Runic Pyramid","Vajra","Orichalcum","Centennial Puzzle","Molten Egg 2","FossilizedHelix","Emotion Chip","Strawberry"],"potions_floor_usage":[7,19,24,51,51,55,56,56],"damage_taken":[{"damage":1,"enemies":"Cultist","floor":1,"turns":4},{"damage":3,"enemies":"Small Slimes","floor":3,"turns":3},{"damage":0,"enemies":"2 Louse","floor":4,"turns":2},{"damage":0,"enemies":"Large Slime","floor":5,"turns":4},{"damage":3,"enemies":"3 Sentries","floor":7,"turns":3},{"damage":0,"enemies":"2 Fungi Beasts","floor":11,"turns":2},{"damage":14,"enemies":"Lagavulin","floor":12,"turns":8},{"damage":6,"enemies":"3 Sentries","floor":14,"turns":6},{"damage":20,"enemies":"The Guardian","floor":16,"turns":10},{"damage":0,"enemies":"Chosen","floor":18,"turns":3},{"damage":9,"enemies":"Colosseum Slavers","floor":19,"turns":3},{"damage":24,"enemies":"Colosseum Nobs","floor":19,"turns":5},{"damage":4,"enemies":"Book of Stabbing","floor":24,"turns":5},{"damage":0,"enemies":"Gremlin Leader","floor":27,"turns":6},{"damage":3,"enemies":"Book of Stabbing","floor":30,"turns":6},{"damage":0,"enemies":"Shell Parasite","floor":31,"turns":3},{"damage":48,"enemies":"Collector","floor":33,"turns":11},{"damage":0,"enemies":"Orb Walker","floor":35,"turns":3},{"damage":0,"enemies":"3 Shapes","floor":36,"turns":3},{"damage":0,"enemies":"Sphere and 2 Shapes","floor":37,"turns":3},{"damage":0,"enemies":"Writhing Mass","floor":40,"turns":7},{"damage":0,"enemies":"Spire Growth","floor":42,"turns":4},{"damage":14,"enemies":"Nemesis","floor":44,"turns":7},{"damage":0,"enemies":"Transient","floor":46,"turns":6},{"damage":16,"enemies":"Reptomancer","floor":47,"turns":5},{"damage":0,"enemies":"4 Shapes","floor":48,"turns":4},{"damage":3,"enemies":"Time Eater","floor":50,"turns":10},{"damage":20,"enemies":"Awakened One","floor":51,"turns":10},{"damage":0,"enemies":"Shield and Spear","floor":55,"turns":7},{"damage":22,"enemies":"The Heart","floor":56,"turns":10}],"seed_played":"-8921912247831174223","potions_obtained":[{"floor":3,"key":"PowerPotion"},{"floor":4,"key":"Explosive Potion"},{"floor":16,"key":"Energy Potion"},{"floor":22,"key":"FocusPotion"},{"floor":22,"key":"AttackPotion"},{"floor":24,"key":"Swift Potion"},{"floor":27,"key":"PowerPotion"},{"floor":36,"key":"SteroidPotion"},{"floor":37,"key":"EssenceOfSteel"},{"floor":40,"key":"Strength Potion"},{"floor":42,"key":"Swift Potion"},{"floor":48,"key":"GamblersBrew"}],"is_trial":false,"path_per_floor":["M","$","M","M","M","R","E","R","T","R","M","E","?","E","R","B",null,"M","?","?","?","?","R","E","R","T","E","$","R","E","M","R","B",null,"M","M","M","$","T","M","R","M","T","E","R","M","E","M","R","B","B",null,"R","$","E","B",null],"character_chosen":"DEFECT","items_purchased":["Cold Snap","Bag of Preparation","Compile Driver","Vajra","Capacitor","Regen Potion"],"campfire_rested":3,"item_purchase_floors":[2,28,28,38,54,54],"current_hp_per_floor":[70,70,67,67,67,67,64,64,64,64,64,50,50,44,44,24,65,65,32,32,32,32,55,51,51,51,51,51,51,48,48,78,30,66,66,66,66,66,66,66,66,66,66,52,52,52,36,36,36,33,13,62,78,78,85,75],"gold":37,"neow_bonus":"TEN_PERCENT_HP_BONUS","is_prod":false,"is_daily":false,"chose_seed":false,"campfire_upgraded":8,"win_rate":0,"timestamp":1551800133,"path_taken":["M","$","M","M","M","R","E","R","T","R","M","E","?","E","R","BOSS","M","?","?","?","?","R","E","R","T","E","$","R","E","M","R","BOSS","M","M","M","$","?","M","R","M","T","E","R","?","E","?","R","BOSS","BOSS","R","$","E","BOSS"],"build_version":"2019-01-23","purchased_purges":2,"victory":true,"max_hp_per_floor":[78,78,78,78,78,78,78,78,78,78,78,78,78,78,78,78,78,78,78,78,78,78,78,78,78,78,78,78,78,78,78,78,78,78,78,78,78,78,78,78,78,78,78,78,78,78,78,78,78,78,78,78,78,78,85,85],"card_choices":[{"not_picked":["BootSequence","Steam"],"picked":"Compile Driver","floor":1},{"not_picked":["Stack","Turbo"],"picked":"Coolheaded","floor":3},{"not_picked":["Heatsinks","Ball Lightning"],"picked":"Core Surge","floor":4},{"not_picked":["Tempest","Redo","Reprogram"],"picked":"SKIP","floor":5},{"not_picked":["Double Energy","Redo","Hello World"],"picked":"SKIP","floor":7},{"not_picked":["Go for the Eyes","Aggregate","Force Field"],"picked":"SKIP","floor":11},{"not_picked":["Hello World","Lockon"],"picked":"Gash","floor":12},{"not_picked":["Cold Snap","Force Field"],"picked":"Gash","floor":14},{"not_picked":["Hologram","Streamline"],"picked":"Leap+1","floor":18},{"not_picked":["Cold Snap","Steam"],"picked":"Capacitor","floor":19},{"not_picked":["Turbo","Hello World"],"picked":"Barrage+1","floor":24},{"not_picked":["Go for the Eyes","Darkness"],"picked":"Genetic Algorithm","floor":27},{"not_picked":["Steam Power+1","Conserve Battery","Barrage"],"picked":"SKIP","floor":30},{"not_picked":["Darkness","Go for the Eyes"],"picked":"Hologram+1","floor":31},{"not_picked":["Reboot","Core Surge"],"picked":"Seek","floor":33},{"not_picked":["Leap+1","Conserve Battery"],"picked":"Fusion+1","floor":35},{"not_picked":["Gash","Rip and Tear"],"picked":"Doom and Gloom+1","floor":36},{"not_picked":["Skim","Rebound+1"],"picked":"Genetic Algorithm+1","floor":37},{"not_picked":["Hologram","Turbo+1"],"picked":"Coolheaded","floor":40},{"not_picked":["Redo","Doom and Gloom"],"picked":"Echo Form","floor":42},{"not_picked":["Aggregate","Reinforced Body"],"picked":"Defragment","floor":44},{"not_picked":["Redo","Barrage+1"],"picked":"Go for the Eyes+1","floor":46},{"not_picked":["Sunder+1","Beam Cell+1"],"picked":"Gash+1","floor":47},{"not_picked":["Self Repair","Sweeping Beam+1"],"picked":"Compile Driver+1","floor":48},{"not_picked":["Steam","Hello World+1","Sweeping Beam+1"],"picked":"SKIP","floor":55}],"player_experience":1011014,"relics_obtained":[{"floor":7,"key":"WingedGreaves"},{"floor":9,"key":"Mercury Hourglass"},{"floor":12,"key":"Sundial"},{"floor":14,"key":"Mummified Hand"},{"floor":19,"key":"Gambling Chip"},{"floor":19,"key":"Ornamental Fan"},{"floor":24,"key":"Matryoshka"},{"floor":26,"key":"Oddly Smooth Stone"},{"floor":27,"key":"Regal Pillow"},{"floor":30,"key":"Potion Belt"},{"floor":39,"key":"Orichalcum"},{"floor":39,"key":"Centennial Puzzle"},{"floor":43,"key":"Molten Egg 2"},{"floor":44,"key":"FossilizedHelix"},{"floor":47,"key":"Emotion Chip"},{"floor":55,"key":"Strawberry"}],"event_choices":[{"damage_healed":0,"gold_gain":0,"player_choice":"Searched \u00271\u0027 times","damage_taken":0,"max_hp_gain":0,"max_hp_loss":0,"event_name":"Dead Adventurer","floor":13,"gold_loss":0},{"damage_healed":0,"gold_gain":0,"player_choice":"Fight","damage_taken":0,"max_hp_gain":0,"max_hp_loss":0,"event_name":"Colosseum","floor":19,"gold_loss":0},{"damage_healed":0,"gold_gain":0,"player_choice":"Fought Nobs","damage_taken":0,"max_hp_gain":0,"max_hp_loss":0,"event_name":"Colosseum","floor":19,"gold_loss":0},{"cards_removed":["Strike_B"],"damage_healed":0,"gold_gain":0,"player_choice":"Gave Gold","damage_taken":0,"max_hp_gain":0,"max_hp_loss":0,"event_name":"Beggar","floor":20,"gold_loss":75},{"damage_healed":0,"gold_gain":0,"player_choice":"Simplicity","damage_taken":0,"max_hp_gain":0,"max_hp_loss":0,"event_name":"Back to Basics","floor":21,"gold_loss":0,"cards_upgraded":["Strike_B","Strike_B","Defend_B","Defend_B","Defend_B","Defend_B"]},{"damage_healed":0,"gold_gain":0,"player_choice":"Got Potions","damage_taken":0,"max_hp_gain":0,"max_hp_loss":0,"event_name":"Lab","floor":22,"gold_loss":0}],"is_beta":false,"boss_relics":[{"not_picked":["Empty Cage","Orrery"],"picked":"Nuclear Battery"},{"not_picked":["Black Star","Snecko Eye"],"picked":"Runic Pyramid"}],"items_purged_floors":[2,28],"is_endless":false,"potions_floor_spawned":[3,4,5,16,19,24,27,36,37,40,42,48],"ascension_level":20}