{"path_per_floor":["M","M","M","?","?","R","M","M","T","R","M","E","T","E","R","B",null,"M","?","M","M","?","R","M","R","T","$","M","R","M","M","R","B",null,"M","$","?","?","M","R"],"character_chosen":"IRONCLAD","items_purchased":["Heavy Blade","Apotheosis","Inflame","Whetstone"],"gold_per_floor":[118,137,150,150,115,115,139,155,155,155,176,210,210,249,249,374,374,392,392,412,426,341,341,366,366,366,56,70,70,90,106,106,230,230,245,62,62,62,85,85],"floor_reached":41,"campfire_rested":5,"playtime":1852,"current_hp_per_floor":[80,80,80,60,80,80,72,58,58,58,64,59,59,65,65,63,80,59,59,41,25,25,50,30,55,55,55,21,46,38,17,42,23,86,50,50,50,50,28,54],"items_purged":["Writhe"],"gold":85,"score":444,"play_id":"7cb41a17-b04a-4f81-82e9-541ba8741f0a","is_prod":false,"is_daily":false,"is_ascension_mode":true,"campfire_upgraded":1,"path_taken":["M","M","M","?","?","R","M","?","T","R","M","E","?","E","R","BOSS","M","?","M","?","?","R","M","R","T","$","M","R","M","M","R","BOSS","M","$","?","?","?","R","E"],"build_version":"2018-02-22-PROD2","purchased_purges":1,"victory":false,"master_deck":["Strike_R","Strike_R+1","Strike_R","Strike_R","Strike_R","Defend_R","Defend_R","Defend_R","Defend_R","Bash","Heavy Blade+1","Ghostly Armor","Flex","Flex","Thunderclap","Headbutt","Inflame","Shrug It Off","Feed+1","Heavy Blade","Inflame+1","Pommel Strike+1","Infernal Blade+1","Heavy Blade","Apotheosis","Inflame+1","Flex","Inflame+1","Disarm"],"max_hp_per_floor":[80,80,80,80,80,80,80,80,80,80,80,80,80,80,80,80,80,80,80,83,86,86,86,86,86,86,86,86,86,86,86,86,86,86,89,89,89,89,89,89],"relics":["Burning Blood","NeowsBlessing","Golden Idol","Girya","Art of War","Unceasing Top","Frozen Egg 2","Lizard Tail","Letter Opener","Bronze Scales","Blue Candle","Question Card","Whetstone"],"card_choices":[{"not_picked":["Twin Strike","Shrug It Off"],"picked":"Heavy Blade"},{"not_picked":["Infernal Blade","Disarm"],"picked":"Ghostly Armor"},{"not_picked":["Havoc","Rage"],"picked":"Flex"},{"not_picked":["Sword Boomerang","Anger"],"picked":"Flex"},{"not_picked":["Fire Breathing","Rupture"],"picked":"Thunderclap"},{"not_picked":["Body Slam","Reckless Charge"],"picked":"Headbutt"},{"not_picked":["Infernal Blade","Iron Wave"],"picked":"Inflame"},{"not_picked":["Intimidate","Sword Boomerang"],"picked":"Shrug It Off"},{"not_picked":["Berserk","Double Tap"],"picked":"Feed"},{"not_picked":["Evolve","Sword Boomerang"],"picked":"Heavy Blade"},{"not_picked":["Ghostly Armor","Sword Boomerang"],"picked":"Inflame"},{"not_picked":["Hemokinesis","Infernal Blade"],"picked":"Pommel Strike"},{"not_picked":["Wild Strike","Rupture"],"picked":"Infernal Blade"},{"not_picked":["Body Slam","Twin Strike"],"picked":"Inflame"},{"not_picked":["Clash","Thunderclap"],"picked":"Flex"},{"not_picked":["Body Slam","True Grit","Reckless Charge"],"picked":"Disarm"}],"player_experience":181816,"potions_floor_usage":[12,16,18,20,21,30,39],"damage_taken":[{"damage":0,"enemies":"Jaw Worm","floor":1,"turns":1},{"damage":0,"enemies":"Small Slimes","floor":2,"turns":1},{"damage":0,"enemies":"Cultist","floor":3,"turns":1},{"damage":14,"enemies":"Exordium Wildlife","floor":7,"turns":6},{"damage":20,"enemies":"Large Slime","floor":8,"turns":5},{"damage":0,"enemies":"2 Fungi Beasts","floor":11,"turns":3},{"damage":11,"enemies":"3 Sentries","floor":12,"turns":5},{"damage":0,"enemies":"Gremlin Nob","floor":14,"turns":3},{"damage":8,"enemies":"Slime Boss","floor":16,"turns":8},{"damage":27,"enemies":"Shell Parasite","floor":18,"turns":6},{"damage":27,"enemies":"3 Byrds","floor":20,"turns":5},{"damage":25,"enemies":"Centurion and Healer","floor":21,"turns":5},{"damage":26,"enemies":"3 Cultists","floor":24,"turns":4},{"damage":40,"enemies":"Slaver and Parasite","floor":28,"turns":6},{"damage":14,"enemies":"Cultist and Chosen","floor":30,"turns":6},{"damage":27,"enemies":"3 Cultists","floor":31,"turns":4},{"damage":114,"enemies":"Automaton","floor":33,"turns":10},{"damage":45,"enemies":"3 Shapes","floor":35,"turns":4},{"damage":28,"enemies":"3 Darklings","floor":39,"turns":5},{"damage":58,"enemies":"Nemesis","floor":41,"turns":2}],"event_choices":[{"event_name":"Golden Idol","player_choice":"Take Damage","floor":4,"damage_taken":0},{"event_name":"The Cleric","player_choice":"Healed","floor":5,"damage_taken":0},{"event_name":"The Mausoleum","player_choice":"Yes","floor":19,"damage_taken":0},{"event_name":"Addict","player_choice":"Obtained Relic","floor":22,"damage_taken":0},{"event_name":"Mysterious Sphere","player_choice":"Ignore","floor":37,"damage_taken":0},{"event_name":"Upgrade Shrine","player_choice":"Upgraded","floor":38,"damage_taken":0}],"boss_relics":[{"not_picked":["Runic Cube","Pandora\u0027s Box"],"picked":"Lizard Tail"},{"not_picked":["White Beast Statue","Runic Dome"],"picked":"Question Card"}],"potions_floor_spawned":[8,12,14,16,20,28,31],"seed_played":"-5913715011976371654","killed_by":"Nemesis","ascension_level":2,"is_trial":false}