{"gold_per_floor":[112,126,146,204,154,154,186,186,213,233,253,270,270,287,287,385,385,398,398],"floor_reached":19,"playtime":1169,"items_purged":[],"score":214,"play_id":"d5e30f38-57a5-4096-800f-e188b90a0d7d","local_time":"20190201134124","is_ascension_mode":true,"campfire_choices":[{"data":"Uppercut","floor":6,"key":"SMITH"},{"data":"Seeing Red","floor":8,"key":"SMITH"},{"data":"Inflame","floor":13,"key":"SMITH"},{"floor":15,"key":"REST"}],"neow_cost":"NONE","seed_source_timestamp":958928278422631,"circlet_count":0,"master_deck":["Strike_R","Strike_R","Defend_R","Defend_R","Defend_R","Defend_R","Bash","Panacea","Uppercut+1","Rage","Seeing Red+1","Inflame+1","Thunderclap","Fire Breathing","Barricade","Flame Barrier+1"],"relics":["Burning Blood","Bronze Scales","Potion Belt","Empty Cage"],"potions_floor_usage":[12,16,19],"damage_taken":[{"damage":1,"enemies":"Cultist","floor":1,"turns":4},{"damage":6,"enemies":"2 Louse","floor":2,"turns":5},{"damage":12,"enemies":"Small Slimes","floor":3,"turns":4},{"damage":31,"enemies":"3 Sentries","floor":7,"turns":8},{"damage":3,"enemies":"3 Louse","floor":10,"turns":3},{"damage":3,"enemies":"Looter","floor":11,"turns":2},{"damage":5,"enemies":"2 Fungi Beasts","floor":12,"turns":4},{"damage":8,"enemies":"Blue Slaver","floor":14,"turns":4},{"damage":27,"enemies":"The Guardian","floor":16,"turns":11},{"damage":9,"enemies":"3 Byrds","floor":18,"turns":3},{"damage":41,"enemies":"Colosseum Slavers","floor":19,"turns":6},{"damage":40,"enemies":"Colosseum Nobs","floor":19,"turns":3}],"seed_played":"7138651583552131918","potions_obtained":[{"floor":7,"key":"Poison Potion"},{"floor":10,"key":"Poison Potion"},{"floor":12,"key":"FearPotion"}],"is_trial":false,"path_per_floor":["M","M","M","?","?","R","E","R","T","M","M","M","R","M","R","B",null,"M","?"],"character_chosen":"IRONCLAD","items_purchased":[],"campfire_rested":1,"item_purchase_floors":[],"current_hp_per_floor":[80,80,74,74,74,74,49,49,49,52,55,56,56,54,78,57,74,71,0],"gold":398,"neow_bonus":"RANDOM_COLORLESS","is_prod":false,"is_daily":false,"chose_seed":false,"campfire_upgraded":3,"win_rate":0,"timestamp":1549042884,"path_taken":["M","M","M","?","?","R","E","R","T","M","M","M","R","M","R","BOSS","M","?"],"build_version":"2019-01-23","purchased_purges":0,"victory":false,"max_hp_per_floor":[80,80,80,80,80,80,80,80,80,80,80,80,80,80,80,80,80,80,80],"card_choices":[{"not_picked":["Warcry","Anger","Sentinel"],"picked":"SKIP","floor":1},{"not_picked":["Battle Trance","Pommel Strike"],"picked":"Uppercut","floor":2},{"not_picked":["Body Slam","Cleave"],"picked":"Rage","floor":3},{"not_picked":["Shockwave","Brutality"],"picked":"Seeing Red","floor":7},{"not_picked":["Hemokinesis","Wild Strike","Intimidate"],"picked":"SKIP","floor":10},{"not_picked":["Flame Barrier","Clash"],"picked":"Inflame","floor":11},{"not_picked":["Wild Strike","Twin Strike"],"picked":"Thunderclap","floor":12},{"not_picked":["Clash","Clothesline"],"picked":"Fire Breathing","floor":14},{"not_picked":["Offering","Impervious"],"picked":"Barricade","floor":16},{"not_picked":["Clash","Armaments+1"],"picked":"Flame Barrier+1","floor":18}],"player_experience":376380,"relics_obtained":[{"floor":7,"key":"Bronze Scales"},{"floor":9,"key":"Potion Belt"}],"event_choices":[{"damage_healed":0,"gold_gain":58,"player_choice":"Gained Gold","damage_taken":0,"max_hp_gain":0,"max_hp_loss":0,"event_name":"Golden Wing","floor":4,"gold_loss":0},{"cards_removed":["Strike_R"],"damage_healed":0,"gold_gain":0,"player_choice":"Card Removal","damage_taken":0,"max_hp_gain":0,"max_hp_loss":0,"event_name":"The Cleric","floor":5,"gold_loss":50},{"damage_healed":0,"gold_gain":0,"player_choice":"Fight","damage_taken":0,"max_hp_gain":0,"max_hp_loss":0,"event_name":"Colosseum","floor":19,"gold_loss":0},{"damage_healed":0,"gold_gain":0,"player_choice":"Fought Nobs","damage_taken":0,"max_hp_gain":0,"max_hp_loss":0,"event_name":"Colosseum","floor":19,"gold_loss":0}],"is_beta":false,"boss_relics":[{"not_picked":["Snecko Eye","Runic Cube"],"picked":"Empty Cage"}],"items_purged_floors":[],"is_endless":false,"potions_floor_spawned":[7,10,12,19],"killed_by":"Colosseum Nobs","ascension_level":5}