{"gold_per_floor":[110,123,123,123,146,210,231,37,37,37,53,53,53,30,30,30],"floor_reached":16,"playtime":672,"items_purged":[],"score":160,"play_id":"95b09a7e-0a7d-4d69-ba62-760871c13e58","local_time":"20190617025913","is_ascension_mode":true,"campfire_choices":[{"floor":10,"key":"REST"},{"floor":12,"key":"REST"},{"data":"Creative AI","floor":15,"key":"SMITH"}],"neow_cost":"TEN_PERCENT_HP_LOSS","seed_source_timestamp":214637922397697,"circlet_count":0,"master_deck":["AscendersBane","Strike_B","Strike_B+1","Strike_B","Defend_B+1","Defend_B","Defend_B","Zap","Dualcast","Coolheaded","Static Discharge","Panacea","Darkness","Creative AI+1","Doom and Gloom","Steam","Self Repair","Rip and Tear","Coolheaded"],"relics":["Cracked Core","Golden Idol","Tiny Chest","MealTicket","Symbiotic Virus"],"potions_floor_usage":[7],"damage_taken":[{"damage":1,"enemies":"Small Slimes","floor":1,"turns":3},{"damage":5,"enemies":"Jaw Worm","floor":2,"turns":4},{"damage":2,"enemies":"Cultist","floor":5,"turns":5},{"damage":50,"enemies":"3 Sentries","floor":6,"turns":6},{"damage":4,"enemies":"Blue Slaver","floor":7,"turns":4},{"damage":17,"enemies":"2 Fungi Beasts","floor":11,"turns":3},{"damage":34,"enemies":"Hexaghost","floor":16,"turns":11}],"seed_played":"-8999740124286263361","potions_obtained":[{"floor":2,"key":"Weak Potion"},{"floor":6,"key":"Dexterity Potion"}],"is_trial":false,"path_per_floor":["M","M","?","?","M","E","M","$","T","R","M","R","?","$","R","B"],"character_chosen":"DEFECT","items_purchased":["MealTicket","Coolheaded"],"campfire_rested":2,"item_purchase_floors":[8,14],"current_hp_per_floor":[67,62,62,62,60,10,6,6,6,24,7,25,12,27,27,0],"gold":30,"neow_bonus":"REMOVE_TWO","is_prod":false,"is_daily":false,"chose_seed":false,"campfire_upgraded":1,"win_rate":0,"timestamp":1560729553,"path_taken":["M","M","?","?","M","E","?","$","T","R","M","R","?","$","R","BOSS"],"build_version":"2019-06-13","purchased_purges":0,"victory":false,"max_hp_per_floor":[68,68,63,63,63,63,63,63,63,63,63,63,63,63,63,63],"card_choices":[{"not_picked":["Double Energy","Barrage"],"picked":"Coolheaded","floor":1},{"not_picked":["Blizzard","Redo"],"picked":"Static Discharge","floor":2},{"not_picked":["Hologram","Leap"],"picked":"Doom and Gloom","floor":5},{"not_picked":["Blizzard","Double Energy"],"picked":"Steam","floor":6},{"not_picked":["Streamline","Ball Lightning"],"picked":"Self Repair","floor":7},{"not_picked":["Leap","Barrage"],"picked":"Rip and Tear","floor":11}],"player_experience":814146,"relics_obtained":[{"floor":6,"key":"Tiny Chest"},{"floor":9,"key":"Symbiotic Virus"}],"event_choices":[{"damage_healed":0,"gold_gain":0,"player_choice":"Lose Max HP","damage_taken":0,"relics_obtained":["Golden Idol"],"max_hp_gain":0,"max_hp_loss":5,"event_name":"Golden Idol","floor":3,"gold_loss":0},{"damage_healed":0,"gold_gain":0,"player_choice":"3 cards matched","damage_taken":0,"max_hp_gain":0,"max_hp_loss":0,"event_name":"Match and Keep!","floor":4,"gold_loss":0,"cards_obtained":["Panacea","Darkness","Creative AI"]},{"damage_healed":0,"gold_gain":0,"player_choice":"Entered Light","damage_taken":13,"max_hp_gain":0,"max_hp_loss":0,"event_name":"Shining Light","floor":13,"gold_loss":0,"cards_upgraded":["Defend_B","Strike_B"]}],"is_beta":true,"boss_relics":[],"items_purged_floors":[],"is_endless":false,"potions_floor_spawned":[2,6],"killed_by":"Hexaghost","ascension_level":12}