{"gold_per_floor":[113,113,130,80,90,90,125,144,219,229,257,38,38,55,55,152,152,167,67,67,67,80,80,96,112,112,112,387,32,32,32,32,32],"floor_reached":33,"playtime":1154,"items_purged":["Strike_R","Strike_R","Regret"],"score":255,"play_id":"0d9c0713-8aed-4cfe-a9c2-f95a6a78ec03","local_time":"20190401132735","is_ascension_mode":false,"campfire_choices":[{"data":"Uppercut","floor":6,"key":"SMITH"},{"floor":15,"key":"REST"},{"floor":23,"key":"DIG"},{"floor":27,"key":"DIG"},{"floor":32,"key":"REST"}],"neow_cost":"NONE","seed_source_timestamp":702780548166269,"circlet_count":0,"master_deck":["Strike_R","Defend_R","Defend_R","Defend_R","Defend_R","Rampage","Uppercut+1","Inflame","Pommel Strike","Limit Break","Metallicize","Impatience"],"relics":["Burning Blood","Shovel","Mummified Hand","MawBank","Mark of Pain","MutagenicStrength","Meat on the Bone","Ornamental Fan","PreservedInsect"],"potions_floor_usage":[7,18,22,33],"damage_taken":[{"damage":0,"enemies":"Small Slimes","floor":1,"turns":3},{"damage":1,"enemies":"Cultist","floor":3,"turns":4},{"damage":3,"enemies":"2 Louse","floor":5,"turns":3},{"damage":15,"enemies":"Gremlin Nob","floor":7,"turns":4},{"damage":14,"enemies":"Large Slime","floor":8,"turns":4},{"damage":7,"enemies":"Looter","floor":10,"turns":3},{"damage":21,"enemies":"Lagavulin","floor":11,"turns":6},{"damage":10,"enemies":"Exordium Wildlife","floor":14,"turns":4},{"damage":62,"enemies":"Hexaghost","floor":16,"turns":10},{"damage":24,"enemies":"Spheric Guardian","floor":18,"turns":5},{"damage":4,"enemies":"Shell Parasite","floor":22,"turns":4},{"damage":0,"enemies":"Snecko","floor":24,"turns":3},{"damage":13,"enemies":"Cultist and Chosen","floor":25,"turns":7},{"damage":82,"enemies":"Collector","floor":33,"turns":7}],"seed_played":"3805090739026075812","potions_obtained":[{"floor":1,"key":"FearPotion"},{"floor":3,"key":"Strength Potion"},{"floor":11,"key":"FearPotion"},{"floor":16,"key":"Block Potion"},{"floor":25,"key":"Block Potion"}],"is_trial":false,"path_per_floor":["M","?","M","?","M","R","E","M","T","M","E","$","?","M","R","B",null,"M","$","?","?","M","R","M","M","T","R","?","$","$","?","R","B"],"character_chosen":"IRONCLAD","items_purchased":["Limit Break","PreservedInsect","Impatience"],"campfire_rested":2,"item_purchase_floors":[12,29,29],"current_hp_per_floor":[80,80,80,80,80,80,71,63,63,62,47,47,52,48,73,17,85,67,67,67,51,53,53,59,52,52,52,52,52,52,52,79,0],"gold":32,"neow_bonus":"REMOVE_CARD","is_prod":false,"is_daily":false,"chose_seed":false,"campfire_upgraded":1,"win_rate":0,"timestamp":1554136055,"path_taken":["M","?","?","?","M","R","E","M","T","M","E","$","?","M","R","BOSS","M","$","?","?","M","R","M","?","T","R","?","?","$","?","R","BOSS"],"build_version":"2019-01-23","purchased_purges":3,"victory":false,"max_hp_per_floor":[80,80,80,80,80,80,80,80,80,80,80,80,85,85,85,85,85,85,85,85,90,90,90,90,90,90,90,90,90,90,90,90,90],"card_choices":[{"not_picked":["Pommel Strike","Hemokinesis"],"picked":"Rampage","floor":1},{"not_picked":["Armaments","Cleave"],"picked":"Uppercut","floor":3},{"not_picked":["Bloodletting","Twin Strike"],"picked":"Inflame","floor":5},{"not_picked":["Iron Wave","Armaments","Body Slam"],"picked":"SKIP","floor":7},{"not_picked":["Clash","Cleave","Body Slam"],"picked":"SKIP","floor":8},{"not_picked":["Cleave","Iron Wave","Offering"],"picked":"SKIP","floor":10},{"not_picked":["Clothesline","Intimidate"],"picked":"Pommel Strike","floor":11},{"not_picked":["Flex","Corruption","Iron Wave"],"picked":"SKIP","floor":14},{"not_picked":["Sentinel+1","Cleave"],"picked":"Metallicize","floor":18},{"not_picked":["Havoc+1","Bloodletting","Sentinel"],"picked":"SKIP","floor":22},{"not_picked":["Wild Strike+1","Body Slam","Spot Weakness"],"picked":"SKIP","floor":24},{"not_picked":["Thunderclap+1","Body Slam","Heavy Blade"],"picked":"SKIP","floor":25}],"player_experience":570142,"relics_obtained":[{"floor":7,"key":"Shovel"},{"floor":9,"key":"Mummified Hand"},{"floor":11,"key":"MawBank"},{"floor":23,"key":"Meat on the Bone"},{"floor":27,"key":"Ornamental Fan"}],"event_choices":[{"damage_healed":0,"gold_gain":0,"player_choice":"Ignored","damage_taken":0,"max_hp_gain":0,"max_hp_loss":0,"event_name":"NoteForYourself","floor":2,"gold_loss":0},{"cards_removed":["Bash"],"damage_healed":0,"gold_gain":0,"player_choice":"Card Removal","damage_taken":0,"max_hp_gain":0,"max_hp_loss":0,"event_name":"The Cleric","floor":4,"gold_loss":50},{"damage_healed":0,"gold_gain":0,"player_choice":"Donut","damage_taken":0,"max_hp_gain":5,"max_hp_loss":0,"event_name":"Big Fish","floor":13,"gold_loss":0},{"damage_healed":0,"gold_gain":0,"player_choice":"Inject Mutagens","damage_taken":0,"relics_obtained":["MutagenicStrength"],"max_hp_gain":0,"max_hp_loss":0,"event_name":"Drug Dealer","floor":20,"gold_loss":0},{"damage_healed":0,"gold_gain":0,"player_choice":"Shed Blood","damage_taken":21,"max_hp_gain":5,"max_hp_loss":0,"event_name":"Forgotten Altar","floor":21,"gold_loss":0},{"damage_healed":0,"gold_gain":275,"player_choice":"Desecrate","damage_taken":0,"max_hp_gain":0,"max_hp_loss":0,"event_name":"Golden Shrine","floor":28,"gold_loss":0,"cards_obtained":["Regret"]},{"cards_removed":["Strike_R"],"damage_healed":0,"gold_gain":0,"player_choice":"Offered Basic","damage_taken":0,"max_hp_gain":0,"max_hp_loss":0,"event_name":"Bonfire Elementals","floor":31,"gold_loss":0}],"is_beta":false,"boss_relics":[{"not_picked":["Orrery","Velvet Choker"],"picked":"Mark of Pain"}],"items_purged_floors":[12,19,29],"is_endless":false,"potions_floor_spawned":[1,3,11,16,25],"killed_by":"Collector","ascension_level":0}