{"path_per_floor":["M","?","M","?","T","E","R","E","T","M","R","?","M","M","R","B",null,"M","M","?","$","M","E"],"character_chosen":"IRONCLAD","items_purchased":["Letter Opener","Trip","Pommel Strike"],"gold_per_floor":[109,109,120,172,172,207,207,234,234,246,246,308,322,340,340,442,442,461,477,477,70,81,112],"floor_reached":24,"campfire_rested":2,"playtime":2146,"current_hp_per_floor":[80,80,72,72,72,50,74,60,60,69,69,57,56,62,89,20,90,68,64,64,64,43,29],"items_purged":[],"gold":112,"play_id":"d7db329f-6a1f-416e-a5a0-2e7acd602582","is_prod":false,"is_daily":false,"campfire_rituals":0,"campfire_upgraded":1,"is_hardmode":false,"path_taken":["M","?","M","?","?","E","R","E","T","M","R","?","M","M","R","BOSS","M","M","?","$","M","E","M"],"build_version":"2018-01-18-PROD4","purchased_purges":0,"victory":false,"master_deck":["Strike_R","Strike_R","Strike_R","Strike_R","Strike_R","Defend_R","Defend_R","Defend_R","Defend_R","Bash","Armaments","Writhe","Feed","Headbutt","Clothesline","Shrug It Off","Bludgeon","Iron Wave","Perfected Strike","Thunderclap","Rampage","Clash","Reaper","Infernal Blade","Iron Wave","Headbutt","Battle Trance","Perfected Strike","Cleave","Uppercut","Trip","Pommel Strike","Thunderclap","Dropkick"],"max_hp_per_floor":[80,80,80,80,80,83,83,83,83,86,86,86,90,90,90,90,90,90,90,90,90,90,90],"relics":["Burning Blood","Charon\u0027s Ashes","Lantern","Prayer Wheel","Happy Flower","Shuriken","Orrery","Oddly Smooth Stone","Letter Opener","Juzu Bracelet"],"campfire_meditates":0,"card_choices":[{"not_picked":["True Grit","Whirlwind"],"picked":"Armaments"},{"not_picked":["Armaments","Burning Pact"],"picked":"Clothesline"},{"not_picked":["Blood for Blood","Seeing Red"],"picked":"Shrug It Off"},{"not_picked":["Anger","Spot Weakness"],"picked":"Bludgeon"},{"not_picked":["Shrug It Off","Intimidate"],"picked":"Iron Wave"},{"not_picked":["Uppercut","Hemokinesis"],"picked":"Perfected Strike"},{"not_picked":["Body Slam","Sword Boomerang"],"picked":"Thunderclap"},{"not_picked":["Thunderclap","Pummel"],"picked":"Rampage"},{"not_picked":["Clothesline","Perfected Strike"],"picked":"Clash"},{"not_picked":["Brutality","Fiend Fire"],"picked":"Reaper"},{"not_picked":["Perfected Strike","Sword Boomerang"],"picked":"Infernal Blade"},{"not_picked":["Armaments","Thunderclap"],"picked":"Iron Wave"},{"not_picked":["Warcry","Combust"],"picked":"Headbutt"},{"not_picked":["Clash","Clothesline"],"picked":"Battle Trance"},{"not_picked":["Armaments","Warcry"],"picked":"Perfected Strike"},{"not_picked":["Warcry","Spot Weakness"],"picked":"Cleave"},{"not_picked":["Second Wind","Intimidate"],"picked":"Uppercut"},{"not_picked":["Burning Pact","Sever Soul"],"picked":"Thunderclap"},{"not_picked":["Clash","Intimidate"],"picked":"Dropkick"}],"player_experience":14969,"potions_floor_usage":[8,16,16,16,23],"damage_taken":[{"damage":1,"enemies":"Cultist","floor":1,"turns":3},{"damage":14,"enemies":"Blue Slaver","floor":3,"turns":4},{"damage":31,"enemies":"3 Sentries","floor":6,"turns":8},{"damage":20,"enemies":"Gremlin Nob","floor":8,"turns":4},{"damage":0,"enemies":"Small Slimes","floor":10,"turns":3},{"damage":18,"enemies":"Lagavulin Event","floor":12,"turns":5},{"damage":11,"enemies":"3 Louse","floor":13,"turns":3},{"damage":0,"enemies":"Exordium Wildlife","floor":14,"turns":2},{"damage":75,"enemies":"Hexaghost","floor":16,"turns":13},{"damage":28,"enemies":"Shell Parasite","floor":18,"turns":8},{"damage":10,"enemies":"Spheric Guardian","floor":19,"turns":3},{"damage":32,"enemies":"Centurion and Healer","floor":22,"turns":4},{"damage":20,"enemies":"Gremlin Leader","floor":23,"turns":5},{"damage":44,"enemies":"3 Cultists","floor":24,"turns":5}],"event_choices":[{"event_name":"Match and Keep!","player_choice":"3 cards matched","floor":2,"damage_taken":0},{"event_name":"Golden Wing","player_choice":"Gained Gold","floor":4,"damage_taken":0},{"event_name":"Dead Adventurer","player_choice":"Searched \u00271\u0027 times","floor":12,"damage_taken":0},{"event_name":"The Mausoleum","player_choice":"Yes","floor":20,"damage_taken":0}],"boss_relics":[{"not_picked":["Runic Cube","Philosopher\u0027s Stone"],"picked":"Orrery"}],"potions_floor_spawned":[6,10,12,14,19],"seed_played":"-4742628668594510538","killed_by":"3 Cultists","is_trial":false}