{"gold_per_floor":[19,29,29,40,59,59,59,59,82,117,131,131,131,81,81,181,181,148,165,85,101,101],"floor_reached":22,"playtime":1067,"items_purged":[],"score":186,"play_id":"ebdce138-d2b6-4cb8-a94f-ec28d3a9e8b4","local_time":"20190402093126","is_ascension_mode":false,"campfire_choices":[{"data":"Madness","floor":6,"key":"SMITH"},{"floor":13,"key":"REST"},{"data":"Distraction","floor":15,"key":"SMITH"}],"neow_cost":"NO_GOLD","seed_source_timestamp":775097832016998,"circlet_count":0,"master_deck":["Defend_G","Defend_G","Defend_G","Defend_G","Strike_G","Strike_G","Strike_G","Strike_G","Survivor","Neutralize","Violence","Madness+1","Dagger Spray","Footwork","PiercingWail","Distraction+1","All Out Attack","Burst","Riddle With Holes+1","Noxious Fumes","Prepared+1"],"relics":["Ring of the Snake","Lantern","Juzu Bracelet","Black Star"],"potions_floor_usage":[5,10,16,16,18,19],"damage_taken":[{"damage":1,"enemies":"Cultist","floor":1,"turns":4},{"damage":3,"enemies":"2 Louse","floor":2,"turns":3},{"damage":0,"enemies":"Jaw Worm","floor":4,"turns":4},{"damage":4,"enemies":"Looter","floor":5,"turns":4},{"damage":48,"enemies":"Gremlin Nob","floor":10,"turns":5},{"damage":0,"enemies":"2 Fungi Beasts","floor":11,"turns":3},{"damage":30,"enemies":"Hexaghost","floor":16,"turns":11},{"damage":14,"enemies":"2 Thieves","floor":18,"turns":5},{"damage":5,"enemies":"Shell Parasite","floor":19,"turns":6},{"damage":34,"enemies":"3 Cultists","floor":21,"turns":6},{"damage":23,"enemies":"Sentry and Sphere","floor":22,"turns":5}],"seed_played":"-3472208733614393180","potions_obtained":[{"floor":2,"key":"LiquidBronze"},{"floor":4,"key":"PowerPotion"},{"floor":5,"key":"FearPotion"},{"floor":11,"key":"Fire Potion"},{"floor":16,"key":"PowerPotion"},{"floor":18,"key":"FearPotion"}],"is_trial":false,"path_per_floor":["M","M","?","M","M","R","$","?","T","E","M","?","R","?","R","B",null,"M","M","$","M","M"],"character_chosen":"THE_SILENT","items_purchased":["Noxious Fumes"],"campfire_rested":1,"item_purchase_floors":[20],"current_hp_per_floor":[69,66,70,70,66,66,66,66,66,18,18,41,62,62,62,32,70,56,51,51,17,0],"gold":101,"neow_bonus":"RANDOM_COLORLESS_2","is_prod":false,"is_daily":false,"chose_seed":false,"campfire_upgraded":2,"win_rate":0,"timestamp":1554208286,"path_taken":["M","M","?","M","M","R","?","?","T","E","M","?","R","?","R","BOSS","M","M","$","M","M"],"build_version":"2019-01-23","purchased_purges":0,"victory":false,"max_hp_per_floor":[70,70,70,70,70,70,70,70,70,70,70,70,70,70,70,70,70,70,70,70,70,70],"card_choices":[{"not_picked":["Crippling Poison","Catalyst"],"picked":"Dagger Spray","floor":1},{"not_picked":["Flying Knee","Blur"],"picked":"Footwork","floor":2},{"not_picked":["Bane","Calculated Gamble"],"picked":"PiercingWail","floor":4},{"not_picked":["Quick Slash","Dodge and Roll"],"picked":"Distraction","floor":5},{"not_picked":["Grand Finale","Venomology"],"picked":"All Out Attack","floor":10},{"not_picked":["Poisoned Stab","Deadly Poison","Bane"],"picked":"SKIP","floor":11},{"not_picked":["A Thousand Cuts","Corpse Explosion"],"picked":"Burst","floor":16},{"not_picked":["Dodge and Roll","Flechettes"],"picked":"Riddle With Holes+1","floor":18},{"not_picked":["Backflip","Acrobatics","Bane"],"picked":"SKIP","floor":19},{"not_picked":["Cloak And Dagger","Backflip+1"],"picked":"Prepared+1","floor":21}],"player_experience":576580,"relics_obtained":[{"floor":9,"key":"Lantern"},{"floor":10,"key":"Juzu Bracelet"}],"event_choices":[{"damage_healed":4,"gold_gain":0,"player_choice":"Full Heal","damage_taken":0,"max_hp_gain":0,"max_hp_loss":0,"event_name":"Wheel of Change","floor":3,"gold_loss":0},{"cards_removed":["Strike_G"],"damage_healed":0,"gold_gain":0,"player_choice":"Offered Basic","damage_taken":0,"max_hp_gain":0,"max_hp_loss":0,"event_name":"Bonfire Elementals","floor":8,"gold_loss":0},{"damage_healed":23,"gold_gain":0,"player_choice":"Banana","damage_taken":0,"max_hp_gain":0,"max_hp_loss":0,"event_name":"Big Fish","floor":12,"gold_loss":0},{"cards_removed":["Defend_G"],"damage_healed":0,"gold_gain":0,"player_choice":"Card Removal","damage_taken":0,"max_hp_gain":0,"max_hp_loss":0,"event_name":"The Cleric","floor":14,"gold_loss":50}],"is_beta":false,"boss_relics":[{"not_picked":["Fusion Hammer","Philosopher\u0027s Stone"],"picked":"Black Star"}],"items_purged_floors":[],"is_endless":false,"potions_floor_spawned":[2,4,5,11,16,18],"killed_by":"Sentry and Sphere","ascension_level":0}