{"gold_per_floor":[113,123,141,12,32,62,62,94,94,14,27,27,54,54,54,131,131,148,148],"floor_reached":19,"playtime":1280,"items_purged":["Strike_R","Strike_R"],"score":374,"play_id":"29d8d94d-18a8-431f-b18e-13f9e502938c","local_time":"20190124163813","is_ascension_mode":true,"campfire_choices":[{"data":"Carnage","floor":7,"key":"SMITH"},{"data":"Clothesline","floor":12,"key":"SMITH"},{"data":"Disarm","floor":15,"key":"SMITH"}],"neow_cost":"NONE","seed_source_timestamp":12015702422830,"circlet_count":0,"master_deck":["AscendersBane","Strike_R","Defend_R+1","Defend_R","Defend_R","Defend_R","Bash+1","Iron Wave","Clothesline+1","Carnage+1","Spot Weakness+1","Sword Boomerang","Armaments","Disarm+1","Limit Break"],"relics":["Burning Blood","Gremlin Horn","Meat on the Bone","The Courier","Shuriken","Empty Cage"],"potions_floor_usage":[6,6,11,19],"damage_taken":[{"damage":1,"enemies":"Cultist","floor":1,"turns":3},{"damage":5,"enemies":"2 Louse","floor":2,"turns":4},{"damage":7,"enemies":"Jaw Worm","floor":3,"turns":6},{"damage":2,"enemies":"2 Fungi Beasts","floor":5,"turns":4},{"damage":20,"enemies":"3 Sentries","floor":6,"turns":6},{"damage":46,"enemies":"Lagavulin","floor":8,"turns":7},{"damage":1,"enemies":"3 Louse","floor":11,"turns":3},{"damage":3,"enemies":"Gremlin Nob","floor":13,"turns":3},{"damage":2,"enemies":"The Guardian","floor":16,"turns":14},{"damage":17,"enemies":"Shell Parasite","floor":18,"turns":6},{"damage":20,"enemies":"Colosseum Slavers","floor":19,"turns":6},{"damage":55,"enemies":"Colosseum Nobs","floor":19,"turns":5}],"seed_played":"7196187231274335688","potions_obtained":[{"floor":2,"key":"SteroidPotion"},{"floor":8,"key":"Energy Potion"},{"floor":16,"key":"AttackPotion"}],"is_trial":false,"path_per_floor":["M","M","M","$","M","E","R","E","T","$","M","R","E","?","R","B",null,"M","?"],"character_chosen":"IRONCLAD","items_purchased":["AttackPotion"],"campfire_rested":0,"item_purchase_floors":[4],"current_hp_per_floor":[73,74,73,73,75,61,61,21,21,21,38,38,53,30,30,46,68,57,0],"gold":148,"neow_bonus":"UPGRADE_CARD","is_prod":false,"is_daily":false,"chose_seed":false,"campfire_upgraded":3,"win_rate":0,"timestamp":1548344293,"path_taken":["M","M","M","?","M","E","R","E","T","$","M","R","E","?","R","BOSS","M","?"],"build_version":"2019-01-23","purchased_purges":2,"victory":false,"max_hp_per_floor":[75,75,75,75,75,75,75,75,75,75,75,75,75,75,75,75,75,75,75],"card_choices":[{"not_picked":["Warcry","Perfected Strike"],"picked":"Iron Wave","floor":1},{"not_picked":["Rage","Power Through"],"picked":"Clothesline","floor":2},{"not_picked":["Clash","Evolve"],"picked":"Carnage","floor":3},{"not_picked":["Twin Strike","Whirlwind"],"picked":"Spot Weakness","floor":5},{"not_picked":["Warcry","Searing Blow"],"picked":"Sword Boomerang","floor":6},{"not_picked":["Perfected Strike","Reckless Charge","Cleave"],"picked":"SKIP","floor":8},{"not_picked":["Body Slam","Headbutt"],"picked":"Armaments","floor":11},{"not_picked":["Spot Weakness","Fire Breathing"],"picked":"Disarm","floor":13},{"not_picked":["Berserk","Juggernaut"],"picked":"Limit Break","floor":16},{"not_picked":["Seeing Red","Twin Strike","Headbutt"],"picked":"SKIP","floor":18}],"player_experience":764025,"relics_obtained":[{"floor":6,"key":"Gremlin Horn"},{"floor":8,"key":"Meat on the Bone"},{"floor":9,"key":"The Courier"},{"floor":13,"key":"Shuriken"}],"event_choices":[{"damage_healed":0,"gold_gain":0,"player_choice":"Entered Light","damage_taken":23,"max_hp_gain":0,"max_hp_loss":0,"event_name":"Shining Light","floor":14,"gold_loss":0,"cards_upgraded":["Defend_R","Spot Weakness"]},{"damage_healed":0,"gold_gain":0,"player_choice":"Fight","damage_taken":0,"max_hp_gain":0,"max_hp_loss":0,"event_name":"Colosseum","floor":19,"gold_loss":0},{"damage_healed":0,"gold_gain":0,"player_choice":"Fought Nobs","damage_taken":0,"max_hp_gain":0,"max_hp_loss":0,"event_name":"Colosseum","floor":19,"gold_loss":0}],"is_beta":false,"boss_relics":[{"not_picked":["Astrolabe","Black Blood"],"picked":"Empty Cage"}],"items_purged_floors":[4,10],"is_endless":false,"potions_floor_spawned":[2,5,8,16,19],"killed_by":"Colosseum Nobs","ascension_level":20}