{"gold_per_floor":[117,292,242,261,261,300,300,340,340,340,265,265,265],"floor_reached":13,"playtime":658,"items_purged":["Strike_G"],"score":142,"play_id":"f44da128-9f47-4cfd-aa9b-df71d9e88c30","local_time":"20190615143320","is_ascension_mode":true,"campfire_choices":[{"data":"Unload","floor":7,"key":"SMITH"},{"data":"Leg Sweep","floor":10,"key":"SMITH"}],"neow_cost":"PERCENT_DAMAGE","seed_source_timestamp":83375688370424,"circlet_count":0,"master_deck":["AscendersBane","Strike_G","Strike_G","Strike_G","Defend_G","Defend_G","Defend_G","Defend_G","Survivor","Neutralize","Unload+1","Well Laid Plans","Poisoned Stab","Leg Sweep+1","Outmaneuver","Tactician"],"special_seed":0,"relics":["Ring of the Snake","Golden Idol","Meat on the Bone","Snake Skull","Mango","Art of War"],"potions_floor_usage":[],"damage_taken":[{"damage":0.0,"enemies":"Small Slimes","floor":1.0,"turns":3.0},{"damage":0,"enemies":"2 Louse","floor":4,"turns":2},{"damage":15,"enemies":"3 Sentries","floor":6,"turns":12},{"damage":28,"enemies":"Lagavulin","floor":8,"turns":8},{"damage":4,"enemies":"Jaw Worm","floor":13,"turns":1}],"seed_played":"358863928192204973","potions_obtained":[],"is_trial":false,"path_per_floor":["M","?","?","M","?","E","R","E","T","R","$","?","M"],"character_chosen":"THE_SILENT","items_purchased":[],"campfire_rested":0,"item_purchase_floors":[],"current_hp_per_floor":[45,45,45,45,45,30,30,14,28,28,28,3,0],"gold":265,"neow_bonus":"TRANSFORM_TWO_CARDS","is_prod":false,"is_daily":false,"chose_seed":false,"campfire_upgraded":2,"win_rate":0,"timestamp":1560598400,"path_taken":["M","?","?","M","?","E","R","E","T","R","$","?","M"],"build_version":"2019-06-13","purchased_purges":1,"victory":false,"max_hp_per_floor":[70,70,70,70,65,65,65,65,79,79,79,79,79],"card_choices":[{"not_picked":["Deadly Poison","PiercingWail"],"picked":"Poisoned Stab","floor":1},{"not_picked":["Dagger Spray","Bouncing Flask"],"picked":"Leg Sweep","floor":4},{"not_picked":["Noxious Fumes","Setup"],"picked":"Outmaneuver","floor":6},{"not_picked":["Night Terror","Underhanded Strike"],"picked":"Tactician","floor":8}],"player_experience":809053,"relics_obtained":[{"floor":6,"key":"Meat on the Bone"},{"floor":8,"key":"Snake Skull"},{"floor":9,"key":"Mango"}],"event_choices":[{"damage_healed":0,"gold_gain":175,"player_choice":"AGREE","damage_taken":0,"max_hp_gain":0,"max_hp_loss":0,"event_name":"Liars Game","floor":2,"gold_loss":0,"cards_obtained":["Doubt"]},{"cards_removed":["Doubt"],"damage_healed":0,"gold_gain":0,"player_choice":"Card Removal","damage_taken":0,"max_hp_gain":0,"max_hp_loss":0,"event_name":"The Cleric","floor":3,"gold_loss":50},{"damage_healed":0,"gold_gain":0,"player_choice":"Lose Max HP","damage_taken":0,"relics_obtained":["Golden Idol"],"max_hp_gain":0,"max_hp_loss":5,"event_name":"Golden Idol","floor":5,"gold_loss":0},{"damage_healed":0,"gold_gain":0,"player_choice":"Success","damage_taken":25,"relics_obtained":["Art of War"],"max_hp_gain":0,"max_hp_loss":0,"event_name":"Scrap Ooze","floor":12,"gold_loss":0}],"is_beta":true,"boss_relics":[],"items_purged_floors":[11],"is_endless":false,"potions_floor_spawned":[],"killed_by":"Jaw Worm","ascension_level":12}