{"gold_per_floor":[15,25,40,40,57,86,104,134,184,184,4,4,37,57,57,154,154,168,182,192,192,192,192],"floor_reached":23,"playtime":1033,"items_purged":[],"score":309,"play_id":"c3dd33e9-7348-4261-9c96-acf348a58aff","local_time":"20190603112250","is_ascension_mode":true,"campfire_choices":[{"data":"Dualcast","floor":10,"key":"SMITH"},{"data":"Apotheosis","floor":15,"key":"SMITH"}],"neow_cost":"NO_GOLD","seed_source_timestamp":1395310402544515,"circlet_count":0,"master_deck":["Strike_B","Strike_B","Strike_B+1","Defend_B","Defend_B","Defend_B","Defend_B","Zap+1","Dualcast+1","Ball Lightning","Ball Lightning","FTL","Ball Lightning","Apotheosis+1","Machine Learning","Glacier","Hologram","Steam+1"],"relics":["Cracked Core","Gambling Chip","Omamori","Calipers","Dream Catcher","Cables","Inserter","MutagenicStrength"],"potions_floor_usage":[6,6,8,16,20,22],"damage_taken":[{"damage":3,"enemies":"2 Louse","floor":1,"turns":3},{"damage":0,"enemies":"Cultist","floor":2,"turns":2},{"damage":2,"enemies":"Jaw Worm","floor":3,"turns":3},{"damage":3,"enemies":"3 Louse","floor":5,"turns":2},{"damage":10,"enemies":"3 Sentries","floor":6,"turns":5},{"damage":0,"enemies":"Large Slime","floor":7,"turns":3},{"damage":0,"enemies":"Gremlin Nob","floor":8,"turns":2},{"damage":8,"enemies":"3 Sentries","floor":13,"turns":6},{"damage":1,"enemies":"Looter","floor":14,"turns":2},{"damage":10,"enemies":"Hexaghost","floor":16,"turns":6},{"damage":36,"enemies":"2 Thieves","floor":18,"turns":3},{"damage":0,"enemies":"Spheric Guardian","floor":19,"turns":4},{"damage":8,"enemies":"Snake Plant","floor":20,"turns":3},{"damage":8,"enemies":"Colosseum Slavers","floor":22,"turns":5},{"damage":13,"enemies":"Slavers","floor":23,"turns":1}],"seed_played":"696791849593376953","potions_obtained":[{"floor":1,"key":"Swift Potion"},{"floor":2,"key":"Fire Potion"},{"floor":6,"key":"PowerPotion"},{"floor":7,"key":"FocusPotion"},{"floor":13,"key":"PowerPotion"},{"floor":19,"key":"Regen Potion"},{"floor":20,"key":"EssenceOfSteel"}],"is_trial":false,"path_per_floor":["M","M","M","?","M","E","M","E","T","R","$","?","E","M","R","B",null,"M","M","M","?","?","E"],"character_chosen":"DEFECT","items_purchased":["Apotheosis"],"campfire_rested":0,"item_purchase_floors":[11],"current_hp_per_floor":[65,65,63,48,45,35,35,35,35,35,35,35,27,26,26,16,60,24,24,16,16,8,0],"gold":192,"neow_bonus":"ONE_RARE_RELIC","is_prod":false,"is_daily":false,"chose_seed":false,"campfire_upgraded":2,"win_rate":0,"timestamp":1559571770,"path_taken":["M","M","M","?","M","E","M","E","T","R","$","?","E","M","R","BOSS","M","?","M","?","?","E"],"build_version":"2019-01-23","purchased_purges":0,"victory":false,"max_hp_per_floor":[75,75,75,75,75,75,75,75,75,75,75,75,75,75,75,75,75,75,75,75,75,75,75],"card_choices":[{"not_picked":["Lockon","Rebound"],"picked":"Ball Lightning","floor":1},{"not_picked":["Consume","Reinforced Body"],"picked":"Ball Lightning","floor":2},{"not_picked":["Stack","Heatsinks","Beam Cell"],"picked":"SKIP","floor":3},{"not_picked":["Gash","Stack"],"picked":"FTL","floor":5},{"not_picked":["Recycle","Hologram"],"picked":"Ball Lightning","floor":6},{"not_picked":["Storm","Rebound","Sweeping Beam"],"picked":"SKIP","floor":7},{"not_picked":["All For One","Aggregate","Redo"],"picked":"SKIP","floor":8},{"not_picked":["Rebound","Ball Lightning","Tempest"],"picked":"SKIP","floor":13},{"not_picked":["Rip and Tear","Stack","Heatsinks"],"picked":"SKIP","floor":14},{"not_picked":["Seek","Fission"],"picked":"Machine Learning","floor":16},{"not_picked":["Hologram","Steam Power"],"picked":"Glacier","floor":18},{"not_picked":["Sweeping Beam+1","Lockon"],"picked":"Hologram","floor":19},{"not_picked":["Redo","Recycle"],"picked":"Steam+1","floor":20}],"player_experience":885563,"relics_obtained":[{"floor":6,"key":"Omamori"},{"floor":8,"key":"Calipers"},{"floor":9,"key":"Dream Catcher"},{"floor":13,"key":"Cables"}],"event_choices":[{"damage_healed":0,"gold_gain":0,"player_choice":"Entered Light","damage_taken":15,"max_hp_gain":0,"max_hp_loss":0,"event_name":"Shining Light","floor":4,"gold_loss":0,"cards_upgraded":["Strike_B","Zap"]},{"cards_removed":["Strike_B"],"damage_healed":0,"gold_gain":0,"player_choice":"Offered Basic","damage_taken":0,"max_hp_gain":0,"max_hp_loss":0,"event_name":"Bonfire Elementals","floor":12,"gold_loss":0},{"damage_healed":0,"gold_gain":0,"player_choice":"Inject Mutagens","damage_taken":0,"relics_obtained":["MutagenicStrength"],"max_hp_gain":0,"max_hp_loss":0,"event_name":"Drug Dealer","floor":21,"gold_loss":0},{"damage_healed":0,"gold_gain":0,"player_choice":"Fight","damage_taken":0,"max_hp_gain":0,"max_hp_loss":0,"event_name":"Colosseum","floor":22,"gold_loss":0},{"damage_healed":0,"gold_gain":0,"player_choice":"Fled From Nobs","damage_taken":0,"max_hp_gain":0,"max_hp_loss":0,"event_name":"Colosseum","floor":22,"gold_loss":0}],"is_beta":false,"boss_relics":[{"not_picked":["Orrery","Astrolabe"],"picked":"Inserter"}],"items_purged_floors":[],"is_endless":false,"potions_floor_spawned":[1,2,6,7,13,19,20],"killed_by":"Slavers","ascension_level":6}