{"gold_per_floor":[119,419,341,353,353,353,384,384,384,410,0,10,43,60,60,134,134,148,19,36,36,47,47,77,77,126,160,160,160,140,140],"floor_reached":31,"playtime":1826,"items_purged":["Strike_G"],"score":628,"play_id":"26eaca02-8dd2-43eb-b0ab-9ab0c611cc25","local_time":"20181222140529","is_ascension_mode":true,"campfire_choices":[{"data":"Deadly Poison","floor":6.0,"key":"SMITH"},{"floor":8.0,"key":"REST"},{"data":"Noxious Fumes","floor":15.0,"key":"SMITH"},{"floor":23,"key":"REST"},{"data":"Acrobatics","floor":25,"key":"SMITH"},{"floor":29,"key":"REST"}],"neow_cost":"NONE","seed_source_timestamp":7449104968291,"circlet_count":0,"master_deck":["AscendersBane","Defend_G","Defend_G","Defend_G","Defend_G","Defend_G","Strike_G+1","Strike_G","Strike_G","Strike_G+1","Survivor","Neutralize+1","Flying Knee","Deadly Poison+1","Dagger Throw","Infinite Blades+1","Adrenaline","Noxious Fumes+1","Distraction","PiercingWail","Corpse Explosion","Acrobatics+1","Acrobatics","Calculated Gamble","Distraction"],"special_seed":0,"relics":["Ring of the Snake","Old Coin","Calipers","Strawberry","Dead Branch","Oddly Smooth Stone","Medical Kit","Mercury Hourglass","HoveringKite","Pen Nib","Lantern","Blue Candle"],"potions_floor_usage":[27,31],"damage_taken":[{"damage":10.0,"enemies":"Small Slimes","floor":1.0,"turns":5.0},{"damage":0.0,"enemies":"Cultist","floor":4.0,"turns":3.0},{"damage":21.0,"enemies":"Lagavulin","floor":7.0,"turns":6.0},{"damage":8.0,"enemies":"Gremlin Nob","floor":10.0,"turns":3.0},{"damage":0.0,"enemies":"Jaw Worm","floor":12.0,"turns":3.0},{"damage":18.0,"enemies":"Lagavulin","floor":13.0,"turns":5.0},{"damage":0.0,"enemies":"Lots of Slimes","floor":14.0,"turns":3.0},{"damage":12.0,"enemies":"Hexaghost","floor":16.0,"turns":7.0},{"damage":10.0,"enemies":"Shell Parasite","floor":18.0,"turns":5.0},{"damage":10,"enemies":"2 Thieves","floor":20,"turns":3},{"damage":4,"enemies":"Snake Plant","floor":22,"turns":5},{"damage":0,"enemies":"Gremlin Leader","floor":24,"turns":6},{"damage":24,"enemies":"Slavers","floor":27,"turns":4},{"damage":38,"enemies":"Book of Stabbing","floor":31,"turns":5}],"seed_played":"-5500638474299022021","potions_obtained":[{"floor":1.0,"key":"Regen Potion"},{"floor":12.0,"key":"Regen Potion"},{"floor":20,"key":"EntropicBrew"},{"floor":27,"key":"Strength Potion"},{"floor":30,"key":"SkillPotion"}],"is_trial":false,"path_per_floor":["M","?","?","M","?","R","E","R","T","E","$","M","E","M","R","B",null,"M","$","M","?","M","R","E","R","T","E","?","R","?","E"],"character_chosen":"THE_SILENT","items_purchased":["Medical Kit","Adrenaline","Noxious Fumes","Acrobatics"],"campfire_rested":3,"item_purchase_floors":[11,11,11,19],"current_hp_per_floor":[49,38,38,38,18,18,19,40,40,32,32,32,29,29,29,17,59,49,49,39,39,35,56,56,56,56,32,11,34,34,0],"gold":140,"neow_bonus":"UPGRADE_CARD","is_prod":false,"is_daily":false,"chose_seed":false,"campfire_upgraded":3,"win_rate":0,"timestamp":1545483929,"path_taken":["M","?","?","?","?","R","E","R","T","E","$","M","E","M","R","BOSS","M","$","M","?","?","R","E","R","T","E","?","R","?","E"],"build_version":"2018-12-20","purchased_purges":1,"victory":false,"max_hp_per_floor":[66,66,66,66,66,66,73,73,73,73,73,73,73,73,73,73,73,73,73,73,73,73,73,73,73,73,73,78,78,78,78],"card_choices":[{"not_picked":["Catalyst","Blade Dance"],"picked":"Flying Knee","floor":1.0},{"not_picked":["Cloak And Dagger","PiercingWail"],"picked":"Deadly Poison","floor":4.0},{"not_picked":["Quick Slash","Blade Dance"],"picked":"Dagger Throw","floor":7.0},{"not_picked":["Dagger Spray","Dagger Throw"],"picked":"Infinite Blades","floor":10.0},{"not_picked":["Predator","Dagger Spray"],"picked":"Distraction","floor":12.0},{"not_picked":["Poisoned Stab","Flying Knee","Blade Dance"],"picked":"SKIP","floor":13.0},{"not_picked":["Riddle With Holes","Bane"],"picked":"PiercingWail","floor":14.0},{"not_picked":["Envenom","Glass Knife"],"picked":"Corpse Explosion","floor":16.0},{"not_picked":["Dagger Spray","Dagger Throw","Deadly Poison"],"picked":"SKIP","floor":18.0},{"not_picked":["Dagger Spray","Dagger Throw","Deadly Poison"],"picked":"SKIP","floor":18.0},{"not_picked":["Outmaneuver","Eviscerate"],"picked":"Acrobatics","floor":20},{"not_picked":["Accuracy","Heel Hook"],"picked":"Calculated Gamble","floor":22},{"not_picked":["Tools of the Trade","Heel Hook"],"picked":"Distraction","floor":24},{"not_picked":["Outmaneuver","Heel Hook","Slice"],"picked":"SKIP","floor":27}],"player_experience":674091,"relics_obtained":[{"floor":7.0,"key":"Strawberry"},{"floor":9.0,"key":"Dead Branch"},{"floor":10.0,"key":"Oddly Smooth Stone"},{"floor":13.0,"key":"Mercury Hourglass"},{"floor":24,"key":"Pen Nib"},{"floor":26,"key":"Lantern"},{"floor":27,"key":"Blue Candle"}],"event_choices":[{"damage_healed":0.0,"max_hp_gain":0.0,"max_hp_loss":0.0,"gold_gain":0.0,"event_name":"Scrap Ooze","player_choice":"Success","floor":2.0,"gold_loss":0.0,"damage_taken":11.0,"relics_obtained":["Old Coin"]},{"damage_healed":0.0,"max_hp_gain":0.0,"max_hp_loss":0.0,"gold_gain":0.0,"event_name":"WeMeetAgain","player_choice":"Paid Gold","floor":3.0,"gold_loss":78.0,"damage_taken":0.0,"relics_obtained":["Calipers"]},{"damage_healed":0.0,"max_hp_gain":0.0,"max_hp_loss":0.0,"gold_gain":0.0,"event_name":"Shining Light","player_choice":"Entered Light","floor":5.0,"gold_loss":0.0,"damage_taken":20.0,"cards_upgraded":["Strike_G","Strike_G"]},{"damage_healed":0,"gold_gain":0,"player_choice":"Upgraded","damage_taken":0,"max_hp_gain":0,"max_hp_loss":0,"event_name":"Upgrade Shrine","floor":21,"gold_loss":0,"cards_upgraded":["Infinite Blades"]},{"damage_healed":0,"gold_gain":0,"player_choice":"Shed Blood","damage_taken":26,"max_hp_gain":5,"max_hp_loss":0,"event_name":"Forgotten Altar","floor":28,"gold_loss":0},{"damage_healed":0,"gold_gain":0,"player_choice":"Bought 1 Potion","damage_taken":0,"max_hp_gain":0,"max_hp_loss":0,"event_name":"The Woman in Blue","floor":30,"gold_loss":0}],"is_beta":false,"boss_relics":[{"not_picked":["Busted Crown","Snecko Eye"],"picked":"HoveringKite"}],"items_purged_floors":[19],"is_endless":false,"potions_floor_spawned":[1,12,20,27],"killed_by":"Book of Stabbing","ascension_level":20}