{"gold_per_floor":[115,32,48,63,9,35,35,50,119,119,132,142,172,97,97,173,173,186,197,197],"floor_reached":20,"playtime":1532,"items_purged":[],"score":522,"play_id":"9e307363-be02-4fca-b552-7abaed7aa085","local_time":"20190412001430","is_ascension_mode":true,"campfire_choices":[{"data":"Noxious Fumes","floor":7,"key":"SMITH"},{"floor":10,"key":"REST"},{"data":"Footwork","floor":15,"key":"SMITH"}],"neow_cost":"NONE","seed_source_timestamp":37887922120800,"circlet_count":0,"master_deck":["AscendersBane","Defend_G","Defend_G","Defend_G","Defend_G","Defend_G","Strike_G","Strike_G","Strike_G","Strike_G","Survivor","Neutralize","Dagger Spray","Footwork+1","Noxious Fumes+1","Poisoned Stab","PiercingWail","Dodge and Roll","Well Laid Plans","Calculated Gamble","Adrenaline","Acrobatics"],"relics":["Ring of the Snake","Pocketwatch","Question Card","Happy Flower","Coffee Dripper"],"potions_floor_usage":[6,20],"damage_taken":[{"damage":1,"enemies":"Cultist","floor":1,"turns":4},{"damage":0,"enemies":"2 Louse","floor":3,"turns":4},{"damage":5,"enemies":"Jaw Worm","floor":4,"turns":6},{"damage":32,"enemies":"Gremlin Nob","floor":6,"turns":4},{"damage":0,"enemies":"Looter","floor":8,"turns":4},{"damage":5,"enemies":"3 Louse","floor":11,"turns":3},{"damage":6,"enemies":"Lots of Slimes","floor":12,"turns":4},{"damage":0,"enemies":"Lagavulin","floor":13,"turns":9},{"damage":0,"enemies":"Hexaghost","floor":16,"turns":11},{"damage":23,"enemies":"3 Byrds","floor":18,"turns":6},{"damage":16,"enemies":"Chosen","floor":19,"turns":8},{"damage":32,"enemies":"Masked Bandits","floor":20,"turns":3}],"seed_played":"5762324711816971928","potions_obtained":[{"floor":1,"key":"Energy Potion"},{"floor":6,"key":"SpeedPotion"},{"floor":8,"key":"SteroidPotion"},{"floor":18,"key":"Poison Potion"}],"is_trial":false,"path_per_floor":["M","$","M","M","$","E","R","M","T","R","M","M","E","?","R","B",null,"M","M","?"],"character_chosen":"THE_SILENT","items_purchased":["Footwork","Fire Potion"],"campfire_rested":1,"item_purchase_floors":[2,5],"current_hp_per_floor":[64,64,64,59,59,27,27,27,27,48,43,37,37,37,37,37,63,40,24,0],"gold":197,"neow_bonus":"TEN_PERCENT_HP_BONUS","is_prod":false,"is_daily":false,"chose_seed":false,"campfire_upgraded":2,"win_rate":0,"timestamp":1555020870,"path_taken":["M","?","M","M","$","E","R","M","T","R","M","M","E","?","R","BOSS","M","M","?"],"build_version":"2019-01-23","purchased_purges":0,"victory":false,"max_hp_per_floor":[72,72,72,72,72,72,72,72,72,72,72,72,72,72,72,72,72,72,72,72],"card_choices":[{"not_picked":["Deflect","Riddle With Holes"],"picked":"Dagger Spray","floor":1},{"not_picked":["Eviscerate","Sucker Punch"],"picked":"Noxious Fumes","floor":3},{"not_picked":["Terror","Acrobatics"],"picked":"Poisoned Stab","floor":4},{"not_picked":["Flying Knee","Burst"],"picked":"PiercingWail","floor":6},{"not_picked":["Heel Hook","Riddle With Holes"],"picked":"Dodge and Roll","floor":8},{"not_picked":["Bane","Underhanded Strike","Deadly Poison"],"picked":"Well Laid Plans","floor":11},{"not_picked":["Backstab","Sucker Punch","Cloak And Dagger","Outmaneuver"],"picked":"SKIP","floor":12},{"not_picked":["Infinite Blades","Choke","Bouncing Flask"],"picked":"Calculated Gamble","floor":13},{"not_picked":["Venomology","Burst","Night Terror"],"picked":"Adrenaline","floor":16},{"not_picked":["Slice","Well Laid Plans","Masterful Stab"],"picked":"Acrobatics","floor":18},{"not_picked":["Endless Agony+1","Deadly Poison","Outmaneuver","Quick Slash"],"picked":"SKIP","floor":19}],"player_experience":1109352,"relics_obtained":[{"floor":6,"key":"Pocketwatch"},{"floor":9,"key":"Question Card"},{"floor":13,"key":"Happy Flower"}],"event_choices":[{"cards_removed":["Strike_G"],"damage_healed":0,"gold_gain":0,"player_choice":"Card Removal","damage_taken":0,"max_hp_gain":0,"max_hp_loss":0,"event_name":"The Cleric","floor":14,"gold_loss":75},{"damage_healed":0,"gold_gain":0,"player_choice":"Fought Bandits","damage_taken":0,"max_hp_gain":0,"max_hp_loss":0,"event_name":"Masked Bandits","floor":20,"gold_loss":0}],"is_beta":false,"boss_relics":[{"not_picked":["WristBlade","Orrery"],"picked":"Coffee Dripper"}],"items_purged_floors":[],"is_endless":false,"potions_floor_spawned":[1,6,8,18],"killed_by":"Masked Bandits","ascension_level":20}