{"gold_per_floor":[116,126,106,6,19,19,45,45,45,45,77,89,14,33,33,111,111,129,129,129,129,142,142,175,175,175,175,8,8,20,20,20,99,99,119,132,132,51,68,68],"floor_reached":40,"playtime":2692,"items_purged":["Strike_R"],"score":783,"play_id":"b9a6f415-37b0-45a3-8368-af0040169509","local_time":"20190614193823","is_ascension_mode":true,"campfire_choices":[{"data":"Armaments","floor":6,"key":"SMITH"},{"data":"Spot Weakness","floor":8,"key":"SMITH"},{"data":"Shrug It Off","floor":10,"key":"SMITH"},{"data":"Bash","floor":15,"key":"SMITH"},{"data":"Body Slam","floor":23,"key":"SMITH"},{"floor":25,"key":"REST"},{"floor":27,"key":"REST"},{"floor":29,"key":"REST"},{"floor":32,"key":"REST"}],"neow_cost":"NONE","seed_source_timestamp":2373777337600785,"circlet_count":0,"master_deck":["AscendersBane","Armaments+1","Pummel","Shrug It Off+1","Pummel","Spot Weakness+1","Demon Form+1","Immolate","Shrug It Off","Feel No Pain+1","Blood for Blood","Body Slam+1","Brutality+1","Seeing Red","Anger","Uppercut","Evolve+1","Reaper","Warcry+1","Intimidate+1","Dark Shackles","Limit Break"],"relics":["Burning Blood","Shuriken","Frozen Egg 2","Blue Candle","Pandora\u0027s Box","Bag of Marbles","Pantograph","Dodecahedron","Strawberry","Empty Cage"],"potions_floor_usage":[7,7,7,11,11,18,33,36],"damage_taken":[{"damage":10,"enemies":"Small Slimes","floor":1,"turns":4},{"damage":1,"enemies":"Cultist","floor":2,"turns":4},{"damage":2,"enemies":"2 Louse","floor":5,"turns":4},{"damage":12,"enemies":"3 Sentries","floor":7,"turns":6},{"damage":24,"enemies":"Gremlin Nob","floor":11,"turns":4},{"damage":0,"enemies":"Looter","floor":12,"turns":2},{"damage":0,"enemies":"Gremlin Gang","floor":14,"turns":5},{"damage":41,"enemies":"Hexaghost","floor":16,"turns":9},{"damage":12,"enemies":"2 Thieves","floor":18,"turns":2},{"damage":15,"enemies":"Shell Parasite","floor":22,"turns":3},{"damage":48,"enemies":"Gremlin Leader","floor":24,"turns":5},{"damage":14,"enemies":"Chosen and Byrds","floor":30,"turns":4},{"damage":53,"enemies":"Automaton","floor":33,"turns":9},{"damage":38,"enemies":"Orb Walker","floor":35,"turns":4},{"damage":25,"enemies":"3 Shapes","floor":36,"turns":4},{"damage":37,"enemies":"3 Darklings","floor":39,"turns":7},{"damage":40,"enemies":"Reptomancer","floor":40,"turns":2}],"seed_played":"7740955695020919093","potions_obtained":[{"floor":2,"key":"EntropicBrew"},{"floor":3,"key":"GamblersBrew"},{"floor":5,"key":"LiquidBronze"},{"floor":7,"key":"AttackPotion"},{"floor":14,"key":"Fire Potion"},{"floor":18,"key":"SpeedPotion"},{"floor":24,"key":"Poison Potion"},{"floor":30,"key":"SkillPotion"},{"floor":33,"key":"SpeedPotion"},{"floor":35,"key":"Energy Potion"}],"is_trial":false,"path_per_floor":["M","M","?","$","M","R","E","R","T","R","E","M","$","M","R","B",null,"M","?","?","$","M","R","E","R","T","R","$","R","M","?","R","B",null,"M","M","?","$","M","E"],"character_chosen":"IRONCLAD","items_purchased":["Pummel","Shrug It Off","Strawberry","Limit Break"],"campfire_rested":4,"item_purchase_floors":[4,4,28,38],"current_hp_per_floor":[64,69,69,69,73,73,67,67,67,67,58,64,64,70,70,35,65,59,59,59,59,50,50,8,30,30,52,59,82,74,74,82,35,70,47,44,44,44,13,0],"gold":68,"neow_bonus":"REMOVE_CARD","is_prod":false,"is_daily":false,"chose_seed":false,"campfire_upgraded":5,"win_rate":0,"timestamp":1560551903,"path_taken":["M","M","?","$","M","R","E","R","T","R","E","?","$","M","R","BOSS","M","?","?","$","M","R","E","R","T","R","$","R","?","?","R","BOSS","M","M","?","$","M","E"],"build_version":"2019-01-23","purchased_purges":1,"victory":false,"max_hp_per_floor":[75,75,75,75,75,75,75,75,75,75,75,75,75,75,75,75,75,75,75,75,75,75,75,75,75,75,75,82,82,82,82,82,82,82,82,82,82,82,82,82],"card_choices":[{"not_picked":["Flex","Headbutt"],"picked":"Armaments","floor":1},{"not_picked":["Blood for Blood","Headbutt"],"picked":"Cleave","floor":2},{"not_picked":["Hemokinesis","Heavy Blade"],"picked":"Pummel","floor":5},{"not_picked":["Anger","Clothesline"],"picked":"Spot Weakness","floor":7},{"not_picked":["Perfected Strike","Body Slam","Havoc"],"picked":"SKIP","floor":11},{"not_picked":["Hemokinesis","Sentinel","Corruption+1"],"picked":"SKIP","floor":12},{"not_picked":["Warcry","Ghostly Armor"],"picked":"Demon Form+1","floor":14},{"not_picked":["Berserk+1","Brutality+1"],"picked":"Immolate","floor":16},{"not_picked":["Body Slam","Cleave","Twin Strike"],"picked":"SKIP","floor":18},{"not_picked":["Cleave","Entrench","Clash+1"],"picked":"SKIP","floor":22},{"not_picked":["Wild Strike","Pommel Strike"],"picked":"Anger","floor":24},{"not_picked":["Infernal Blade","Cleave"],"picked":"Uppercut","floor":30},{"not_picked":["Demon Form+1","Brutality+1"],"picked":"Reaper","floor":33},{"not_picked":["Clothesline","Battle Trance+1"],"picked":"Warcry+1","floor":35},{"not_picked":["Havoc","Pummel"],"picked":"Intimidate+1","floor":36},{"not_picked":["Blind","Mind Blast"],"picked":"Dark Shackles","floor":37},{"not_picked":["Whirlwind","Perfected Strike","Rampage+1"],"picked":"SKIP","floor":39}],"player_experience":1043499,"relics_obtained":[{"floor":7,"key":"Shuriken"},{"floor":9,"key":"Frozen Egg 2"},{"floor":11,"key":"Blue Candle"},{"floor":24,"key":"Pantograph"},{"floor":26,"key":"Dodecahedron"}],"event_choices":[{"damage_healed":0,"gold_gain":0,"player_choice":"Bought 1 Potion","damage_taken":0,"max_hp_gain":0,"max_hp_loss":0,"event_name":"The Woman in Blue","floor":3,"gold_loss":0},{"damage_healed":0,"gold_gain":0,"player_choice":"Ignored","damage_taken":0,"max_hp_gain":0,"max_hp_loss":0,"event_name":"Vampires","floor":19,"gold_loss":0},{"damage_healed":0,"gold_gain":0,"player_choice":"Gave Potion","damage_taken":0,"relics_obtained":["Bag of Marbles"],"max_hp_gain":0,"max_hp_loss":0,"event_name":"WeMeetAgain","floor":20,"gold_loss":0},{"damage_healed":0,"gold_gain":0,"cards_transformed":["Cleave"],"player_choice":"Transformed","damage_taken":0,"max_hp_gain":0,"max_hp_loss":0,"event_name":"Transmorgrifier","floor":31,"gold_loss":0,"cards_obtained":["Evolve"]},{"damage_healed":0,"gold_gain":0,"player_choice":"Memory 1","damage_taken":0,"max_hp_gain":0,"max_hp_loss":0,"event_name":"SensoryStone","floor":37,"gold_loss":0}],"is_beta":false,"boss_relics":[{"not_picked":["Fusion Hammer","Black Blood"],"picked":"Pandora\u0027s Box"},{"not_picked":["Runic Pyramid","Tiny House"],"picked":"Empty Cage"}],"items_purged_floors":[13],"is_endless":false,"potions_floor_spawned":[2,5,7,14,18,24,30,33,35],"killed_by":"Reptomancer","ascension_level":18}