{"gold_per_floor":[112,92,111,128,128,128,153,153,153,166,192,206,54,88,88,160,160,160,80,80,30,30,30,30,30,30,30,30,30,30,30,30,30,30,30,30,30,30,30,30,30,30,30,30,30,30,30,30,30,30,30,30,30,30,30,30],"floor_reached":57,"playtime":4042,"items_purged":["Strike_R"],"score":2784,"play_id":"d8359151-08b0-42cd-b0c9-3e92315789d9","local_time":"20190324221151","is_ascension_mode":true,"campfire_choices":[{"data":"Uppercut","floor":6,"key":"SMITH"},{"data":"Pommel Strike","floor":8,"key":"SMITH"},{"data":"Disarm","floor":15,"key":"SMITH"},{"data":"Inflame","floor":23,"key":"SMITH"},{"data":"Limit Break","floor":25,"key":"SMITH"},{"data":"Body Slam","floor":30,"key":"SMITH"},{"data":"Strike_R","floor":32,"key":"PURGE"},{"data":"Shockwave","floor":40,"key":"SMITH"},{"data":"Strike_R","floor":42,"key":"PURGE"},{"floor":46,"key":"RECALL"},{"data":"Strike_R","floor":49,"key":"PURGE"},{"data":"Strike_R","floor":53,"key":"PURGE"}],"neow_cost":"PERCENT_DAMAGE","seed_source_timestamp":31469118485782,"circlet_count":0,"master_deck":["AscendersBane","Defend_R","Defend_R+1","Defend_R","Bash","Disarm+1","Uppercut+1","Pommel Strike+1","Anger","Shrug It Off","Inflame+1","Impervious","Limit Break+1","Sword Boomerang+1","Metallicize","Body Slam+1","Reaper","Headbutt","Offering+1","Offering","Shockwave+1","Shrug It Off","Pommel Strike+1","True Grit+1"],"relics":["Burning Blood","Thread and Needle","Shuriken","Oddly Smooth Stone","Ginger","Pantograph","Ectoplasm","Dodecahedron","Peace Pipe","War Paint","Coffee Dripper","Magic Flower","Potion Belt","Bottled Flame","Orichalcum","Mango","Pen Nib"],"potions_floor_usage":[7,14,16,22,24,28,31,50,56,56,56],"damage_taken":[{"damage":0,"enemies":"Cultist","floor":1,"turns":4},{"damage":1,"enemies":"Small Slimes","floor":3,"turns":5},{"damage":0,"enemies":"2 Louse","floor":4,"turns":3},{"damage":4,"enemies":"Lagavulin","floor":7,"turns":7},{"damage":3,"enemies":"Blue Slaver","floor":10,"turns":3},{"damage":2,"enemies":"Gremlin Nob","floor":11,"turns":3},{"damage":0,"enemies":"Exordium Wildlife","floor":12,"turns":3},{"damage":20,"enemies":"3 Sentries","floor":14,"turns":10},{"damage":20,"enemies":"Hexaghost","floor":16,"turns":7},{"damage":1,"enemies":"Spheric Guardian","floor":18,"turns":4},{"damage":7,"enemies":"2 Thieves","floor":19,"turns":4},{"damage":8,"enemies":"Snake Plant","floor":20,"turns":4},{"damage":21,"enemies":"Chosen and Byrds","floor":22,"turns":8},{"damage":5,"enemies":"Book of Stabbing","floor":24,"turns":4},{"damage":13,"enemies":"Shelled Parasite and Fungi","floor":27,"turns":8},{"damage":43,"enemies":"Slavers","floor":28,"turns":7},{"damage":16,"enemies":"Snake Plant","floor":29,"turns":3},{"damage":42,"enemies":"Gremlin Leader","floor":31,"turns":8},{"damage":19,"enemies":"Champ","floor":33,"turns":6},{"damage":12,"enemies":"3 Darklings","floor":35,"turns":6},{"damage":61,"enemies":"3 Shapes","floor":36,"turns":11},{"damage":12,"enemies":"Mind Bloom Boss Battle","floor":37,"turns":3},{"damage":19,"enemies":"Maw","floor":39,"turns":5},{"damage":12,"enemies":"Transient","floor":41,"turns":6},{"damage":12,"enemies":"Spire Growth","floor":44,"turns":3},{"damage":12,"enemies":"Giant Head","floor":45,"turns":5},{"damage":21,"enemies":"Nemesis","floor":47,"turns":5},{"damage":22,"enemies":"2 Orb Walkers","floor":48,"turns":5},{"damage":37,"enemies":"Donu and Deca","floor":50,"turns":9},{"damage":24,"enemies":"Awakened One","floor":51,"turns":5},{"damage":50,"enemies":"Shield and Spear","floor":55,"turns":5},{"damage":99,"enemies":"The Heart","floor":56,"turns":8}],"seed_played":"-1540400824238807574","potions_obtained":[{"floor":1,"key":"Weak Potion"},{"floor":2,"key":"Regen Potion"},{"floor":3,"key":"AttackPotion"},{"floor":11,"key":"BloodPotion"},{"floor":14,"key":"GamblersBrew"},{"floor":18,"key":"BloodPotion"},{"floor":20,"key":"Regen Potion"},{"floor":22,"key":"Strength Potion"},{"floor":27,"key":"Explosive Potion"},{"floor":31,"key":"Dexterity Potion"},{"floor":36,"key":"Explosive Potion"},{"floor":37,"key":"Dexterity Potion"},{"floor":45,"key":"LiquidBronze"},{"floor":47,"key":"SkillPotion"}],"is_trial":false,"path_per_floor":["M","?","M","M","?","R","E","R","T","M","E","M","$","E","R","B",null,"M","M","M","?","M","R","E","R","T","M","E","M","R","E","R","B",null,"M","M","?","?","M","R","M","R","T","M","E","R","E","?","R","B","B",null,"R","$","E","B",null],"character_chosen":"IRONCLAD","items_purchased":["Inflame"],"campfire_rested":0,"item_purchase_floors":[13],"current_hp_per_floor":[56,56,61,67,67,67,69,69,69,72,75,75,75,68,68,61,72,75,74,72,72,72,72,73,73,73,75,46,43,43,37,37,49,69,75,65,75,75,75,75,75,75,75,75,72,72,75,89,89,81,89,89,89,89,89,66],"gold":30,"neow_bonus":"ONE_RARE_RELIC","is_prod":false,"is_daily":false,"chose_seed":false,"campfire_upgraded":7,"win_rate":0,"timestamp":1553461911,"path_taken":["M","?","?","M","?","R","E","R","T","M","E","M","$","E","R","BOSS","M","M","M","?","?","R","E","R","T","M","E","M","R","E","R","BOSS","M","M","?","?","?","R","M","R","T","M","E","R","E","?","R","BOSS","BOSS","R","$","E","BOSS"],"build_version":"2019-01-23","purchased_purges":1,"victory":true,"max_hp_per_floor":[75,75,75,75,75,75,75,75,75,75,75,75,75,75,75,75,75,75,75,75,75,75,75,75,75,75,75,75,75,75,75,75,75,75,75,75,75,75,75,75,75,75,75,75,75,75,75,89,89,89,89,89,89,89,89,89],"card_choices":[{"not_picked":["Pommel Strike","Searing Blow"],"picked":"Disarm","floor":1},{"not_picked":["Wild Strike","Clash"],"picked":"Uppercut","floor":3},{"not_picked":["Ghostly Armor","Twin Strike"],"picked":"Pommel Strike","floor":4},{"not_picked":["Clothesline","Fire Breathing"],"picked":"Anger","floor":7},{"not_picked":["Carnage","Double Tap","Clash"],"picked":"SKIP","floor":10},{"not_picked":["Body Slam","Evolve"],"picked":"Shrug It Off","floor":11},{"not_picked":["Wild Strike","Dual Wield","Pommel Strike"],"picked":"SKIP","floor":12},{"not_picked":["Dark Embrace","Fire Breathing"],"picked":"Impervious","floor":14},{"not_picked":["Demon Form","Dark Embrace"],"picked":"Limit Break","floor":16},{"not_picked":["Warcry","Entrench","Perfected Strike+1"],"picked":"SKIP","floor":18},{"not_picked":["Pommel Strike","Anger+1"],"picked":"Sword Boomerang+1","floor":19},{"not_picked":["Clash","Pummel"],"picked":"Metallicize","floor":20},{"not_picked":["Cleave","Heavy Blade"],"picked":"Body Slam","floor":22},{"not_picked":["Uppercut","Armaments"],"picked":"Reaper","floor":24},{"not_picked":["Heavy Blade","Wild Strike","Power Through"],"picked":"SKIP","floor":27},{"not_picked":["Rage","Clothesline"],"picked":"Headbutt","floor":28},{"not_picked":["True Grit","Headbutt","Cleave"],"picked":"SKIP","floor":29},{"not_picked":["Fire Breathing","Inflame"],"picked":"Offering","floor":31},{"not_picked":["Exhume","Impervious"],"picked":"Offering","floor":33},{"not_picked":["Iron Wave","Twin Strike"],"picked":"Shockwave","floor":35},{"not_picked":["Warcry","Body Slam","Wild Strike"],"picked":"SKIP","floor":36},{"not_picked":["Wild Strike","Second Wind"],"picked":"Shrug It Off","floor":39},{"not_picked":["Havoc","Perfected Strike+1","Thunderclap+1"],"picked":"SKIP","floor":41},{"not_picked":["Infernal Blade+1","Juggernaut"],"picked":"Pommel Strike+1","floor":44},{"not_picked":["Entrench","Rampage","Havoc"],"picked":"SKIP","floor":45},{"not_picked":["Heavy Blade","Clash+1"],"picked":"True Grit+1","floor":47},{"not_picked":["Wild Strike","True Grit","Pommel Strike"],"picked":"SKIP","floor":55}],"player_experience":1040523,"relics_obtained":[{"floor":7,"key":"Shuriken"},{"floor":9,"key":"Oddly Smooth Stone"},{"floor":11,"key":"Ginger"},{"floor":14,"key":"Pantograph"},{"floor":24,"key":"Dodecahedron"},{"floor":28,"key":"Peace Pipe"},{"floor":31,"key":"War Paint"},{"floor":37,"key":"Magic Flower"},{"floor":43,"key":"Potion Belt"},{"floor":45,"key":"Bottled Flame"},{"floor":47,"key":"Orichalcum"},{"floor":48,"key":"Mango"},{"floor":55,"key":"Pen Nib"}],"event_choices":[{"damage_healed":0,"gold_gain":0,"player_choice":"Bought 1 Potion","damage_taken":0,"max_hp_gain":0,"max_hp_loss":0,"event_name":"The Woman in Blue","floor":2,"gold_loss":0},{"damage_healed":0,"gold_gain":0,"player_choice":"Ignored","damage_taken":0,"max_hp_gain":0,"max_hp_loss":0,"event_name":"Liars Game","floor":5,"gold_loss":0},{"damage_healed":0,"gold_gain":100,"player_choice":"Bet on Murderer","damage_taken":0,"max_hp_gain":0,"max_hp_loss":0,"event_name":"The Joust","floor":21,"gold_loss":50},{"damage_healed":0,"gold_gain":0,"player_choice":"Fight","damage_taken":0,"max_hp_gain":0,"max_hp_loss":0,"event_name":"MindBloom","floor":37,"gold_loss":0},{"cards_removed":["Defend_R"],"damage_healed":0,"gold_gain":0,"player_choice":"Removed Skill","damage_taken":0,"max_hp_gain":0,"max_hp_loss":0,"event_name":"Falling","floor":38,"gold_loss":0},{"damage_healed":0,"gold_gain":0,"player_choice":"Fight","damage_taken":0,"max_hp_gain":0,"max_hp_loss":0,"event_name":"Mysterious Sphere","floor":48,"gold_loss":0}],"is_beta":false,"boss_relics":[{"not_picked":["Runic Cube","Mark of Pain"],"picked":"Ectoplasm"},{"not_picked":["Eternal Feather","Snecko Eye"],"picked":"Coffee Dripper"}],"items_purged_floors":[13],"is_endless":false,"potions_floor_spawned":[1,3,11,14,18,20,22,27,31,36,37,41,45,47],"ascension_level":20}