{"gold_per_floor":[116,266,236,0,20,20,55,55,128,159,159,173,173,192,192,266,266,283,300,38,51,69,69,69],"floor_reached":24,"playtime":1426,"items_purged":["Doubt"],"score":412,"play_id":"62de0a26-ded2-4444-961b-8b41092db65d","local_time":"20190416224315","is_ascension_mode":true,"campfire_choices":[{"data":"Bash","floor":6,"key":"SMITH"},{"data":"Perfected Strike","floor":8,"key":"SMITH"},{"data":"Intimidate","floor":11,"key":"SMITH"},{"data":"Pommel Strike","floor":13,"key":"SMITH"},{"data":"Power Through","floor":15,"key":"SMITH"},{"floor":23,"key":"RECALL"}],"neow_cost":"NONE","seed_source_timestamp":36154790897498,"circlet_count":0,"master_deck":["AscendersBane","Strike_R","Strike_R","Strike_R","Strike_R","Strike_R","Defend_R","Defend_R","Defend_R","Defend_R","Bash+1","Pommel Strike+1","Evolve","Power Through+1","Perfected Strike+1","Intimidate+1","Impervious","Armaments","Whirlwind","Body Slam","Shrug It Off"],"relics":["Burning Blood","Blood Vial","Bag of Preparation","Fusion Hammer","Paper Frog"],"potions_floor_usage":[7,10,16,18,24,24],"damage_taken":[{"damage":1,"enemies":"Small Slimes","floor":1,"turns":4},{"damage":0,"enemies":"2 Louse","floor":5,"turns":2},{"damage":23,"enemies":"3 Sentries","floor":7,"turns":10},{"damage":8,"enemies":"Gremlin Nob","floor":10,"turns":3},{"damage":0,"enemies":"Cultist","floor":12,"turns":2},{"damage":7,"enemies":"Lots of Slimes","floor":14,"turns":6},{"damage":57,"enemies":"Hexaghost","floor":16,"turns":9},{"damage":13,"enemies":"3 Byrds","floor":18,"turns":8},{"damage":13,"enemies":"Chosen","floor":19,"turns":5},{"damage":0,"enemies":"Centurion and Healer","floor":21,"turns":5},{"damage":0,"enemies":"Snecko","floor":22,"turns":3},{"damage":93,"enemies":"Gremlin Leader","floor":24,"turns":9}],"seed_played":"-5198113818531906718","potions_obtained":[{"floor":3,"key":"EssenceOfSteel"},{"floor":3,"key":"Strength Potion"},{"floor":7,"key":"FearPotion"},{"floor":14,"key":"Poison Potion"},{"floor":16,"key":"Fruit Juice"},{"floor":18,"key":"Fire Potion"}],"is_trial":false,"path_per_floor":["M","?","?","$","M","R","E","R","T","E","R","M","R","M","R","B",null,"M","M","$","M","M","R","E"],"character_chosen":"IRONCLAD","items_purchased":["Evolve","Power Through","Paper Frog"],"campfire_rested":0,"item_purchase_floors":[4,4,20],"current_hp_per_floor":[80,80,80,80,82,82,65,65,65,65,65,73,73,74,74,25,68,63,58,58,66,74,74,0],"gold":69,"neow_bonus":"TEN_PERCENT_HP_BONUS","is_prod":false,"is_daily":false,"chose_seed":false,"campfire_upgraded":5,"win_rate":0,"timestamp":1555447395,"path_taken":["M","?","?","$","M","R","E","R","T","E","R","M","R","M","R","BOSS","M","?","?","M","M","R","E"],"build_version":"2019-01-23","purchased_purges":1,"victory":false,"max_hp_per_floor":[82,82,82,82,82,82,82,82,82,82,82,82,82,82,82,82,82,82,82,82,82,82,82,87],"card_choices":[{"not_picked":["Warcry","Sword Boomerang"],"picked":"Pommel Strike","floor":1},{"not_picked":["Warcry","Entrench"],"picked":"Perfected Strike","floor":5},{"not_picked":["Dual Wield","Warcry","Flex"],"picked":"SKIP","floor":7},{"not_picked":["Fire Breathing","Reckless Charge"],"picked":"Intimidate","floor":10},{"not_picked":["Second Wind","Wild Strike","Heavy Blade"],"picked":"SKIP","floor":12},{"not_picked":["Sever Soul","Flex","Body Slam"],"picked":"SKIP","floor":14},{"not_picked":["Bludgeon","Berserk"],"picked":"Impervious","floor":16},{"not_picked":["Flex","Metallicize"],"picked":"Armaments","floor":18},{"not_picked":["Wild Strike","Heavy Blade"],"picked":"Whirlwind","floor":19},{"not_picked":["Cleave","Flex"],"picked":"Body Slam","floor":21},{"not_picked":["Warcry","Ghostly Armor"],"picked":"Shrug It Off","floor":22}],"player_experience":1145183,"relics_obtained":[{"floor":7,"key":"Blood Vial"},{"floor":10,"key":"Bag of Preparation"}],"event_choices":[{"damage_healed":0,"gold_gain":150,"player_choice":"AGREE","damage_taken":0,"max_hp_gain":0,"max_hp_loss":0,"event_name":"Liars Game","floor":2,"gold_loss":0,"cards_obtained":["Doubt"]},{"damage_healed":0,"gold_gain":0,"player_choice":"Bought 2 Potions","damage_taken":0,"max_hp_gain":0,"max_hp_loss":0,"event_name":"The Woman in Blue","floor":3,"gold_loss":0}],"is_beta":false,"boss_relics":[{"not_picked":["Runic Pyramid","Black Star"],"picked":"Fusion Hammer"}],"items_purged_floors":[4],"is_endless":false,"potions_floor_spawned":[7,14,16,18],"killed_by":"Gremlin Leader","ascension_level":20}