{"gold_per_floor":[117,42,53,53,53,87,87,120,146,174,204,204,215,242,242,242],"floor_reached":16,"playtime":693,"items_purged":[],"score":302,"play_id":"d4c95f2e-3705-4af7-b524-476f5c09369a","local_time":"20190224235042","is_ascension_mode":true,"campfire_choices":[{"data":"Thunderclap","floor":7,"key":"SMITH"},{"data":"Clothesline","floor":15,"key":"SMITH"}],"neow_cost":"NONE","seed_source_timestamp":42326428848133,"circlet_count":0,"master_deck":["AscendersBane","Strike_R","Strike_R+1","Strike_R","Strike_R","Defend_R","Defend_R","Defend_R","Defend_R","Bash+1","Infernal Blade","Headbutt","Thunderclap+1","Clothesline+1"],"relics":["Burning Blood","NeowsBlessing","Lantern","Ancient Tea Set","Potion Belt","Singing Bowl","Tiny Chest","Anchor","Darkstone Periapt"],"potions_floor_usage":[14,16,16],"damage_taken":[{"damage":0,"enemies":"Jaw Worm","floor":1,"turns":1},{"damage":0,"enemies":"Small Slimes","floor":3,"turns":1},{"damage":0,"enemies":"Lagavulin","floor":6,"turns":1},{"damage":22,"enemies":"3 Sentries","floor":8,"turns":6},{"damage":35,"enemies":"Lagavulin","floor":10,"turns":6},{"damage":0,"enemies":"2 Louse","floor":13,"turns":2},{"damage":10,"enemies":"3 Sentries","floor":14,"turns":4},{"damage":63,"enemies":"The Guardian","floor":16,"turns":16}],"seed_played":"-8928009818318123321","potions_obtained":[{"floor":1,"key":"BloodPotion"},{"floor":10,"key":"SteroidPotion"},{"floor":14,"key":"BloodPotion"}],"is_trial":false,"path_per_floor":["M","?","M","?","?","E","R","E","T","E","?","T","M","E","R","B"],"character_chosen":"IRONCLAD","items_purchased":[],"campfire_rested":0,"item_purchase_floors":[],"current_hp_per_floor":[74,74,75,52,57,63,63,47,47,20,20,20,28,26,26,0],"gold":242,"neow_bonus":"THREE_ENEMY_KILL","is_prod":false,"is_daily":false,"chose_seed":false,"campfire_upgraded":2,"win_rate":0,"timestamp":1551048642,"path_taken":["M","?","M","?","?","E","R","E","T","E","?","?","M","E","R","BOSS"],"build_version":"2019-01-23","purchased_purges":0,"victory":false,"max_hp_per_floor":[75,75,75,75,80,80,80,80,80,82,82,82,84,86,86,86],"card_choices":[{"not_picked":["Dropkick","Intimidate"],"picked":"Infernal Blade","floor":1},{"not_picked":["Warcry","Intimidate"],"picked":"Headbutt","floor":3},{"not_picked":["Armaments","Thunderclap","Sword Boomerang"],"picked":"SKIP","floor":6},{"not_picked":["Armaments","Sword Boomerang"],"picked":"Thunderclap","floor":6},{"not_picked":["Dark Embrace","Warcry"],"picked":"Clothesline","floor":8},{"not_picked":["Dropkick","Fire Breathing","Searing Blow"],"picked":"Singing Bowl","floor":10},{"not_picked":["Clothesline","True Grit","Wild Strike"],"picked":"Singing Bowl","floor":13},{"not_picked":["Flex","Intimidate","Sever Soul"],"picked":"Singing Bowl","floor":14}],"player_experience":991808,"relics_obtained":[{"floor":6,"key":"Lantern"},{"floor":8,"key":"Ancient Tea Set"},{"floor":9,"key":"Potion Belt"},{"floor":10,"key":"Singing Bowl"},{"floor":12,"key":"Anchor"},{"floor":14,"key":"Darkstone Periapt"}],"event_choices":[{"cards_removed":["Strike_R"],"damage_healed":0,"gold_gain":0,"player_choice":"Card Removal","damage_taken":0,"max_hp_gain":0,"max_hp_loss":0,"event_name":"The Cleric","floor":2,"gold_loss":75},{"damage_healed":0,"gold_gain":0,"player_choice":"Entered Light","damage_taken":23,"max_hp_gain":0,"max_hp_loss":0,"event_name":"Shining Light","floor":4,"gold_loss":0,"cards_upgraded":["Bash","Strike_R"]},{"damage_healed":0,"gold_gain":0,"player_choice":"Donut","damage_taken":0,"max_hp_gain":5,"max_hp_loss":0,"event_name":"Big Fish","floor":5,"gold_loss":0},{"damage_healed":0,"gold_gain":0,"player_choice":"Searched \u00271\u0027 times","damage_taken":0,"relics_obtained":["Tiny Chest"],"max_hp_gain":0,"max_hp_loss":0,"event_name":"Dead Adventurer","floor":11,"gold_loss":0},{"damage_healed":0,"gold_gain":0,"player_choice":"Searched \u00271\u0027 times","damage_taken":0,"relics_obtained":["Tiny Chest"],"max_hp_gain":0,"max_hp_loss":0,"event_name":"Dead Adventurer","floor":11,"gold_loss":0},{"damage_healed":0,"gold_gain":0,"player_choice":"Searched \u00271\u0027 times","damage_taken":0,"relics_obtained":["Tiny Chest"],"max_hp_gain":0,"max_hp_loss":0,"event_name":"Dead Adventurer","floor":11,"gold_loss":0}],"is_beta":false,"boss_relics":[],"items_purged_floors":[],"is_endless":false,"potions_floor_spawned":[1,10,14],"killed_by":"The Guardian","ascension_level":20}