{"gold_per_floor":[111,141,141,158,18,18,48,64,89,164,192,212,212,228,228,228],"floor_reached":16,"playtime":612,"items_purged":[],"score":216,"play_id":"d3c90835-324f-4108-b9fe-6bdd5c3362b3","local_time":"20190616233236","is_ascension_mode":true,"campfire_choices":[{"data":"Dagger Throw","floor":6,"key":"SMITH"},{"floor":15,"key":"REST"}],"neow_cost":"NONE","seed_source_timestamp":202303712862074,"circlet_count":0,"master_deck":["AscendersBane","Strike_G","Strike_G","Strike_G","Strike_G","Defend_G","Defend_G","Defend_G","Defend_G","Defend_G","Survivor","Neutralize","Caltrops","Dagger Throw+1","Finesse","After Image","Dash","Quick Slash","Acrobatics","PiercingWail"],"relics":["Ring of the Snake","NeowsBlessing","Tiny Chest","Bag of Marbles","Juzu Bracelet","Oddly Smooth Stone"],"potions_floor_usage":[11,16,16],"damage_taken":[{"damage":0,"enemies":"Small Slimes","floor":1,"turns":1},{"damage":0,"enemies":"2 Louse","floor":4,"turns":1},{"damage":0,"enemies":"3 Sentries","floor":7,"turns":1},{"damage":0,"enemies":"Cultist","floor":8,"turns":4},{"damage":21,"enemies":"Lagavulin","floor":11,"turns":6},{"damage":5,"enemies":"Large Slime","floor":12,"turns":8},{"damage":0,"enemies":"Looter","floor":14,"turns":2},{"damage":43,"enemies":"Slime Boss","floor":16,"turns":8}],"seed_played":"2253442337025699325","potions_obtained":[{"floor":7,"key":"AttackPotion"},{"floor":8,"key":"LiquidBronze"},{"floor":14,"key":"Energy Potion"}],"is_trial":false,"path_per_floor":["M","?","?","M","$","R","E","M","T","?","E","M","?","M","R","B"],"character_chosen":"THE_SILENT","items_purchased":["Dagger Throw","Finesse"],"campfire_rested":1,"item_purchase_floors":[5,5],"current_hp_per_floor":[63,63,63,63,63,63,63,63,63,52,31,26,19,19,40,0],"gold":228,"neow_bonus":"THREE_ENEMY_KILL","is_prod":false,"is_daily":false,"chose_seed":false,"campfire_upgraded":1,"win_rate":0,"timestamp":1560717156,"path_taken":["M","?","?","?","$","R","E","M","T","?","E","M","?","M","R","BOSS"],"build_version":"2019-06-13","purchased_purges":0,"victory":false,"max_hp_per_floor":[70,70,70,70,70,70,70,70,70,70,70,70,70,70,70,70],"card_choices":[{"not_picked":["Prepared","Dagger Spray"],"picked":"Caltrops","floor":1},{"not_picked":["Underhanded Strike","Bane","Catalyst"],"picked":"SKIP","floor":4},{"not_picked":["Poisoned Stab","Acrobatics"],"picked":"After Image","floor":7},{"not_picked":["Caltrops","Catalyst"],"picked":"Dash","floor":8},{"not_picked":["Riddle With Holes","Underhanded Strike"],"picked":"Quick Slash","floor":11},{"not_picked":["Dodge and Roll","All Out Attack"],"picked":"Acrobatics","floor":12},{"not_picked":["Escape Plan","Bane"],"picked":"PiercingWail","floor":14}],"player_experience":813534,"relics_obtained":[{"floor":7,"key":"Bag of Marbles"},{"floor":9,"key":"Juzu Bracelet"},{"floor":11,"key":"Oddly Smooth Stone"}],"event_choices":[{"damage_healed":0,"gold_gain":0,"player_choice":"Box","damage_taken":0,"relics_obtained":["Tiny Chest"],"max_hp_gain":0,"max_hp_loss":0,"event_name":"Big Fish","floor":2,"gold_loss":0,"cards_obtained":["Regret"]},{"cards_removed":["Regret"],"damage_healed":0,"gold_gain":0,"player_choice":"Removed Curses","damage_taken":0,"max_hp_gain":0,"max_hp_loss":0,"event_name":"Fountain of Cleansing","floor":3,"gold_loss":0},{"damage_healed":0,"gold_gain":75,"player_choice":"Gather Gold","damage_taken":11,"max_hp_gain":0,"max_hp_loss":0,"event_name":"World of Goop","floor":10,"gold_loss":0},{"cards_removed":["Strike_G"],"damage_healed":0,"gold_gain":0,"player_choice":"Card Removal","damage_taken":7,"max_hp_gain":0,"max_hp_loss":0,"event_name":"Golden Wing","floor":13,"gold_loss":0}],"is_beta":true,"boss_relics":[],"items_purged_floors":[],"is_endless":false,"potions_floor_spawned":[7,8,14],"killed_by":"Slime Boss","ascension_level":12}