{"gold_per_floor":[118,134,144,162,142,142,152,152,224,239,269,285,29,29,29,125,125,135,145,70,32,52,52],"floor_reached":23,"playtime":927,"items_purged":["Defend_R"],"score":293,"play_id":"7a05f07e-4a55-476d-934a-51f6231318cf","local_time":"20190425113614","is_ascension_mode":true,"campfire_choices":[{"data":"True Grit","floor":6,"key":"SMITH"},{"data":"Bash","floor":8,"key":"SMITH"},{"data":"Mayhem","floor":15,"key":"SMITH"}],"neow_cost":"PERCENT_DAMAGE","seed_source_timestamp":593359215352945,"circlet_count":0,"master_deck":["AscendersBane","Strike_R","Strike_R","Strike_R","Strike_R","Defend_R","Defend_R","Defend_R","Bash+1","Panache","Sadistic Nature","True Grit+1","Clash","Clash","Cleave","Dual Wield+1","Infernal Blade+1","Ghostly Armor+1","Mayhem+1","Limit Break+1","Cleave+1","Infernal Blade+1","Iron Wave+1"],"relics":["Burning Blood","Toxic Egg 2","Peace Pipe","Mark of Pain"],"potions_floor_usage":[7,11,11,11,18],"damage_taken":[{"damage":6,"enemies":"Cultist","floor":1,"turns":4},{"damage":5,"enemies":"Small Slimes","floor":2,"turns":4},{"damage":0,"enemies":"2 Louse","floor":3,"turns":2},{"damage":3,"enemies":"Exordium Wildlife","floor":4,"turns":4},{"damage":11,"enemies":"Looter","floor":7,"turns":3},{"damage":0,"enemies":"2 Fungi Beasts","floor":10,"turns":2},{"damage":16,"enemies":"Gremlin Nob","floor":11,"turns":4},{"damage":0,"enemies":"3 Louse","floor":12,"turns":1},{"damage":7,"enemies":"The Guardian","floor":16,"turns":8},{"damage":5,"enemies":"3 Byrds","floor":18,"turns":4},{"damage":28,"enemies":"Chosen","floor":19,"turns":6},{"damage":3,"enemies":"3 Cultists","floor":22,"turns":3},{"damage":56,"enemies":"Gremlin Leader","floor":23,"turns":4}],"seed_played":"-3021627479779539705","potions_obtained":[{"floor":2,"key":"Energy Potion"},{"floor":4,"key":"PowerPotion"},{"floor":5,"key":"SpeedPotion"},{"floor":7,"key":"SkillPotion"},{"floor":12,"key":"Explosive Potion"},{"floor":16,"key":"SpeedPotion"},{"floor":18,"key":"LiquidBronze"}],"is_trial":false,"path_per_floor":["M","M","M","M","?","R","M","R","T","M","E","M","$","$","R","B",null,"M","M","?","$","M","E"],"character_chosen":"IRONCLAD","items_purchased":["Mayhem","Infernal Blade+1"],"campfire_rested":0,"item_purchase_floors":[13,21],"current_hp_per_floor":[51,52,58,61,61,61,56,56,56,62,52,58,58,58,58,57,74,75,53,53,53,56,0],"gold":52,"neow_bonus":"RANDOM_COLORLESS_2","is_prod":false,"is_daily":false,"chose_seed":false,"campfire_upgraded":3,"win_rate":0,"timestamp":1556202974,"path_taken":["M","M","?","M","?","R","M","R","T","?","E","M","?","$","R","BOSS","M","M","?","$","M","E"],"build_version":"2019-01-23","purchased_purges":1,"victory":false,"max_hp_per_floor":[80,80,80,80,80,80,80,80,80,80,80,80,80,80,80,80,80,80,80,80,80,80,80],"card_choices":[{"not_picked":["Flame Barrier","Spot Weakness"],"picked":"True Grit","floor":1},{"not_picked":["Seeing Red","Flex"],"picked":"Clash","floor":2},{"not_picked":["True Grit","Body Slam"],"picked":"Clash","floor":3},{"not_picked":["Reckless Charge","Second Wind","Spot Weakness"],"picked":"SKIP","floor":4},{"not_picked":["Armaments","Reaper"],"picked":"Cleave","floor":7},{"not_picked":["Pummel","Spot Weakness+1"],"picked":"Dual Wield+1","floor":10},{"not_picked":["Shrug It Off+1","Evolve"],"picked":"Infernal Blade+1","floor":11},{"not_picked":["Clothesline","Disarm+1"],"picked":"Ghostly Armor+1","floor":12},{"not_picked":["Juggernaut","Dark Embrace"],"picked":"Limit Break+1","floor":16},{"not_picked":["Sword Boomerang","Heavy Blade","Headbutt"],"picked":"SKIP","floor":18},{"not_picked":["Shrug It Off+1","Iron Wave"],"picked":"Cleave+1","floor":19},{"not_picked":["Flex+1","Havoc+1"],"picked":"Iron Wave+1","floor":22}],"player_experience":654490,"relics_obtained":[{"floor":9,"key":"Toxic Egg 2"},{"floor":11,"key":"Peace Pipe"}],"event_choices":[{"damage_healed":0,"gold_gain":0,"player_choice":"Bought 1 Potion","damage_taken":0,"max_hp_gain":0,"max_hp_loss":0,"event_name":"The Woman in Blue","floor":5,"gold_loss":0},{"cards_removed":["Strike_R"],"damage_healed":0,"gold_gain":0,"player_choice":"Gave Gold","damage_taken":0,"max_hp_gain":0,"max_hp_loss":0,"event_name":"Beggar","floor":20,"gold_loss":75}],"is_beta":false,"boss_relics":[{"not_picked":["Ectoplasm","Coffee Dripper"],"picked":"Mark of Pain"}],"items_purged_floors":[13],"is_endless":false,"potions_floor_spawned":[2,4,7,12,16,18],"killed_by":"Gremlin Leader","ascension_level":10}