{"gold_per_floor":[20,20,20,35,35,35,46,79,79,79,94,10,10,37,37,37],"floor_reached":16,"playtime":382,"items_purged":["Strike_B"],"score":216,"play_id":"d7d3e29b-55b2-4d84-b3ee-5271834588e5","local_time":"20190414162604","is_ascension_mode":true,"campfire_choices":[{"data":"Sweeping Beam","floor":6,"key":"SMITH"},{"floor":10,"key":"REST"},{"floor":15,"key":"REST"}],"neow_cost":"NO_GOLD","seed_source_timestamp":12799772492380,"circlet_count":0,"master_deck":["AscendersBane","Strike_B","Strike_B","Defend_B","Defend_B","Defend_B","Defend_B","Zap+1","Dualcast","Sweeping Beam+1","Ball Lightning","Cold Snap","Cold Snap","Coolheaded","Genetic Algorithm"],"relics":["Cracked Core","Calipers","The Courier","Omamori"],"potions_floor_usage":[8,16],"damage_taken":[{"damage":5,"enemies":"2 Louse","floor":1,"turns":3},{"damage":0,"enemies":"Small Slimes","floor":4,"turns":2},{"damage":7,"enemies":"Jaw Worm","floor":7,"turns":2},{"damage":30,"enemies":"Gremlin Nob","floor":8,"turns":4},{"damage":0,"enemies":"2 Fungi Beasts","floor":11,"turns":2},{"damage":14,"enemies":"Lagavulin","floor":14,"turns":5},{"damage":49,"enemies":"Slime Boss","floor":16,"turns":7}],"seed_played":"8433030103815330441","potions_obtained":[{"floor":4,"key":"Swift Potion"},{"floor":14,"key":"Explosive Potion"}],"is_trial":false,"path_per_floor":["M","?","?","M","$","R","M","E","T","R","M","$","?","E","R","B"],"character_chosen":"DEFECT","items_purchased":["Coolheaded"],"campfire_rested":2,"item_purchase_floors":[12],"current_hp_per_floor":[59,52,52,52,52,52,45,15,15,36,36,36,36,22,43,0],"gold":37,"neow_bonus":"ONE_RARE_RELIC","is_prod":false,"is_daily":false,"chose_seed":false,"campfire_upgraded":1,"win_rate":0,"timestamp":1555251964,"path_taken":["M","?","?","M","?","R","M","E","T","R","M","$","?","E","R","BOSS"],"build_version":"2019-01-23","purchased_purges":1,"victory":false,"max_hp_per_floor":[71,71,71,71,71,71,71,71,71,71,71,71,71,71,71,71],"card_choices":[{"not_picked":["Rebound","Undo"],"picked":"Sweeping Beam","floor":1},{"not_picked":["Steam","Hologram"],"picked":"Ball Lightning","floor":4},{"not_picked":["Rebound","Streamline"],"picked":"Cold Snap","floor":7},{"not_picked":["Rebound","Sweeping Beam"],"picked":"Cold Snap","floor":8},{"not_picked":["Beam Cell","Hello World","Sunder"],"picked":"SKIP","floor":11},{"not_picked":["All For One","Sweeping Beam"],"picked":"Genetic Algorithm","floor":14}],"player_experience":1127647,"relics_obtained":[{"floor":8,"key":"The Courier"},{"floor":14,"key":"Omamori"}],"event_choices":[{"cards_removed":["Strike_B"],"damage_healed":0,"gold_gain":0,"player_choice":"Card Removal","damage_taken":7,"max_hp_gain":0,"max_hp_loss":0,"event_name":"Golden Wing","floor":2,"gold_loss":0},{"damage_healed":0,"gold_gain":0,"player_choice":"Grow","damage_taken":0,"max_hp_gain":0,"max_hp_loss":0,"event_name":"Living Wall","floor":3,"gold_loss":0,"cards_upgraded":["Zap"]},{"damage_healed":0,"gold_gain":0,"player_choice":"Leave","damage_taken":0,"max_hp_gain":0,"max_hp_loss":0,"event_name":"The Cleric","floor":13,"gold_loss":0}],"is_beta":false,"boss_relics":[],"items_purged_floors":[12],"is_endless":false,"potions_floor_spawned":[4,14],"killed_by":"Slime Boss","ascension_level":20}