{"gold_per_floor":[214,231,231,248,31,31,56,56,56,56,84,94,94,144,144,221,221,235,7,57,22,72,72],"floor_reached":23,"playtime":786,"items_purged":[],"score":386,"play_id":"c50d6618-4355-4f69-a13f-4c4377024904","local_time":"20190617215643","is_ascension_mode":true,"campfire_choices":[{"data":"Noxious Fumes","floor":6,"key":"SMITH"},{"data":"Wraith Form v2","floor":8,"key":"SMITH"},{"data":"Catalyst","floor":10,"key":"SMITH"},{"data":"Deadly Poison","floor":13,"key":"SMITH"},{"data":"Neutralize","floor":15,"key":"SMITH"}],"neow_cost":"NONE","seed_source_timestamp":32862605109021,"circlet_count":0,"master_deck":["AscendersBane","Defend_G","Defend_G","Defend_G","Defend_G","Defend_G","Strike_G","Strike_G","Strike_G","Strike_G","Strike_G","Survivor","Neutralize+1","Catalyst+1","Deadly Poison+1","Noxious Fumes+1","Wraith Form v2+1","Corpse Explosion","Adrenaline"],"relics":["Ring of the Snake","SsserpentHead","OrangePellets","Thread and Needle","Matryoshka","Centennial Puzzle","Snake Skull","Black Star","Nilry\u0027s Codex","Calipers"],"potions_floor_usage":[7,23],"damage_taken":[{"damage":5,"enemies":"Small Slimes","floor":1,"turns":7},{"damage":0,"enemies":"Cultist","floor":2,"turns":3},{"damage":0,"enemies":"2 Louse","floor":4,"turns":4},{"damage":5,"enemies":"3 Sentries","floor":7,"turns":3},{"damage":10,"enemies":"Lagavulin","floor":11,"turns":8},{"damage":0,"enemies":"Looter","floor":12,"turns":4},{"damage":1,"enemies":"The Guardian","floor":16,"turns":7},{"damage":10,"enemies":"2 Thieves","floor":18,"turns":4},{"damage":11,"enemies":"Gremlin Leader","floor":23,"turns":6}],"seed_played":"6176583678036926732","potions_obtained":[{"floor":2,"key":"SkillPotion"},{"floor":16,"key":"Energy Potion"}],"is_trial":false,"path_per_floor":["M","M","?","M","$","R","E","R","T","R","E","M","R","?","R","B",null,"M","$","?","?","?","E"],"character_chosen":"THE_SILENT","items_purchased":["OrangePellets","Adrenaline","SpeedPotion"],"campfire_rested":0,"item_purchase_floors":[5,19,19],"current_hp_per_floor":[54,54,54,54,54,54,49,49,49,49,39,39,39,39,39,38,59,49,49,28,28,10,0],"gold":72,"neow_bonus":"HUNDRED_GOLD","is_prod":false,"is_daily":false,"chose_seed":false,"campfire_upgraded":5,"win_rate":0,"timestamp":1560801403,"path_taken":["M","M","?","M","$","R","E","R","T","R","E","?","R","?","R","BOSS","M","$","?","?","?","E"],"build_version":"2019-01-23","purchased_purges":0,"victory":false,"max_hp_per_floor":[66,66,66,66,66,66,66,66,66,66,66,66,66,66,66,66,66,66,66,66,66,71,71],"card_choices":[{"not_picked":["Deadly Poison","Outmaneuver"],"picked":"Catalyst","floor":1},{"not_picked":["Underhanded Strike","Tactician"],"picked":"Deadly Poison","floor":2},{"not_picked":["Slice","Deadly Poison"],"picked":"Noxious Fumes","floor":4},{"not_picked":["Crippling Poison","Underhanded Strike"],"picked":"Wraith Form v2","floor":7},{"not_picked":["Caltrops","Outmaneuver","Eviscerate"],"picked":"SKIP","floor":11},{"not_picked":["Poisoned Stab","Deflect","Bane"],"picked":"SKIP","floor":12},{"not_picked":["Poisoned Stab","Deflect","Bane"],"picked":"SKIP","floor":12},{"not_picked":["Poisoned Stab","Deflect","Bane"],"picked":"SKIP","floor":12},{"not_picked":["After Image","Venomology"],"picked":"Corpse Explosion","floor":16},{"not_picked":["Underhanded Strike","Dagger Throw","Quick Slash"],"picked":"SKIP","floor":18}],"player_experience":1400560,"relics_obtained":[{"floor":7,"key":"Thread and Needle"},{"floor":9,"key":"Matryoshka"},{"floor":11,"key":"Centennial Puzzle"},{"floor":20,"key":"Nilry\u0027s Codex"}],"event_choices":[{"damage_healed":0,"gold_gain":0,"player_choice":"Trade","damage_taken":0,"relics_obtained":["SsserpentHead"],"max_hp_gain":0,"max_hp_loss":0,"event_name":"FaceTrader","floor":3,"gold_loss":0},{"damage_healed":0,"gold_gain":0,"player_choice":"Searched \u00271\u0027 times","damage_taken":0,"relics_obtained":["Snake Skull"],"max_hp_gain":0,"max_hp_loss":0,"event_name":"Dead Adventurer","floor":14,"gold_loss":0},{"damage_healed":0,"gold_gain":0,"player_choice":"Obtained Book","damage_taken":21,"max_hp_gain":0,"max_hp_loss":0,"event_name":"Cursed Tome","floor":20,"gold_loss":0},{"damage_healed":0,"gold_gain":0,"player_choice":"Obtained Relic","damage_taken":0,"relics_obtained":["Calipers"],"max_hp_gain":0,"max_hp_loss":0,"event_name":"Addict","floor":21,"gold_loss":85},{"damage_healed":0,"gold_gain":0,"player_choice":"Shed Blood","damage_taken":23,"max_hp_gain":5,"max_hp_loss":0,"event_name":"Forgotten Altar","floor":22,"gold_loss":0}],"is_beta":false,"boss_relics":[{"not_picked":["Runic Dome","HoveringKite"],"picked":"Black Star"}],"items_purged_floors":[],"is_endless":false,"potions_floor_spawned":[2,16],"killed_by":"Gremlin Leader","ascension_level":20}