{"gold_per_floor":[210,228,378,398,1,1,16,48,48,75,75,75,87,149,149,227,227,239,239,239,239,239],"floor_reached":22,"playtime":860,"items_purged":[],"score":384,"play_id":"4a5a7cf0-4f1a-4834-a20a-c2dfb2bfc97d","local_time":"20190208151622","is_ascension_mode":true,"campfire_choices":[{"data":"Carnage","floor":6.0,"key":"SMITH"},{"data":"True Grit","floor":11.0,"key":"SMITH"},{"data":"Pommel Strike","floor":15.0,"key":"SMITH"}],"neow_cost":"NONE","seed_source_timestamp":9525141546930,"circlet_count":0,"master_deck":["AscendersBane","Strike_R","Strike_R+1","Strike_R","Strike_R","Defend_R","Defend_R","Defend_R","Defend_R","Bash","Carnage+1","Uppercut+1","Doubt","Anger","Flame Barrier","True Grit+1","Heavy Blade","Pommel Strike+1","Reaper","Double Tap"],"special_seed":0,"relics":["Burning Blood","Membership Card","Whetstone","PreservedInsect","Kunai","Ice Cream","Centennial Puzzle","Black Star","Enchiridion"],"potions_floor_usage":[],"damage_taken":[{"damage":9.0,"enemies":"Jaw Worm","floor":1.0,"turns":6.0},{"damage":1.0,"enemies":"Cultist","floor":2.0,"turns":4.0},{"damage":2.0,"enemies":"2 Louse","floor":4.0,"turns":2.0},{"damage":6.0,"enemies":"Looter","floor":7.0,"turns":2.0},{"damage":15.0,"enemies":"Lagavulin","floor":8.0,"turns":6.0},{"damage":18.0,"enemies":"3 Sentries","floor":10.0,"turns":5.0},{"damage":14.0,"enemies":"Large Slime","floor":13.0,"turns":6.0},{"damage":17.0,"enemies":"Lagavulin Event","floor":14.0,"turns":3.0},{"damage":16.0,"enemies":"Slime Boss","floor":16.0,"turns":9.0},{"damage":18,"enemies":"Spheric Guardian","floor":18,"turns":5},{"damage":39,"enemies":"Shell Parasite","floor":22,"turns":4}],"seed_played":"1727488639546401483","potions_obtained":[{"floor":1.0,"key":"Explosive Potion"},{"floor":4.0,"key":"EssenceOfSteel"},{"floor":7.0,"key":"Fire Potion"},{"floor":16.0,"key":"Ancient Potion"}],"is_trial":false,"path_per_floor":["M","M","?","M","$","R","M","E","T","E","R","?","M","?","R","B",null,"M","?","?","?","M"],"character_chosen":"IRONCLAD","items_purchased":["Membership Card","Whetstone","PreservedInsect"],"campfire_rested":0,"item_purchase_floors":[5,5,5],"current_hp_per_floor":[65,70,70,74,74,74,74,65,65,53,53,53,45,34,34,24,62,50,50,29,29,0],"gold":239,"neow_bonus":"HUNDRED_GOLD","is_prod":false,"is_daily":false,"chose_seed":false,"campfire_upgraded":3,"win_rate":0,"timestamp":1549635382,"path_taken":["M","M","?","M","$","R","M","E","T","E","R","?","?","?","R","BOSS","M","?","?","?","M"],"build_version":"2019-01-23","purchased_purges":0,"victory":false,"max_hp_per_floor":[75,75,75,75,75,75,75,75,75,75,75,75,75,75,75,75,75,75,75,75,75,75],"card_choices":[{"not_picked":["Wild Strike","Power Through"],"picked":"Carnage","floor":1.0},{"not_picked":["Fire Breathing","Power Through"],"picked":"Uppercut","floor":2.0},{"not_picked":["Wild Strike","Uppercut"],"picked":"Anger","floor":4.0},{"not_picked":["Wild Strike","Shrug It Off"],"picked":"Flame Barrier","floor":7.0},{"not_picked":["Hemokinesis","Sever Soul"],"picked":"True Grit","floor":8.0},{"not_picked":["Perfected Strike","Metallicize","Body Slam"],"picked":"SKIP","floor":10.0},{"not_picked":["Iron Wave","Thunderclap","Sword Boomerang"],"picked":"SKIP","floor":13.0},{"not_picked":["Clash","Perfected Strike"],"picked":"Pommel Strike","floor":14.0},{"not_picked":["Brutality","Barricade"],"picked":"Reaper","floor":16.0},{"not_picked":["Bloodletting","Cleave","Twin Strike"],"picked":"SKIP","floor":18}],"player_experience":937787,"relics_obtained":[{"floor":8.0,"key":"Kunai"},{"floor":10.0,"key":"Ice Cream"},{"floor":14.0,"key":"Centennial Puzzle"},{"floor":20,"key":"Enchiridion"}],"event_choices":[{"damage_healed":0.0,"max_hp_gain":0.0,"max_hp_loss":0.0,"gold_gain":150.0,"event_name":"Liars Game","player_choice":"AGREE","floor":3.0,"gold_loss":0.0,"damage_taken":0.0,"cards_obtained":["Doubt"]},{"damage_healed":0.0,"max_hp_gain":0.0,"max_hp_loss":0.0,"gold_gain":0.0,"cards_transformed":["Strike_R"],"event_name":"Transmorgrifier","player_choice":"Transformed","floor":12.0,"gold_loss":0.0,"damage_taken":0.0,"cards_obtained":["Heavy Blade"]},{"damage_healed":0.0,"max_hp_gain":0.0,"max_hp_loss":0.0,"gold_gain":0.0,"event_name":"Dead Adventurer","player_choice":"Searched \u00271\u0027 times","floor":14.0,"gold_loss":0.0,"damage_taken":0.0},{"damage_healed":0,"gold_gain":0,"player_choice":"Ignored","damage_taken":0,"max_hp_gain":0,"max_hp_loss":0,"event_name":"Ghosts","floor":19,"gold_loss":0},{"damage_healed":0,"gold_gain":0,"player_choice":"Obtained Book","damage_taken":21,"max_hp_gain":0,"max_hp_loss":0,"event_name":"Cursed Tome","floor":20,"gold_loss":0},{"damage_healed":0,"gold_gain":0,"player_choice":"1 cards matched","damage_taken":0,"max_hp_gain":0,"max_hp_loss":0,"event_name":"Match and Keep!","floor":21,"gold_loss":0,"cards_obtained":["Double Tap"]}],"is_beta":false,"boss_relics":[{"not_picked":["Black Blood","White Beast Statue"],"picked":"Black Star"}],"items_purged_floors":[],"is_endless":false,"potions_floor_spawned":[1,4,7,10,16],"killed_by":"Shell Parasite","ascension_level":20}