{"gold_per_floor":[115,128,128,147,161,161,195,195,222,222,222,202,231,244,244,319,319,335,347,347,365,85,117,117,149,224,224,28,42,141,141,141,141],"floor_reached":33,"playtime":1476,"items_purged":["Defend_R","Defend_R"],"score":498,"play_id":"f0386a9e-f0bb-4260-9ef0-e314ff1997b5","local_time":"20190511105520","is_ascension_mode":true,"campfire_choices":[{"data":"Uppercut","floor":6,"key":"SMITH"},{"floor":8,"key":"REST"},{"floor":11,"key":"REST"},{"floor":15,"key":"REST"},{"floor":24,"key":"REST"},{"floor":27,"key":"REST"},{"floor":32,"key":"REST"}],"neow_cost":"NONE","seed_source_timestamp":1972744730692945,"circlet_count":0,"master_deck":["AscendersBane","Strike_R","Strike_R","Strike_R","Strike_R","Strike_R","Defend_R","Defend_R","Bash","Twin Strike","Uppercut+1","Intimidate","Shrug It Off","Inflame","Evolve","Twin Strike","Cleave","Cleave","Metallicize","Juggernaut","Body Slam+1","Metallicize","Armaments+1","Demon Form","Barricade","Ghostly Armor","Metallicize"],"relics":["Burning Blood","Dream Catcher","Smiling Mask","Blood Vial","Thread and Needle","Black Star","Orichalcum","Lantern","Anchor","Juzu Bracelet","Bottled Flame","Sundial","Enchiridion"],"potions_floor_usage":[5,7,13,13,16,19,25],"damage_taken":[{"damage":9,"enemies":"Small Slimes","floor":1,"turns":5},{"damage":9,"enemies":"Jaw Worm","floor":2,"turns":3},{"damage":0,"enemies":"Cultist","floor":4,"turns":3},{"damage":3,"enemies":"2 Fungi Beasts","floor":5,"turns":4},{"damage":19,"enemies":"Lagavulin","floor":7,"turns":7},{"damage":25,"enemies":"3 Sentries","floor":13,"turns":7},{"damage":15,"enemies":"Large Slime","floor":14,"turns":6},{"damage":27,"enemies":"Slime Boss","floor":16,"turns":12},{"damage":13,"enemies":"3 Byrds","floor":18,"turns":5},{"damage":21,"enemies":"Spheric Guardian","floor":19,"turns":4},{"damage":16,"enemies":"Centurion and Healer","floor":21,"turns":5},{"damage":55,"enemies":"Gremlin Leader","floor":23,"turns":7},{"damage":41,"enemies":"Slavers","floor":25,"turns":9},{"damage":14,"enemies":"Snecko","floor":29,"turns":5},{"damage":38,"enemies":"Collector","floor":33,"turns":3}],"seed_played":"7912974218430075447","potions_obtained":[{"floor":1,"key":"FearPotion"},{"floor":4,"key":"FearPotion"},{"floor":7,"key":"Fire Potion"},{"floor":12,"key":"Swift Potion"},{"floor":14,"key":"EssenceOfSteel"},{"floor":18,"key":"SteroidPotion"},{"floor":23,"key":"Ancient Potion"},{"floor":25,"key":"SpeedPotion"},{"floor":29,"key":"SneckoOil"}],"is_trial":false,"path_per_floor":["M","M","?","M","M","R","E","R","T","?","R","?","E","M","R","B",null,"M","M","?","M","$","E","R","E","T","R","$","M","?","?","R","B"],"character_chosen":"IRONCLAD","items_purchased":["Orichalcum","Metallicize","Barricade","Ghostly Armor"],"campfire_rested":6,"item_purchase_floors":[22,22,28,28],"current_hp_per_floor":[65,62,62,68,71,71,58,75,75,42,64,64,47,40,62,43,67,62,49,74,65,65,18,40,7,7,29,29,23,23,7,29,0],"gold":141,"neow_bonus":"THREE_CARDS","is_prod":false,"is_daily":false,"chose_seed":false,"campfire_upgraded":1,"win_rate":0,"timestamp":1557582920,"path_taken":["M","M","?","M","M","R","E","R","T","?","R","?","E","?","R","BOSS","M","M","?","M","$","E","R","E","T","R","$","M","?","?","R","BOSS"],"build_version":"2019-01-23","purchased_purges":2,"victory":false,"max_hp_per_floor":[75,75,75,75,75,75,75,75,75,75,75,75,75,75,75,75,75,75,75,75,75,75,75,75,75,75,75,75,75,75,75,75,75],"card_choices":[{"not_picked":["Anger","Wild Strike"],"picked":"Twin Strike","floor":0},{"not_picked":["Rupture","Reckless Charge"],"picked":"Uppercut","floor":1},{"not_picked":["Wild Strike","Armaments"],"picked":"Intimidate","floor":2},{"not_picked":["Clothesline","Perfected Strike"],"picked":"Shrug It Off","floor":4},{"not_picked":["Havoc","Perfected Strike"],"picked":"Inflame","floor":5},{"not_picked":["Carnage","Armaments"],"picked":"Evolve","floor":7},{"not_picked":["Corruption","Fiend Fire"],"picked":"Twin Strike","floor":8},{"not_picked":["Heavy Blade","Fire Breathing"],"picked":"Cleave","floor":11},{"not_picked":["Evolve","Perfected Strike"],"picked":"Cleave","floor":13},{"not_picked":["Dual Wield","Heavy Blade","Combust"],"picked":"SKIP","floor":14},{"not_picked":["Flex","Blood for Blood"],"picked":"Metallicize","floor":15},{"not_picked":["Offering","Berserk"],"picked":"Juggernaut","floor":16},{"not_picked":["Clash+1","Searing Blow"],"picked":"Body Slam+1","floor":18},{"not_picked":["Anger","Sentinel","Shrug It Off"],"picked":"SKIP","floor":19},{"not_picked":["Pummel","Fire Breathing","True Grit"],"picked":"SKIP","floor":21},{"not_picked":["Metallicize","Twin Strike"],"picked":"Armaments+1","floor":23},{"not_picked":["Heavy Blade+1","Dual Wield"],"picked":"Demon Form","floor":24},{"not_picked":["Reckless Charge","Thunderclap","Rupture"],"picked":"SKIP","floor":25},{"not_picked":["Body Slam","Hemokinesis","Searing Blow+1"],"picked":"SKIP","floor":29},{"not_picked":["Heavy Blade+1","Wild Strike"],"picked":"Metallicize","floor":32}],"player_experience":727148,"relics_obtained":[{"floor":7,"key":"Dream Catcher"},{"floor":9,"key":"Smiling Mask"},{"floor":13,"key":"Thread and Needle"},{"floor":23,"key":"Lantern"},{"floor":23,"key":"Anchor"},{"floor":25,"key":"Juzu Bracelet"},{"floor":25,"key":"Bottled Flame"},{"floor":26,"key":"Sundial"},{"floor":31,"key":"Enchiridion"}],"event_choices":[{"damage_healed":0,"gold_gain":0,"player_choice":"Ignored","damage_taken":0,"max_hp_gain":0,"max_hp_loss":0,"event_name":"Liars Game","floor":3,"gold_loss":0},{"damage_healed":0,"gold_gain":0,"player_choice":"Success","damage_taken":33,"relics_obtained":["Blood Vial"],"max_hp_gain":0,"max_hp_loss":0,"event_name":"Scrap Ooze","floor":10,"gold_loss":0},{"damage_healed":0,"gold_gain":0,"player_choice":"Bought 1 Potion","damage_taken":0,"max_hp_gain":0,"max_hp_loss":0,"event_name":"The Woman in Blue","floor":12,"gold_loss":0},{"damage_healed":25,"gold_gain":0,"player_choice":"Heal","damage_taken":0,"max_hp_gain":0,"max_hp_loss":0,"event_name":"The Library","floor":20,"gold_loss":0},{"damage_healed":0,"gold_gain":99,"player_choice":"Stole From Cult","damage_taken":0,"max_hp_gain":0,"max_hp_loss":0,"event_name":"Nest","floor":30,"gold_loss":0},{"damage_healed":0,"gold_gain":0,"player_choice":"Obtained Book","damage_taken":16,"max_hp_gain":0,"max_hp_loss":0,"event_name":"Cursed Tome","floor":31,"gold_loss":0}],"is_beta":false,"boss_relics":[{"not_picked":["Tiny House","Runic Pyramid"],"picked":"Black Star"}],"items_purged_floors":[22,28],"is_endless":false,"potions_floor_spawned":[1,4,7,14,18,23,25,29],"killed_by":"Collector","ascension_level":14}