{"gold_per_floor":[368,368,16,36,36,36,76,76,128,166,166,181,181,222,222,313,313,328,328,342,366,366,429,429,472,496,509,223,148,167,207,207,301,301,321,321,337,352,373,373,414,414,438,479,497,497,25,25,25,25,25,25,25,25,64,64],"floor_reached":57,"playtime":4946,"items_purged":["Strike_B","Strike_B"],"score":3247,"play_id":"9fb0d053-73fe-4a2c-bc83-192b8cc41424","local_time":"20190317143945","is_ascension_mode":true,"campfire_choices":[{"data":"Zap","floor":6,"key":"SMITH"},{"data":"Conserve Battery","floor":8,"key":"SMITH"},{"floor":11,"key":"REST"},{"data":"Ball Lightning","floor":13,"key":"SMITH"},{"floor":15,"key":"REST"},{"data":"Electrodynamics","floor":24,"key":"SMITH"},{"floor":32,"key":"RECALL"},{"data":"Echo Form","floor":40,"key":"SMITH"},{"data":"Dualcast","floor":46,"key":"SMITH"},{"floor":49,"key":"REST"},{"data":"Defend_B","floor":53,"key":"SMITH"}],"neow_cost":"TEN_PERCENT_HP_LOSS","seed_source_timestamp":4262444438604,"circlet_count":0,"master_deck":["AscendersBane","Defend_B+1","Defend_B","Defend_B+1","Defend_B+1","Zap+1","Dualcast+1","Conserve Battery+1","Ball Lightning+1","Ball Lightning","Consume+1","Genetic Algorithm+1","Chaos+1","Electrodynamics+1","Undo+1","Glacier+1","Conserve Battery+1","BootSequence+1","Undo+1","Skim+1","Echo Form+1","Conserve Battery+1","Impatience+1","Chill+1","Turbo+1","Recycle+1","Glacier+1","Seek+1","Genetic Algorithm+1","Hologram+1","Reinforced Body+1"],"relics":["Cracked Core","Golden Idol","Pocketwatch","Toxic Egg 2","Oddly Smooth Stone","Letter Opener","Meat on the Bone","Inserter","Tiny Chest","StoneCalendar","Bronze Scales","War Paint","Runic Pyramid","DataDisk","Dream Catcher","Question Card","DollysMirror","Blue Candle"],"potions_floor_usage":[7,18,20,23,44,56,56],"damage_taken":[{"damage":0,"enemies":"Small Slimes","floor":1,"turns":2},{"damage":0,"enemies":"Cultist","floor":4,"turns":3},{"damage":18,"enemies":"Lagavulin","floor":7,"turns":5},{"damage":12,"enemies":"3 Sentries","floor":10,"turns":5},{"damage":0,"enemies":"2 Louse","floor":12,"turns":2},{"damage":14,"enemies":"Lagavulin","floor":14,"turns":4},{"damage":17,"enemies":"Slime Boss","floor":16,"turns":6},{"damage":0,"enemies":"Chosen","floor":18,"turns":3},{"damage":3,"enemies":"2 Thieves","floor":20,"turns":3},{"damage":1,"enemies":"3 Cultists","floor":21,"turns":3},{"damage":18,"enemies":"Gremlin Leader","floor":23,"turns":6},{"damage":0,"enemies":"Book of Stabbing","floor":25,"turns":7},{"damage":0,"enemies":"Snecko","floor":27,"turns":5},{"damage":1,"enemies":"Centurion and Healer","floor":30,"turns":5},{"damage":13,"enemies":"Slavers","floor":31,"turns":3},{"damage":0,"enemies":"Collector","floor":33,"turns":11},{"damage":0,"enemies":"3 Shapes","floor":35,"turns":6},{"damage":0,"enemies":"3 Darklings","floor":37,"turns":3},{"damage":0,"enemies":"Sphere and 2 Shapes","floor":38,"turns":6},{"damage":25,"enemies":"Transient","floor":39,"turns":6},{"damage":0,"enemies":"Giant Head","floor":41,"turns":9},{"damage":0,"enemies":"Reptomancer","floor":44,"turns":6},{"damage":0,"enemies":"Maw","floor":45,"turns":8},{"damage":7,"enemies":"Time Eater","floor":50,"turns":10},{"damage":0,"enemies":"Awakened One","floor":51,"turns":14},{"damage":5,"enemies":"Shield and Spear","floor":55,"turns":6},{"damage":0,"enemies":"The Heart","floor":56,"turns":12}],"seed_played":"-4903120738447327875","potions_obtained":[{"floor":4,"key":"FearPotion"},{"floor":7,"key":"GamblersBrew"},{"floor":14,"key":"SkillPotion"},{"floor":18,"key":"Block Potion"},{"floor":20,"key":"Energy Potion"},{"floor":27,"key":"SkillPotion"},{"floor":33,"key":"PowerPotion"},{"floor":44,"key":"Poison Potion"},{"floor":45,"key":"FocusPotion"}],"is_trial":false,"path_per_floor":["M","?","$","M","$","R","E","R","T","E","R","M","R","E","R","B",null,"M","?","M","M","?","E","R","E","T","M","$","?","M","E","R","B",null,"M","?","M","M","M","R","E","?","T","E","M","R","$","?","R","B","B",null,"R","$","E","B",null],"character_chosen":"DEFECT","items_purchased":["Pocketwatch","Ball Lightning","Bronze Scales","Undo+1","Seek+1","DollysMirror"],"campfire_rested":3,"item_purchase_floors":[3,3,28,28,47,47],"current_hp_per_floor":[64,58,58,58,58,58,40,40,40,28,45,45,45,31,48,31,51,51,51,48,47,47,41,41,41,41,41,41,41,40,39,39,39,53,53,53,53,53,40,40,40,40,40,40,40,40,40,40,55,48,48,53,53,53,48,48],"gold":64,"neow_bonus":"TWO_FIFTY_GOLD","is_prod":false,"is_daily":false,"chose_seed":false,"campfire_upgraded":7,"win_rate":0,"timestamp":1552829985,"path_taken":["M","?","$","M","$","R","E","R","T","E","R","M","R","E","R","BOSS","M","?","?","M","?","E","R","E","T","M","?","?","M","E","R","BOSS","M","?","M","M","M","R","E","?","T","E","M","R","$","?","R","BOSS","BOSS","R","$","E","BOSS"],"build_version":"2019-01-23","purchased_purges":2,"victory":true,"max_hp_per_floor":[64,58,58,58,58,58,58,58,58,58,58,58,58,58,58,58,58,58,58,58,58,58,58,58,58,58,58,58,58,58,58,58,58,58,58,58,58,58,58,58,58,55,55,55,55,55,55,55,55,55,55,55,55,55,55,55],"card_choices":[{"not_picked":["Turbo","Aggregate"],"picked":"Conserve Battery","floor":1},{"not_picked":["Steam","Heatsinks"],"picked":"Ball Lightning","floor":4},{"not_picked":["Leap","Stack"],"picked":"Consume","floor":7},{"not_picked":["Scrape","Streamline","Ball Lightning"],"picked":"SKIP","floor":10},{"not_picked":["Streamline","Consume+1"],"picked":"Genetic Algorithm+1","floor":12},{"not_picked":["Multi-Cast+1","Rebound"],"picked":"Chaos+1","floor":14},{"not_picked":["Biased Cognition","Creative AI"],"picked":"Electrodynamics","floor":16},{"not_picked":["Sweeping Beam","Barrage","Streamline"],"picked":"SKIP","floor":18},{"not_picked":["Redo+1","Sunder"],"picked":"Undo+1","floor":20},{"not_picked":["Streamline","Conserve Battery+1"],"picked":"Glacier+1","floor":21},{"not_picked":["Storm","Electrodynamics"],"picked":"Conserve Battery+1","floor":23},{"not_picked":["Streamline","Hello World","Capacitor+1"],"picked":"SKIP","floor":25},{"not_picked":["Gash","Rebound"],"picked":"BootSequence+1","floor":27},{"not_picked":["Chill+1","Stack+1","Capacitor"],"picked":"SKIP","floor":30},{"not_picked":["Turbo+1","Sweeping Beam+1"],"picked":"Skim+1","floor":31},{"not_picked":["Reboot+1","Seek+1"],"picked":"Echo Form","floor":33},{"not_picked":["Scrape","Hologram+1"],"picked":"Conserve Battery+1","floor":35},{"not_picked":["Jack Of All Trades+1","Forethought+1"],"picked":"Impatience+1","floor":36},{"not_picked":["Blizzard+1","Melter"],"picked":"Chill+1","floor":37},{"not_picked":["Auto Shields+1","Stack+1"],"picked":"Turbo+1","floor":38},{"not_picked":["Capacitor","Steam+1"],"picked":"Recycle+1","floor":39},{"not_picked":["Rebound","Force Field+1","FTL"],"picked":"SKIP","floor":41},{"not_picked":["Auto Shields+1","Redo+1","Tempest+1"],"picked":"SKIP","floor":44},{"not_picked":["Compile Driver+1","Coolheaded+1","Reprogram+1"],"picked":"Glacier+1","floor":45},{"not_picked":["Genetic Algorithm+1","Echo Form","Doom and Gloom"],"picked":"Hologram+1","floor":49},{"not_picked":["Ball Lightning","Steam+1","Melter"],"picked":"Reinforced Body+1","floor":55}],"player_experience":1028599,"relics_obtained":[{"floor":7,"key":"Toxic Egg 2"},{"floor":9,"key":"Oddly Smooth Stone"},{"floor":10,"key":"Letter Opener"},{"floor":14,"key":"Meat on the Bone"},{"floor":23,"key":"Tiny Chest"},{"floor":25,"key":"StoneCalendar"},{"floor":31,"key":"War Paint"},{"floor":41,"key":"DataDisk"},{"floor":43,"key":"Dream Catcher"},{"floor":44,"key":"Question Card"},{"floor":55,"key":"Blue Candle"}],"event_choices":[{"damage_healed":0,"gold_gain":0,"player_choice":"Lose Max HP","damage_taken":0,"relics_obtained":["Golden Idol"],"max_hp_gain":0,"max_hp_loss":6,"event_name":"Golden Idol","floor":2,"gold_loss":0},{"cards_removed":["Strike_B"],"damage_healed":0,"gold_gain":0,"player_choice":"Purged","damage_taken":0,"max_hp_gain":0,"max_hp_loss":0,"event_name":"Purifier","floor":19,"gold_loss":0},{"damage_healed":0,"gold_gain":0,"player_choice":"0 cards matched","damage_taken":0,"max_hp_gain":0,"max_hp_loss":0,"event_name":"Match and Keep!","floor":22,"gold_loss":0,"cards_obtained":[]},{"cards_removed":["Strike_B"],"damage_healed":0,"gold_gain":0,"player_choice":"Gave Gold","damage_taken":0,"max_hp_gain":0,"max_hp_loss":0,"event_name":"Beggar","floor":29,"gold_loss":75},{"damage_healed":0,"gold_gain":0,"player_choice":"Memory 1","damage_taken":0,"max_hp_gain":0,"max_hp_loss":0,"event_name":"SensoryStone","floor":36,"gold_loss":0},{"damage_healed":0,"gold_gain":0,"player_choice":"Max HP","damage_taken":0,"max_hp_gain":0,"max_hp_loss":3,"event_name":"Winding Halls","floor":42,"gold_loss":0},{"damage_healed":0,"gold_gain":0,"player_choice":"0 cards matched","damage_taken":0,"max_hp_gain":0,"max_hp_loss":0,"event_name":"Match and Keep!","floor":48,"gold_loss":0,"cards_obtained":[]}],"is_beta":false,"boss_relics":[{"not_picked":["Black Star","Sozu"],"picked":"Inserter"},{"not_picked":["Runic Dome","Tiny House"],"picked":"Runic Pyramid"}],"items_purged_floors":[28,47],"is_endless":false,"potions_floor_spawned":[4,7,14,18,20,27,33,37,41,44,45],"ascension_level":20}