{"path_per_floor":["M","M","?","$","M","R","M","?","T","M","?","M","M","$","R","B",null,"M","M","?","$","M","R","?","R","T","?","R","M","M","M","R"],"character_chosen":"IRONCLAD","items_purchased":["Cleave","Armaments","Bronze Scales","Orichalcum","Anger"],"gold_per_floor":[117,137,137,35,53,53,67,67,67,81,111,136,155,10,10,138,176,199,219,219,48,62,62,62,62,62,62,62,78,102,125,125],"floor_reached":33,"campfire_rested":4,"playtime":3336,"current_hp_per_floor":[80,80,80,80,80,80,80,60,60,66,66,71,68,68,80,26,85,49,43,43,43,22,47,57,85,85,85,85,71,32,32,60],"items_purged":[],"gold":125,"play_id":"838e13d8-5fcf-4ea4-a247-d9f6b8e9dfa7","is_prod":false,"is_daily":false,"campfire_rituals":0,"campfire_upgraded":1,"is_hardmode":false,"path_taken":["M","M","?","$","M","R","M","?","T","M","?","?","M","$","R","BOSS","M","M","?","$","M","R","?","R","T","?","R","M","M","?","R","BOSS"],"build_version":"2018-01-18-PROD4","purchased_purges":0,"victory":false,"master_deck":["Strike_R","Strike_R","Strike_R","Strike_R","Strike_R","Defend_R","Defend_R","Defend_R","Defend_R","Bash","Pommel Strike","Shrug It Off","Cleave","Armaments","Sword Boomerang","Flex","Sever Soul","Flex","Flame Barrier","Impervious","Fire Breathing","Clash","Reaper","Combust","Anger","Perfected Strike","Writhe","Headbutt","Perfected Strike","Seeing Red"],"max_hp_per_floor":[80,80,80,80,80,80,80,80,80,80,80,80,80,80,80,80,85,85,85,85,85,85,85,95,95,95,95,95,95,95,95,95],"relics":["Burning Blood","Golden Idol","War Paint","Bronze Scales","Tiny House","Orichalcum","Pear","Girya"],"campfire_meditates":0,"card_choices":[{"not_picked":["Infernal Blade","Sword Boomerang"],"picked":"Pommel Strike"},{"not_picked":["Intimidate","Searing Blow"],"picked":"Shrug It Off"},{"not_picked":["Warcry","Intimidate"],"picked":"Sword Boomerang"},{"not_picked":["Combust","Sword Boomerang"],"picked":"Flex"},{"not_picked":["Warcry","Sword Boomerang"],"picked":"Sever Soul"},{"not_picked":["Shrug It Off","Pummel"],"picked":"Flex"},{"not_picked":["Fire Breathing","Iron Wave"],"picked":"Flame Barrier"},{"not_picked":["Demon Form","Offering"],"picked":"Impervious"},{"not_picked":["Rupture","Shrug It Off"],"picked":"Fire Breathing"},{"not_picked":["Armaments","Twin Strike"],"picked":"Clash"},{"not_picked":["Twin Strike","Thunderclap"],"picked":"Reaper"},{"not_picked":["Armaments","True Grit"],"picked":"Perfected Strike"},{"not_picked":["Battle Trance","Pommel Strike"],"picked":"Headbutt"},{"not_picked":["Anger","Twin Strike"],"picked":"Perfected Strike"},{"not_picked":["Pummel","Sword Boomerang"],"picked":"Seeing Red"}],"player_experience":0,"potions_floor_usage":[13,16,16,30,30,31],"damage_taken":[{"damage":0,"enemies":"Small Slimes","floor":1,"turns":3},{"damage":6,"enemies":"Cultist","floor":2,"turns":3},{"damage":2,"enemies":"Jaw Worm","floor":5,"turns":5},{"damage":2,"enemies":"Lots of Slimes","floor":7,"turns":2},{"damage":0,"enemies":"2 Fungi Beasts","floor":10,"turns":2},{"damage":1,"enemies":"Exordium Wildlife","floor":12,"turns":3},{"damage":9,"enemies":"Exordium Thugs","floor":13,"turns":4},{"damage":60,"enemies":"The Guardian","floor":16,"turns":13},{"damage":42,"enemies":"Spheric Guardian","floor":18,"turns":8},{"damage":12,"enemies":"3 Byrds","floor":19,"turns":4},{"damage":31,"enemies":"Snecko","floor":22,"turns":7},{"damage":20,"enemies":"Chosen and Byrds","floor":29,"turns":5},{"damage":45,"enemies":"Slaver and Parasite","floor":30,"turns":6},{"damage":20,"enemies":"Centurion and Healer","floor":31,"turns":8},{"damage":85,"enemies":"Champ","floor":33,"turns":14}],"event_choices":[{"event_name":"Liars Game","player_choice":"disagreed","floor":3,"damage_taken":0},{"event_name":"Golden Idol","player_choice":"Take Damage","floor":8,"damage_taken":0},{"event_name":"Dead Adventurer","player_choice":"Searched \u00271\u0027 times","floor":11,"damage_taken":0},{"event_name":"Match and Keep!","player_choice":"1 cards matched","floor":20,"damage_taken":0},{"event_name":"The Mausoleum","player_choice":"Yes","floor":24,"damage_taken":0},{"event_name":"Upgrade Shrine","player_choice":"Upgraded","floor":27,"damage_taken":0}],"boss_relics":[{"not_picked":["Cursed Key","Question Card"],"picked":"Tiny House"}],"potions_floor_spawned":[1,5,10,18,29],"seed_played":"3494182547554351819","killed_by":"Champ","is_trial":false}