{"gold_per_floor":[109,109,126,126,201,201,229,229,229,255,255,270,270,299,299,370,370,384,394,408,408,428,428,457,457,483,515,530,564,596,615,615,693,693,708,719,78,1077,779,807,807,840,840,840,358,386,386,396,396,396,396],"floor_reached":51,"playtime":2573,"items_purged":["Strike_R","Normality","Normality"],"score":1593,"play_id":"5d978b0d-1e4f-42f9-b54a-76b618501739","local_time":"20190204014509","is_ascension_mode":true,"campfire_choices":[{"data":"Bash","floor":6,"key":"SMITH"},{"floor":8,"key":"REST"},{"data":"Armaments","floor":13,"key":"SMITH"},{"floor":15,"key":"RECALL"},{"data":"Juggernaut","floor":23,"key":"SMITH"},{"data":"Evolve","floor":25,"key":"SMITH"},{"data":"Immolate","floor":32,"key":"SMITH"},{"floor":41,"key":"REST"},{"floor":49,"key":"REST"}],"neow_cost":"TEN_PERCENT_HP_LOSS","seed_source_timestamp":45475399320766,"circlet_count":0,"master_deck":["AscendersBane","Strike_R","Strike_R","Strike_R","Defend_R","Defend_R","Defend_R","Defend_R","Bash+1","Immolate+1","Armaments+1","Rampage","Shrug It Off","Evolve+1","Infernal Blade+1","Juggernaut+1","Battle Trance+1","Ghostly Armor+1","Headbutt","Immolate+1","Shockwave+1","Feel No Pain","Entrench+1","Impervious+1","Spot Weakness+1","True Grit+1","Body Slam","Barricade","Feel No Pain","Inflame","Inflame","Metallicize","Ghostly Armor+1"],"relics":["Burning Blood","Smiling Mask","Happy Flower","Pear","Meat on the Bone","Toxic Egg 2","Letter Opener","Mark of Pain","MutagenicStrength","Mercury Hourglass","The Courier","Dream Catcher","Red Mask","Snecko Eye","Dodecahedron","Strawberry","Centennial Puzzle","Bronze Scales","Pen Nib","Kunai","Vajra","Sundial","ClockworkSouvenir","Oddly Smooth Stone"],"potions_floor_usage":[27,33],"damage_taken":[{"damage":7,"enemies":"Jaw Worm","floor":1,"turns":3},{"damage":12,"enemies":"2 Louse","floor":3,"turns":3},{"damage":34,"enemies":"Gremlin Nob","floor":7,"turns":4},{"damage":29,"enemies":"Lagavulin","floor":10,"turns":6},{"damage":0,"enemies":"Cultist","floor":12,"turns":3},{"damage":8,"enemies":"Gremlin Nob","floor":14,"turns":3},{"damage":20,"enemies":"The Guardian","floor":16,"turns":12},{"damage":13,"enemies":"2 Thieves","floor":18,"turns":4},{"damage":11,"enemies":"Shell Parasite","floor":19,"turns":2},{"damage":26,"enemies":"Snecko","floor":20,"turns":4},{"damage":5,"enemies":"Centurion and Healer","floor":22,"turns":4},{"damage":7,"enemies":"Slavers","floor":24,"turns":2},{"damage":17,"enemies":"Book of Stabbing","floor":27,"turns":3},{"damage":5,"enemies":"Snake Plant","floor":28,"turns":3},{"damage":15,"enemies":"Gremlin Leader","floor":29,"turns":5},{"damage":0,"enemies":"Masked Bandits","floor":30,"turns":2},{"damage":0,"enemies":"Cultist and Chosen","floor":31,"turns":3},{"damage":30,"enemies":"Automaton","floor":33,"turns":8},{"damage":0,"enemies":"Orb Walker","floor":35,"turns":3},{"damage":3,"enemies":"3 Darklings","floor":36,"turns":4},{"damage":50,"enemies":"Nemesis","floor":40,"turns":6},{"damage":8,"enemies":"Giant Head","floor":42,"turns":6},{"damage":10,"enemies":"Nemesis","floor":46,"turns":5},{"damage":18,"enemies":"Writhing Mass","floor":48,"turns":5},{"damage":80,"enemies":"Donu and Deca","floor":50,"turns":11},{"damage":24,"enemies":"Awakened One","floor":51,"turns":3}],"seed_played":"-3909576123745615885","potions_obtained":[{"floor":1,"key":"Explosive Potion"},{"floor":10,"key":"LiquidBronze"},{"floor":16,"key":"Regen Potion"},{"floor":24,"key":"Dexterity Potion"},{"floor":29,"key":"SteroidPotion"},{"floor":31,"key":"Fire Potion"},{"floor":35,"key":"FearPotion"},{"floor":42,"key":"Strength Potion"},{"floor":48,"key":"SteroidPotion"}],"is_trial":false,"path_per_floor":["M","?","M","T","?","R","E","R","T","E","T","M","R","E","R","B",null,"M","M","M","?","M","R","E","R","T","E","M","E","?","M","R","B",null,"M","M","$","?","$","E","R","E","T","?","$","E","?","M","R","B","B"],"character_chosen":"IRONCLAD","items_purchased":["Dodecahedron","Strawberry","Centennial Puzzle","Bronze Scales","Spot Weakness+1","True Grit+1","Pen Nib","Feel No Pain","ClockworkSouvenir","Inflame","Inflame","Metallicize"],"campfire_rested":3,"item_purchase_floors":[37,37,37,37,39,39,39,45,45,45,45,45],"current_hp_per_floor":[67,67,61,61,50,50,22,42,52,29,29,47,47,57,57,55,72,65,60,52,52,53,53,52,52,52,53,54,57,63,69,69,57,73,78,78,85,85,85,53,78,76,76,76,76,72,72,60,81,19,0],"gold":396,"neow_bonus":"THREE_RARE_CARDS","is_prod":false,"is_daily":false,"chose_seed":false,"campfire_upgraded":5,"win_rate":0,"timestamp":1549241109,"path_taken":["M","?","M","?","?","R","E","R","T","E","?","M","R","E","R","BOSS","M","M","?","?","M","R","E","R","T","E","M","E","?","M","R","BOSS","M","M","$","?","$","E","R","E","T","?","$","E","?","M","R","BOSS","BOSS"],"build_version":"2019-01-23","purchased_purges":3,"victory":false,"max_hp_per_floor":[68,68,68,68,68,68,68,68,78,78,78,78,78,78,78,78,78,78,78,78,78,78,78,78,78,78,78,78,78,78,78,78,78,78,78,78,85,85,85,85,85,85,85,81,81,81,81,81,81,81,81],"card_choices":[{"not_picked":["Reaper","Demon Form"],"picked":"Immolate","floor":0},{"not_picked":["Hemokinesis","Clothesline"],"picked":"Armaments","floor":1},{"not_picked":["Havoc","Flex","Whirlwind"],"picked":"SKIP","floor":3},{"not_picked":["Fiend Fire","Exhume"],"picked":"Rampage","floor":7},{"not_picked":["Sword Boomerang","Body Slam"],"picked":"Shrug It Off","floor":10},{"not_picked":["Armaments+1","Sever Soul"],"picked":"Evolve","floor":12},{"not_picked":["Clothesline","Metallicize"],"picked":"Infernal Blade+1","floor":14},{"not_picked":["Dark Embrace","Immolate"],"picked":"Juggernaut","floor":16},{"not_picked":["Flex+1","Sever Soul"],"picked":"Battle Trance+1","floor":18},{"not_picked":["Sword Boomerang","Rampage"],"picked":"Ghostly Armor+1","floor":19},{"not_picked":["Heavy Blade","Sword Boomerang","Clash"],"picked":"SKIP","floor":20},{"not_picked":["Sword Boomerang","Warcry+1"],"picked":"Headbutt","floor":22},{"not_picked":["Sever Soul","Wild Strike","Evolve"],"picked":"SKIP","floor":24},{"not_picked":["Second Wind+1","Cleave"],"picked":"Immolate","floor":27},{"not_picked":["Anger","Pommel Strike"],"picked":"Shockwave+1","floor":28},{"not_picked":["Cleave","Inflame"],"picked":"Feel No Pain","floor":29},{"not_picked":["Heavy Blade","Clash"],"picked":"Entrench+1","floor":30},{"not_picked":["Sentinel+1","Armaments+1","Cleave"],"picked":"SKIP","floor":31},{"not_picked":["Dark Embrace","Juggernaut"],"picked":"Impervious+1","floor":33},{"not_picked":["Clash","Perfected Strike","Warcry+1"],"picked":"SKIP","floor":35},{"not_picked":["Headbutt+1","Armaments+1","Whirlwind"],"picked":"SKIP","floor":36},{"not_picked":["Reckless Charge","Dual Wield+1","Heavy Blade"],"picked":"SKIP","floor":40},{"not_picked":["Perfected Strike","Fire Breathing+1"],"picked":"Body Slam","floor":41},{"not_picked":["Shockwave+1","Rage+1"],"picked":"Barricade","floor":42},{"not_picked":["Twin Strike","Hemokinesis","Clash"],"picked":"SKIP","floor":46},{"not_picked":["Anger","Body Slam","Thunderclap+1"],"picked":"SKIP","floor":48},{"not_picked":["Hemokinesis","Heavy Blade"],"picked":"Ghostly Armor+1","floor":49}],"player_experience":886378,"relics_obtained":[{"floor":4,"key":"Smiling Mask"},{"floor":7,"key":"Happy Flower"},{"floor":9,"key":"Pear"},{"floor":10,"key":"Meat on the Bone"},{"floor":11,"key":"Toxic Egg 2"},{"floor":14,"key":"Letter Opener"},{"floor":24,"key":"Mercury Hourglass"},{"floor":27,"key":"The Courier"},{"floor":29,"key":"Dream Catcher"},{"floor":30,"key":"Red Mask"},{"floor":40,"key":"Kunai"},{"floor":42,"key":"Vajra"},{"floor":43,"key":"Sundial"},{"floor":46,"key":"Oddly Smooth Stone"}],"event_choices":[{"damage_healed":0,"gold_gain":0,"player_choice":"Grow","damage_taken":0,"max_hp_gain":0,"max_hp_loss":0,"event_name":"Living Wall","floor":2,"gold_loss":0,"cards_upgraded":["Immolate"]},{"damage_healed":0,"gold_gain":75,"player_choice":"Gather Gold","damage_taken":11,"max_hp_gain":0,"max_hp_loss":0,"event_name":"World of Goop","floor":5,"gold_loss":0},{"damage_healed":0,"gold_gain":0,"player_choice":"Inject Mutagens","damage_taken":0,"relics_obtained":["MutagenicStrength"],"max_hp_gain":0,"max_hp_loss":0,"event_name":"Drug Dealer","floor":21,"gold_loss":0},{"damage_healed":0,"gold_gain":0,"player_choice":"Fought Bandits","damage_taken":0,"max_hp_gain":0,"max_hp_loss":0,"event_name":"Masked Bandits","floor":30,"gold_loss":0},{"damage_healed":0,"gold_gain":999,"player_choice":"Gold","damage_taken":0,"max_hp_gain":0,"max_hp_loss":0,"event_name":"MindBloom","floor":38,"gold_loss":0,"cards_obtained":["Normality","Normality"]},{"damage_healed":0,"gold_gain":0,"player_choice":"Max HP","damage_taken":0,"max_hp_gain":0,"max_hp_loss":4,"event_name":"Winding Halls","floor":44,"gold_loss":0},{"cards_removed":["Strike_R"],"damage_healed":0,"gold_gain":0,"player_choice":"Purged","damage_taken":0,"max_hp_gain":0,"max_hp_loss":0,"event_name":"Purifier","floor":47,"gold_loss":0}],"is_beta":false,"boss_relics":[{"not_picked":["Pandora\u0027s Box","Ectoplasm"],"picked":"Mark of Pain"},{"not_picked":["Sozu","Fusion Hammer"],"picked":"Snecko Eye"}],"items_purged_floors":[37,39,45],"is_endless":false,"potions_floor_spawned":[1,10,16,18,24,29,31,35,42,48],"killed_by":"Awakened One","ascension_level":20}