{"gold_per_floor":[117,117,131,142,157,157,183,203,229,229,229,248,173,217,217,343,343,366,381,401,414,430,430,448,56,56,56,96,96,119,97,97,226,226,251,269,20,38,163,163,163,163,163,163,184,59,59,78,78,78,78,78,78,114,114],"floor_reached":55,"playtime":3099,"items_purged":["Strike_R","Defend_R","Strike_R"],"score":751,"play_id":"dff4b438-7762-4c8b-8015-3e3ab7b04ae3","local_time":"20190314141639","is_ascension_mode":false,"campfire_choices":[{"data":"Body Slam","floor":6,"key":"SMITH"},{"data":"Trip","floor":11,"key":"SMITH"},{"data":"Rampage","floor":15,"key":"SMITH"},{"floor":23,"key":"RECALL"},{"data":"Flame Barrier","floor":27,"key":"SMITH"},{"data":"Metallicize","floor":29,"key":"SMITH"},{"data":"Shrug It Off","floor":32,"key":"SMITH"},{"data":"Defend_R","floor":40,"key":"SMITH"},{"data":"Defend_R","floor":42,"key":"SMITH"},{"data":"Madness","floor":49,"key":"SMITH"},{"data":"Madness","floor":52,"key":"SMITH"}],"neow_cost":"NONE","seed_source_timestamp":267891373955837,"circlet_count":0,"master_deck":["Strike_R","Defend_R","Defend_R+1","Bash","Trip+1","Rampage+1","Headbutt","Body Slam+1","Clash","Battle Trance","Metallicize+1","Rampage+1","Flame Barrier+1","Clash","Shrug It Off+1","Feed","Warcry+1","Cleave+1","Spot Weakness+1","Body Slam+1","Madness+1","Madness+1","Warcry+1","Flex+1"],"relics":["Burning Blood","Blood Vial","Anchor","Golden Idol","Bronze Scales","Busted Crown","Torii","Kunai","Juzu Bracelet","Empty Cage","Paper Frog","Mango","Sundial"],"potions_floor_usage":[7,7,14,20,24,28,33,33,36],"damage_taken":[{"damage":0,"enemies":"2 Louse","floor":1,"turns":3},{"damage":3,"enemies":"Jaw Worm","floor":3,"turns":4},{"damage":1,"enemies":"Cultist","floor":4,"turns":3},{"damage":21,"enemies":"Lots of Slimes","floor":5,"turns":5},{"damage":16,"enemies":"Gremlin Nob","floor":7,"turns":3},{"damage":3,"enemies":"2 Fungi Beasts","floor":8,"turns":3},{"damage":0,"enemies":"Gremlin Gang","floor":12,"turns":3},{"damage":13,"enemies":"3 Sentries","floor":14,"turns":8},{"damage":37,"enemies":"The Guardian","floor":16,"turns":8},{"damage":15,"enemies":"3 Byrds","floor":18,"turns":4},{"damage":2,"enemies":"Spheric Guardian","floor":19,"turns":3},{"damage":3,"enemies":"Chosen and Byrds","floor":20,"turns":5},{"damage":23,"enemies":"3 Cultists","floor":21,"turns":6},{"damage":14,"enemies":"Centurion and Healer","floor":22,"turns":3},{"damage":0,"enemies":"Snecko","floor":24,"turns":4},{"damage":18,"enemies":"Gremlin Leader","floor":28,"turns":4},{"damage":1,"enemies":"3 Cultists","floor":30,"turns":4},{"damage":0,"enemies":"Collector","floor":33,"turns":10},{"damage":0,"enemies":"Orb Walker","floor":35,"turns":2},{"damage":1,"enemies":"3 Darklings","floor":36,"turns":5},{"damage":1,"enemies":"Jaw Worm Horde","floor":38,"turns":4},{"damage":0,"enemies":"Mind Bloom Boss Battle","floor":39,"turns":4},{"damage":10,"enemies":"4 Shapes","floor":45,"turns":3},{"damage":0,"enemies":"Sphere and 2 Shapes","floor":48,"turns":4},{"damage":68,"enemies":"Awakened One","floor":50,"turns":10},{"damage":89,"enemies":"Shield and Spear","floor":54,"turns":6},{"damage":61,"enemies":"The Heart","floor":55,"turns":2}],"seed_played":"8496779706417599692","potions_obtained":[{"floor":3,"key":"Poison Potion"},{"floor":5,"key":"Strength Potion"},{"floor":8,"key":"Swift Potion"},{"floor":18,"key":"Swift Potion"},{"floor":22,"key":"Dexterity Potion"},{"floor":24,"key":"AttackPotion"},{"floor":28,"key":"FearPotion"},{"floor":30,"key":"PowerPotion"},{"floor":35,"key":"Energy Potion"},{"floor":38,"key":"SmokeBomb"},{"floor":48,"key":"BloodPotion"}],"is_trial":false,"path_per_floor":["M","?","M","M","M","R","E","M","T","?","R","M","$","E","R","B",null,"M","M","M","M","M","R","M","$","T","R","E","R","M","$","R","B",null,"M","M","$","M","?","R","?","R","T","?","M","$","?","M","R","B",null,"R","$","E","B"],"character_chosen":"IRONCLAD","items_purchased":["Torii","Shrug It Off","Paper Frog"],"campfire_rested":0,"item_purchase_floors":[25,31,37],"current_hp_per_floor":[80,85,85,85,70,70,60,65,65,65,65,73,73,68,68,39,79,70,76,79,62,56,56,64,64,64,64,54,54,61,61,61,69,79,82,82,82,85,102,102,102,102,102,102,101,101,88,99,99,39,108,108,108,28,0],"gold":114,"neow_bonus":"RANDOM_COLORLESS","is_prod":false,"is_daily":false,"chose_seed":false,"campfire_upgraded":10,"win_rate":0,"timestamp":1552583799,"path_taken":["M","?","M","M","M","R","E","M","T","?","R","?","$","E","R","BOSS","M","?","M","M","M","R","M","$","T","R","E","R","M","?","R","BOSS","M","M","$","M","?","R","?","R","T","?","M","$","?","M","R","BOSS","R","$","E","BOSS"],"build_version":"2019-01-23","purchased_purges":3,"victory":false,"max_hp_per_floor":[80,85,85,85,85,85,85,85,85,79,79,79,79,79,79,79,79,79,79,79,79,79,79,79,79,79,79,79,79,79,79,79,79,79,82,82,82,85,102,102,102,102,102,102,105,105,105,108,108,108,108,108,108,111,111],"card_choices":[{"not_picked":["Second Wind","True Grit"],"picked":"Rampage","floor":1},{"not_picked":["Bloodletting","True Grit","Wild Strike"],"picked":"SKIP","floor":3},{"not_picked":["Twin Strike","Searing Blow"],"picked":"Headbutt","floor":4},{"not_picked":["Anger","Whirlwind"],"picked":"Body Slam","floor":5},{"not_picked":["Twin Strike","True Grit"],"picked":"Clash","floor":7},{"not_picked":["Juggernaut","Pommel Strike"],"picked":"Battle Trance","floor":8},{"not_picked":["Reckless Charge","Wild Strike","Feel No Pain"],"picked":"SKIP","floor":12},{"not_picked":["Headbutt","Corruption"],"picked":"Metallicize","floor":14},{"not_picked":[],"picked":"Rampage+1","floor":18},{"not_picked":["Flame Barrier"],"picked":"SKIP","floor":19},{"not_picked":[],"picked":"Flame Barrier","floor":19},{"not_picked":["Corruption"],"picked":"SKIP","floor":20},{"not_picked":[],"picked":"Clash","floor":21},{"not_picked":["Havoc"],"picked":"SKIP","floor":22},{"not_picked":["Shrug It Off"],"picked":"SKIP","floor":24},{"not_picked":["Sword Boomerang"],"picked":"SKIP","floor":28},{"not_picked":["Heavy Blade+1"],"picked":"SKIP","floor":30},{"not_picked":[],"picked":"Feed","floor":33},{"not_picked":[],"picked":"Warcry+1","floor":35},{"not_picked":["Armaments+1"],"picked":"SKIP","floor":36},{"not_picked":[],"picked":"Cleave+1","floor":38},{"not_picked":[],"picked":"Spot Weakness+1","floor":39},{"not_picked":["Seeing Red"],"picked":"SKIP","floor":45},{"not_picked":[],"picked":"Warcry+1","floor":48},{"not_picked":[],"picked":"Flex+1","floor":54}],"player_experience":511848,"relics_obtained":[{"floor":7,"key":"Blood Vial"},{"floor":9,"key":"Anchor"},{"floor":14,"key":"Bronze Scales"},{"floor":26,"key":"Kunai"},{"floor":28,"key":"Juzu Bracelet"},{"floor":39,"key":"Mango"},{"floor":54,"key":"Sundial"}],"event_choices":[{"damage_healed":0,"gold_gain":0,"player_choice":"Donut","damage_taken":0,"max_hp_gain":5,"max_hp_loss":0,"event_name":"Big Fish","floor":2,"gold_loss":0},{"damage_healed":0,"gold_gain":0,"player_choice":"Lose Max HP","damage_taken":0,"relics_obtained":["Golden Idol"],"max_hp_gain":0,"max_hp_loss":6,"event_name":"Golden Idol","floor":10,"gold_loss":0},{"damage_healed":0,"gold_gain":0,"player_choice":"Fight","damage_taken":0,"max_hp_gain":0,"max_hp_loss":0,"event_name":"MindBloom","floor":39,"gold_loss":0},{"damage_healed":0,"gold_gain":0,"player_choice":"Copied","damage_taken":0,"max_hp_gain":0,"max_hp_loss":0,"event_name":"Duplicator","floor":41,"gold_loss":0,"cards_obtained":["Body Slam"]},{"cards_removed":["Defend_R"],"damage_healed":0,"gold_gain":0,"player_choice":"Removed Skill","damage_taken":0,"max_hp_gain":0,"max_hp_loss":0,"event_name":"Falling","floor":44,"gold_loss":0},{"damage_healed":0,"gold_gain":0,"player_choice":"Embrace Madness","damage_taken":13,"max_hp_gain":0,"max_hp_loss":0,"event_name":"Winding Halls","floor":47,"gold_loss":0,"cards_obtained":["Madness","Madness"]}],"is_beta":false,"boss_relics":[{"not_picked":["Pandora\u0027s Box","Astrolabe"],"picked":"Busted Crown"},{"not_picked":["Fusion Hammer","Eternal Feather"],"picked":"Empty Cage"}],"items_purged_floors":[13,25,46],"is_endless":false,"potions_floor_spawned":[3,5,8,18,22,24,28,30,35,38,48],"killed_by":"The Heart","ascension_level":0}