{"gold_per_floor":[114,130,130,142,54,54,80,80,80,98,117,150,115,40,40,113,113,123,123,136,136,148,148,148],"floor_reached":24,"playtime":1207,"items_purged":["Strike_R"],"score":391,"play_id":"23de89e6-dbf9-4091-bb57-f66c4841a35c","local_time":"20190615170403","is_ascension_mode":true,"campfire_choices":[{"data":"Armaments","floor":6.0,"key":"SMITH"},{"data":"Demon Form","floor":8.0,"key":"SMITH"},{"data":"Seeing Red","floor":15.0,"key":"SMITH"},{"data":"Uppercut","floor":23,"key":"SMITH"}],"neow_cost":"NONE","seed_source_timestamp":0,"circlet_count":0,"master_deck":["AscendersBane","Strike_R","Strike_R","Strike_R","Strike_R","Defend_R","Defend_R","Defend_R","Defend_R","Bash","Anger","Armaments+1","Demon Form+1","Seeing Red+1","Sword Boomerang","Seeing Red","Reaper","True Grit+1","Reaper","Uppercut+1"],"special_seed":0,"relics":["Burning Blood","Ice Cream","Singing Bowl","Pen Nib","Mark of Pain"],"potions_floor_usage":[20,22],"damage_taken":[{"damage":1.0,"enemies":"Cultist","floor":1.0,"turns":3.0},{"damage":7.0,"enemies":"Small Slimes","floor":2.0,"turns":3.0},{"damage":6.0,"enemies":"Jaw Worm","floor":4.0,"turns":4.0},{"damage":4.0,"enemies":"Lagavulin","floor":7.0,"turns":5.0},{"damage":29.0,"enemies":"Exordium Thugs","floor":10.0,"turns":6.0},{"damage":22.0,"enemies":"Lots of Slimes","floor":11.0,"turns":4.0},{"damage":32.0,"enemies":"Gremlin Nob","floor":12.0,"turns":4.0},{"damage":39.0,"enemies":"The Guardian","floor":16.0,"turns":10.0},{"damage":26,"enemies":"2 Thieves","floor":18,"turns":4},{"damage":31,"enemies":"Chosen","floor":20,"turns":7},{"damage":60,"enemies":"3 Cultists","floor":22,"turns":6},{"damage":45,"enemies":"Snake Plant","floor":24,"turns":4}],"seed_played":"2137445716076625946","potions_obtained":[{"floor":2.0,"key":"AttackPotion"},{"floor":11.0,"key":"Dexterity Potion"},{"floor":12.0,"key":"BloodPotion"},{"floor":16.0,"key":"SpeedPotion"}],"is_trial":false,"path_per_floor":["M","M","$","M","$","R","E","R","T","M","M","E","?","$","R","B",null,"M","?","M","$","M","R","M"],"character_chosen":"IRONCLAD","items_purchased":["Seeing Red"],"campfire_rested":0,"item_purchase_floors":[5],"current_hp_per_floor":[80,79,79,79,79,79,81,81,81,60,44,18,39,39,39,13,68,73,73,54,54,36,36,0],"gold":148,"neow_bonus":"TEN_PERCENT_HP_BONUS","is_prod":false,"is_daily":false,"chose_seed":false,"campfire_upgraded":4,"win_rate":0,"timestamp":1560629043,"path_taken":["M","M","?","M","$","R","E","R","T","M","M","E","?","?","R","BOSS","M","?","M","$","?","R","M"],"build_version":"2019-01-23","purchased_purges":1,"victory":false,"max_hp_per_floor":[82,82,82,82,82,82,82,82,82,84,84,84,84,84,84,86,86,86,86,88,88,88,88,88],"card_choices":[{"not_picked":["Searing Blow","Burning Pact"],"picked":"Anger","floor":1.0},{"not_picked":["Shrug It Off","Fire Breathing"],"picked":"Armaments","floor":2.0},{"not_picked":["Twin Strike","Warcry"],"picked":"Demon Form","floor":4.0},{"not_picked":["Sever Soul","Blood for Blood"],"picked":"Sword Boomerang","floor":7.0},{"not_picked":["Wild Strike","Anger","Twin Strike"],"picked":"Singing Bowl","floor":10.0},{"not_picked":["Headbutt","Clash"],"picked":"Seeing Red","floor":11.0},{"not_picked":["Rupture","Shrug It Off"],"picked":"Reaper","floor":12.0},{"not_picked":["Fiend Fire","Reaper","Demon Form"],"picked":"Singing Bowl","floor":16.0},{"not_picked":["Heavy Blade","Searing Blow+1"],"picked":"True Grit+1","floor":18},{"not_picked":["Shrug It Off","Reckless Charge","Warcry"],"picked":"Singing Bowl","floor":20},{"not_picked":["Feel No Pain","Combust"],"picked":"Uppercut","floor":22}],"player_experience":1055936,"relics_obtained":[{"floor":7.0,"key":"Ice Cream"},{"floor":9.0,"key":"Singing Bowl"},{"floor":12.0,"key":"Pen Nib"}],"event_choices":[{"damage_healed":21.0,"max_hp_gain":0.0,"max_hp_loss":0.0,"gold_gain":0.0,"event_name":"The Cleric","player_choice":"Healed","floor":13.0,"gold_loss":35.0,"damage_taken":0.0},{"damage_healed":0,"gold_gain":0,"player_choice":"Copied","damage_taken":0,"max_hp_gain":0,"max_hp_loss":0,"event_name":"Duplicator","floor":19,"gold_loss":0,"cards_obtained":["Reaper"]}],"is_beta":false,"boss_relics":[{"not_picked":["Runic Dome","Calling Bell"],"picked":"Mark of Pain"}],"items_purged_floors":[14],"is_endless":false,"potions_floor_spawned":[2,11,12,16,18],"killed_by":"Snake Plant","ascension_level":18}