{"gold_per_floor":[116,129,141,152,152,152,183,183,209,228,228,13,38,11,11,110,110,126,110,209,219,20,20,20,20,20,20,20,36,70,82,82,179,179,199,199,215,215,226,226,255,141,168,168,178,178,178,53,53,53,53,53,53,53],"floor_reached":54,"playtime":3984,"items_purged":["Defend_G","Strike_G"],"score":693,"play_id":"9ce38c36-6573-4305-b806-b824eb9e4835","local_time":"20190128221021","is_ascension_mode":false,"campfire_choices":[{"floor":6.0,"key":"RECALL"},{"floor":8.0,"key":"REST"},{"floor":15.0,"key":"REST"},{"floor":23.0,"key":"REST"},{"floor":25.0,"key":"REST"},{"floor":28.0,"key":"REST"},{"floor":32.0,"key":"REST"},{"floor":40,"key":"REST"},{"floor":44,"key":"REST"},{"floor":49,"key":"REST"},{"data":"Burst","floor":52,"key":"SMITH"}],"neow_cost":"NONE","seed_source_timestamp":94055467427900,"circlet_count":0,"master_deck":["Defend_G","Defend_G","Defend_G","Defend_G","Strike_G","Strike_G","Strike_G+1","Strike_G","Survivor+1","Neutralize+1","Caltrops","Dagger Throw+1","Noxious Fumes","Deflect","Dash+1","Acrobatics","Cloak And Dagger","Blur","Burst+1","Blur","Dagger Throw+1","Footwork","Footwork","Leg Sweep","Dodge and Roll+1","Glass Knife","Blur","Deflect+1"],"special_seed":0,"relics":["Ring of the Snake","Dream Catcher","Bag of Marbles","Snake Skull","Strawberry","Lizard Tail","Membership Card","Regal Pillow","Black Star","Whetstone","Juzu Bracelet","Anchor","Art of War","Orichalcum"],"potions_floor_usage":[41,50],"damage_taken":[{"damage":8.0,"enemies":"Cultist","floor":1.0,"turns":5.0},{"damage":0.0,"enemies":"2 Louse","floor":2.0,"turns":4.0},{"damage":2.0,"enemies":"Jaw Worm","floor":3.0,"turns":5.0},{"damage":2.0,"enemies":"Blue Slaver","floor":4.0,"turns":4.0},{"damage":10.0,"enemies":"3 Sentries","floor":7.0,"turns":8.0},{"damage":3.0,"enemies":"Gremlin Gang","floor":10.0,"turns":5.0},{"damage":15.0,"enemies":"Gremlin Nob","floor":13.0,"turns":4.0},{"damage":30.0,"enemies":"Slime Boss","floor":16.0,"turns":11.0},{"damage":19.0,"enemies":"Spheric Guardian","floor":18.0,"turns":9.0},{"damage":5.0,"enemies":"2 Thieves","floor":19.0,"turns":4.0},{"damage":44.0,"enemies":"3 Cultists","floor":21.0,"turns":8.0},{"damage":0.0,"enemies":"Snecko","floor":29.0,"turns":8.0},{"damage":70.0,"enemies":"Slavers","floor":30.0,"turns":9.0},{"damage":5.0,"enemies":"Snake Plant","floor":31.0,"turns":6.0},{"damage":52.0,"enemies":"Champ","floor":33.0,"turns":21.0},{"damage":14.0,"enemies":"3 Darklings","floor":35.0,"turns":9.0},{"damage":18.0,"enemies":"3 Shapes","floor":37.0,"turns":4.0},{"damage":15,"enemies":"Writhing Mass","floor":39,"turns":12},{"damage":128,"enemies":"Reptomancer","floor":41,"turns":10},{"damage":25,"enemies":"Jaw Worm Horde","floor":45,"turns":8},{"damage":44,"enemies":"Time Eater","floor":50,"turns":22},{"damage":99,"enemies":"Shield and Spear","floor":54,"turns":9}],"seed_played":"7161772639742076952","potions_obtained":[{"floor":1.0,"key":"Explosive Potion"},{"floor":3.0,"key":"FearPotion"},{"floor":7.0,"key":"Energy Potion"},{"floor":13.0,"key":"SkillPotion"},{"floor":19.0,"key":"Weak Potion"},{"floor":21.0,"key":"Regen Potion"},{"floor":29.0,"key":"Fruit Juice"},{"floor":39,"key":"SkillPotion"},{"floor":41,"key":"Ancient Potion"},{"floor":46,"key":"GhostInAJar"},{"floor":46,"key":"GhostInAJar"}],"is_trial":false,"path_per_floor":["M","M","M","M","?","R","E","R","T","M","?","$","E","$","R","B",null,"M","M","?","M","$","R","?","R","T","?","R","M","E","M","R","B",null,"M","?","M","?","M","R","E","$","T","R","M","?","?","$","R","B",null,"R","$","E"],"character_chosen":"THE_SILENT","items_purchased":["Snake Skull","Dash","Cloak And Dagger","Membership Card","Anchor","Orichalcum"],"campfire_rested":9,"item_purchase_floors":[12,12,14,22,42,48],"current_hp_per_floor":[62,62,60,58,63,63,53,75,75,72,57,57,49,49,73,43,82,63,58,58,14,14,38,38,62,62,62,82,82,32,27,68,16,87,73,73,55,55,40,81,1,1,1,42,17,17,17,17,58,14,87,87,87,0],"gold":53,"neow_bonus":"UPGRADE_CARD","is_prod":false,"is_daily":false,"chose_seed":false,"campfire_upgraded":1,"win_rate":0,"timestamp":1548731421,"path_taken":["M","?","M","M","?","R","E","R","T","M","?","?","E","?","R","BOSS","M","?","?","M","$","R","?","R","T","?","R","?","E","M","R","BOSS","M","?","M","?","M","R","E","$","T","R","M","?","?","$","R","BOSS","R","$","E"],"build_version":"2019-01-23","purchased_purges":2,"victory":false,"max_hp_per_floor":[70,70,70,70,75,75,75,75,75,75,75,75,82,82,82,82,82,82,82,82,82,82,82,82,82,82,82,82,82,87,87,87,87,87,87,87,87,87,87,87,87,87,87,87,87,87,87,87,87,87,87,87,87,87],"card_choices":[{"not_picked":["Finisher","Underhanded Strike","Expertise"],"picked":"SKIP","floor":1.0},{"not_picked":["Heel Hook","Slice","Expertise"],"picked":"SKIP","floor":2.0},{"not_picked":["Blade Dance","Prepared"],"picked":"Caltrops","floor":3.0},{"not_picked":["All Out Attack","Outmaneuver"],"picked":"Dagger Throw","floor":4.0},{"not_picked":["Blade Dance","Skewer","Sucker Punch"],"picked":"SKIP","floor":7.0},{"not_picked":["Expertise","Sucker Punch"],"picked":"Noxious Fumes","floor":8.0},{"not_picked":["Outmaneuver","Flying Knee"],"picked":"Deflect","floor":10.0},{"not_picked":["Dagger Throw","Deadly Poison"],"picked":"Acrobatics","floor":13.0},{"not_picked":["Eviscerate","Noxious Fumes"],"picked":"Blur","floor":15.0},{"not_picked":["Die Die Die","Bullet Time"],"picked":"Burst","floor":16.0},{"not_picked":["Flying Knee+1","Sucker Punch+1"],"picked":"Blur","floor":18.0},{"not_picked":["Dodge and Roll","Deflect"],"picked":"Dagger Throw+1","floor":19.0},{"not_picked":["Caltrops","Glass Knife"],"picked":"Footwork","floor":21.0},{"not_picked":["Flying Knee","Dash","Cloak And Dagger"],"picked":"SKIP","floor":29.0},{"not_picked":["Bouncing Flask","Quick Slash"],"picked":"Leg Sweep","floor":30.0},{"not_picked":["Poisoned Stab+1","Concentrate"],"picked":"Dodge and Roll+1","floor":31.0},{"not_picked":["Grand Finale","Venomology"],"picked":"Glass Knife","floor":33.0},{"not_picked":["Acrobatics+1","Deadly Poison"],"picked":"Blur","floor":35.0},{"not_picked":["Outmaneuver","Sucker Punch","Deadly Poison+1"],"picked":"SKIP","floor":37.0},{"not_picked":["Dodge and Roll+1","Dagger Throw+1","Skewer"],"picked":"SKIP","floor":39},{"not_picked":["Prepared","Deadly Poison","Heel Hook"],"picked":"SKIP","floor":41},{"not_picked":["Flechettes","Envenom","Infinite Blades+1"],"picked":"SKIP","floor":45},{"not_picked":["PiercingWail+1","Cloak And Dagger+1"],"picked":"Deflect+1","floor":49}],"player_experience":245984,"relics_obtained":[{"floor":7.0,"key":"Dream Catcher"},{"floor":9.0,"key":"Bag of Marbles"},{"floor":13.0,"key":"Strawberry"},{"floor":30.0,"key":"Regal Pillow"},{"floor":41,"key":"Whetstone"},{"floor":41,"key":"Juzu Bracelet"},{"floor":43,"key":"Art of War"}],"event_choices":[{"damage_healed":0.0,"max_hp_gain":5.0,"max_hp_loss":0.0,"gold_gain":0.0,"event_name":"Big Fish","player_choice":"Donut","floor":5.0,"gold_loss":0.0,"damage_taken":0.0},{"damage_healed":0.0,"max_hp_gain":0.0,"max_hp_loss":0.0,"gold_gain":0.0,"event_name":"Shining Light","player_choice":"Entered Light","floor":11.0,"gold_loss":0.0,"damage_taken":15.0,"cards_upgraded":["Strike_G","Survivor"]},{"damage_healed":0.0,"max_hp_gain":0.0,"max_hp_loss":0.0,"gold_gain":99.0,"event_name":"Nest","player_choice":"Stole From Cult","floor":20.0,"gold_loss":0.0,"damage_taken":0.0},{"damage_healed":0.0,"max_hp_gain":0.0,"max_hp_loss":0.0,"gold_gain":0.0,"event_name":"The Mausoleum","player_choice":"Ignored","floor":24.0,"gold_loss":0.0,"damage_taken":0.0},{"damage_healed":0.0,"max_hp_gain":0.0,"max_hp_loss":0.0,"gold_gain":0.0,"event_name":"Duplicator","player_choice":"Copied","floor":27.0,"gold_loss":0.0,"damage_taken":0.0,"cards_obtained":["Footwork"]},{"damage_healed":0.0,"max_hp_gain":0.0,"max_hp_loss":0.0,"gold_gain":0.0,"event_name":"Mysterious Sphere","player_choice":"Ignored","floor":36.0,"gold_loss":0.0,"damage_taken":0.0},{"damage_healed":0.0,"max_hp_gain":0.0,"max_hp_loss":0.0,"gold_gain":0.0,"event_name":"SensoryStone","player_choice":"Memory 1","floor":38.0,"gold_loss":0.0,"damage_taken":0.0},{"damage_healed":0,"gold_gain":0,"player_choice":"Got Potions","damage_taken":0,"max_hp_gain":0,"max_hp_loss":0,"event_name":"Lab","floor":46,"gold_loss":0},{"damage_healed":0,"gold_gain":0,"player_choice":"0 cards matched","damage_taken":0,"max_hp_gain":0,"max_hp_loss":0,"event_name":"Match and Keep!","floor":47,"gold_loss":0,"cards_obtained":[]}],"is_beta":false,"boss_relics":[{"not_picked":["Fusion Hammer","Eternal Feather"],"picked":"Lizard Tail"},{"not_picked":["Calling Bell","Snecko Eye"],"picked":"Black Star"}],"items_purged_floors":[42,48],"is_endless":false,"potions_floor_spawned":[1,3,7,13,19,21,29,39,41],"killed_by":"Shield and Spear","ascension_level":0}