{"gold_per_floor":[18,32,44,44,63,63,89,109,109,125,145,180,180,199,199,199],"floor_reached":16,"playtime":670,"items_purged":[],"score":232,"play_id":"a3f8bbc9-5e9d-4a8f-9b2c-0c9790c696fc","local_time":"20181222143536","is_ascension_mode":true,"campfire_choices":[{"data":"Combust","floor":6,"key":"SMITH"},{"data":"Armaments","floor":13,"key":"SMITH"},{"data":"Bash","floor":15,"key":"SMITH"}],"neow_cost":"NO_GOLD","seed_source_timestamp":10655171482855,"circlet_count":0,"master_deck":["AscendersBane","Strike_R","Strike_R","Strike_R","Strike_R","Defend_R","Defend_R","Defend_R","Defend_R","Bash+1","Anger","Headbutt","Combust+1","Thunderclap","Offering","Armaments+1","True Grit","Offering","Shrug It Off"],"relics":["Burning Blood","Mango","Paper Frog","Question Card"],"potions_floor_usage":[8,16],"damage_taken":[{"damage":3,"enemies":"2 Louse","floor":1,"turns":3},{"damage":1,"enemies":"Cultist","floor":2,"turns":3},{"damage":12,"enemies":"Jaw Worm","floor":3,"turns":2},{"damage":12,"enemies":"Looter","floor":5,"turns":3},{"damage":25,"enemies":"3 Sentries","floor":7,"turns":7},{"damage":0,"enemies":"Exordium Wildlife","floor":8,"turns":3},{"damage":8,"enemies":"Red Slaver","floor":10,"turns":4},{"damage":13,"enemies":"Looter","floor":11,"turns":3},{"damage":37,"enemies":"Lagavulin","floor":12,"turns":4},{"damage":6,"enemies":"Large Slime","floor":14,"turns":5},{"damage":29,"enemies":"Hexaghost","floor":16,"turns":7}],"seed_played":"-4994062869947819314","potions_obtained":[{"floor":2,"key":"Swift Potion"},{"floor":7,"key":"Ancient Potion"},{"floor":10,"key":"Energy Potion"},{"floor":11,"key":"PowerPotion"}],"is_trial":false,"path_per_floor":["M","M","M","?","M","R","E","M","T","M","M","E","R","M","R","B"],"character_chosen":"IRONCLAD","items_purchased":[],"campfire_rested":0,"item_purchase_floors":[],"current_hp_per_floor":[85,89,83,83,77,77,58,64,64,62,55,24,24,24,24,0],"gold":199,"neow_bonus":"ONE_RARE_RELIC","is_prod":false,"is_daily":false,"chose_seed":false,"campfire_upgraded":3,"win_rate":0,"timestamp":1545485736,"path_taken":["M","M","M","?","M","R","E","M","T","?","M","E","R","M","R","BOSS"],"build_version":"2018-12-20","purchased_purges":0,"victory":false,"max_hp_per_floor":[89,89,89,89,89,89,89,89,89,89,89,89,89,89,89,89],"card_choices":[{"not_picked":["Intimidate","Flex"],"picked":"Anger","floor":1},{"not_picked":["Corruption","Shockwave"],"picked":"Headbutt","floor":2},{"not_picked":["Headbutt","Bloodletting","Rampage"],"picked":"SKIP","floor":3},{"not_picked":["Reckless Charge","Twin Strike","Dual Wield"],"picked":"SKIP","floor":5},{"not_picked":["True Grit","Power Through"],"picked":"Thunderclap","floor":7},{"not_picked":["Iron Wave","Anger"],"picked":"Offering","floor":8},{"not_picked":["Reckless Charge","Sword Boomerang"],"picked":"Armaments","floor":10},{"not_picked":["Rage","Clash"],"picked":"True Grit","floor":11},{"not_picked":["Heavy Blade","Reckless Charge"],"picked":"Offering","floor":12},{"not_picked":["Hemokinesis","Sever Soul","Cleave"],"picked":"Shrug It Off","floor":14}],"player_experience":676987,"relics_obtained":[{"floor":7,"key":"Paper Frog"},{"floor":12,"key":"Question Card"}],"event_choices":[{"damage_healed":0,"gold_gain":0,"cards_transformed":["Strike_R"],"player_choice":"Transformed","damage_taken":0,"max_hp_gain":0,"max_hp_loss":0,"event_name":"Transmorgrifier","floor":4,"gold_loss":0,"cards_obtained":["Combust"]}],"is_beta":false,"boss_relics":[],"items_purged_floors":[],"is_endless":false,"potions_floor_spawned":[2,7,10,11],"killed_by":"Hexaghost","ascension_level":20}