{"gold_per_floor":[119,119,194,207,222,222,249,91,118,118,118],"floor_reached":11,"playtime":464,"items_purged":["Strike_G"],"score":142,"play_id":"80ec4363-7c32-43f3-b408-031647f99634","local_time":"20190413170743","is_ascension_mode":true,"campfire_choices":[{"data":"Neutralize","floor":6,"key":"SMITH"},{"floor":10,"key":"REST"}],"neow_cost":"NONE","seed_source_timestamp":15350462110232,"circlet_count":0,"master_deck":["AscendersBane","Defend_G","Defend_G","Defend_G","Defend_G","Defend_G","Strike_G","Strike_G","Strike_G","Survivor","Neutralize+1","Quick Slash","Dagger Spray","PiercingWail","Noxious Fumes"],"relics":["Ring of the Snake","Lantern","Omamori"],"potions_floor_usage":[7,11],"damage_taken":[{"damage":0,"enemies":"2 Louse","floor":1,"turns":4},{"damage":2,"enemies":"Jaw Worm","floor":4,"turns":5},{"damage":4,"enemies":"Small Slimes","floor":5,"turns":4},{"damage":35,"enemies":"Gremlin Nob","floor":7,"turns":6},{"damage":36,"enemies":"Lagavulin","floor":11,"turns":9}],"seed_played":"-1561174431850477367","potions_obtained":[{"floor":5,"key":"SpeedPotion"},{"floor":7,"key":"GhostInAJar"}],"is_trial":false,"path_per_floor":["M","?","?","M","M","R","E","$","T","R","E"],"character_chosen":"THE_SILENT","items_purchased":["Noxious Fumes"],"campfire_rested":1,"item_purchase_floors":[8],"current_hp_per_floor":[65,58,47,45,41,41,6,6,6,27,0],"gold":118,"neow_bonus":"TEN_PERCENT_HP_BONUS","is_prod":false,"is_daily":false,"chose_seed":false,"campfire_upgraded":1,"win_rate":0,"timestamp":1555168063,"path_taken":["M","?","?","M","M","R","E","$","T","R","E"],"build_version":"2019-01-23","purchased_purges":1,"victory":false,"max_hp_per_floor":[72,72,72,72,72,72,72,72,72,72,72],"card_choices":[{"not_picked":["Blade Dance","Catalyst","Choke"],"picked":"SKIP","floor":1},{"not_picked":["Sucker Punch","Heel Hook"],"picked":"Quick Slash","floor":4},{"not_picked":["Concentrate","Flechettes"],"picked":"Dagger Spray","floor":5},{"not_picked":["Predator","Backflip"],"picked":"PiercingWail","floor":7}],"player_experience":1116569,"relics_obtained":[{"floor":7,"key":"Lantern"},{"floor":9,"key":"Omamori"}],"event_choices":[{"cards_removed":["Strike_G"],"damage_healed":0,"gold_gain":0,"player_choice":"Card Removal","damage_taken":7,"max_hp_gain":0,"max_hp_loss":0,"event_name":"Golden Wing","floor":2,"gold_loss":0},{"damage_healed":0,"gold_gain":75,"player_choice":"Gather Gold","damage_taken":11,"max_hp_gain":0,"max_hp_loss":0,"event_name":"World of Goop","floor":3,"gold_loss":0}],"is_beta":false,"boss_relics":[],"items_purged_floors":[8],"is_endless":false,"potions_floor_spawned":[5,7],"killed_by":"Lagavulin","ascension_level":20}