{"path_per_floor":["M","$","?","M","$","R","E","R","T","M","M","M","E","$","R","B",null,"M","?","M","?","$","R","M","R","T","?","M","M"],"character_chosen":"IRONCLAD","items_purchased":["Rampage","Flex"],"gold_per_floor":[110,35,35,52,17,17,51,51,51,66,81,101,134,54,54,153,153,165,165,183,183,43,43,55,55,55,55,72,90,90],"floor_reached":30,"campfire_rested":0,"playtime":869,"current_hp_per_floor":[80,80,73,79,79,79,82,82,82,84,84,84,86,86,86,36,88,81,81,64,64,64,64,39,39,39,39,38,32,0],"items_purged":["Defend_R","Defend_R","Defend_R"],"gold":90,"score":305,"play_id":"7c26ec7f-e0ab-4033-867d-7747e032c2ea","local_time":"20180413170022","is_prod":false,"is_daily":false,"chose_seed":false,"is_ascension_mode":true,"campfire_upgraded":5,"timestamp":1523649622,"path_taken":["M","?","?","M","$","R","E","R","T","M","M","M","E","$","R","BOSS","M","?","M","?","$","R","M","R","T","?","M","M","M"],"build_version":"2018-04-12","seed_source_timestamp":284974451880196,"purchased_purges":3,"victory":false,"master_deck":["Strike_R+1","Strike_R+1","Strike_R+1","Strike_R+1","Strike_R+1","Bash+1","Clash","Clash","Rampage+1","Perfected Strike+1","Infernal Blade+1","Cleave","Seeing Red+1","Flex"],"max_hp_per_floor":[80,80,80,80,80,80,82,82,82,84,84,86,86,86,86,88,88,88,88,88,88,88,88,90,90,90,90,92,94,94],"relics":["Black Blood","NeowsBlessing","Singing Bowl","The Courier","Ancient Tea Set","Du-Vu Doll","Champion Belt"],"card_choices":[{"not_picked":["Warcry","Pommel Strike"],"picked":"Clash","floor":1},{"not_picked":["Armaments","Metallicize"],"picked":"Clash","floor":4},{"not_picked":["Body Slam","Rampage"],"picked":"Perfected Strike","floor":11},{"not_picked":["Carnage","Twin Strike"],"picked":"Infernal Blade","floor":13},{"not_picked":["Ghostly Armor","Sword Boomerang"],"picked":"Cleave","floor":18},{"not_picked":["Heavy Blade","Whirlwind"],"picked":"Seeing Red","floor":20}],"player_experience":266434,"potions_floor_usage":[13,16,18,29,30],"damage_taken":[{"damage":0,"enemies":"Cultist","floor":1,"turns":1},{"damage":0,"enemies":"Jaw Worm","floor":4,"turns":1},{"damage":0,"enemies":"Gremlin Nob","floor":7,"turns":1},{"damage":0,"enemies":"2 Louse","floor":10,"turns":2},{"damage":0,"enemies":"2 Fungi Beasts","floor":11,"turns":2},{"damage":8,"enemies":"Blue Slaver","floor":12,"turns":2},{"damage":4,"enemies":"3 Sentries","floor":13,"turns":4},{"damage":64,"enemies":"Hexaghost","floor":16,"turns":5},{"damage":17,"enemies":"3 Byrds","floor":18,"turns":5},{"damage":27,"enemies":"Shell Parasite","floor":20,"turns":3},{"damage":37,"enemies":"Centurion and Healer","floor":24,"turns":3},{"damage":13,"enemies":"Snecko","floor":28,"turns":3},{"damage":18,"enemies":"Snake Plant","floor":29,"turns":2},{"damage":33,"enemies":"Sentry and Sphere","floor":30,"turns":3}],"event_choices":[{"event_name":"Golden Wing","player_choice":"Card Removal","floor":3,"damage_taken":0},{"event_name":"Back to Basics","player_choice":"Simplicity","floor":19,"damage_taken":0},{"event_name":"Vampires","player_choice":"Ignored","floor":21,"damage_taken":0},{"event_name":"The Mausoleum","player_choice":"Yes","floor":27,"damage_taken":0}],"boss_relics":[{"not_picked":["Pandora\u0027s Box","Runic Dome"],"picked":"Black Blood"}],"potions_floor_spawned":[4,7,10,24,29],"seed_played":"1833369690403509843","killed_by":"Sentry and Sphere","ascension_level":3,"is_trial":false}