{"gold_per_floor":[217,233,21,21,37,68,86,113,113,113,113,146,146,163,163,236,236,256,256,356,369,387,387,406,431,458,32,32],"floor_reached":28,"playtime":1438,"items_purged":["Strike_B"],"score":616,"play_id":"41f05ca0-78c2-4e5d-b80f-feb7bed6609a","local_time":"20190604181113","is_ascension_mode":true,"campfire_choices":[{"floor":11.0,"key":"REST"},{"data":"Consume","floor":13.0,"key":"SMITH"},{"data":"Loop","floor":15.0,"key":"SMITH"},{"floor":23,"key":"REST"}],"neow_cost":"NONE","seed_source_timestamp":18335156433414,"circlet_count":0,"master_deck":["AscendersBane","Strike_B","Strike_B","Defend_B","Defend_B","Defend_B","Defend_B","Zap","Dualcast","Ball Lightning","Doom and Gloom+1","Glacier","Ball Lightning","Conserve Battery","Consume+1","Loop+1","Seek","Go for the Eyes+1","Coolheaded","Coolheaded","Compile Driver+1"],"special_seed":0,"relics":["Cracked Core","Lantern","Omamori","Blue Candle","Symbiotic Virus","Pear","Philosopher\u0027s Stone","Emotion Chip","The Courier","Smiling Mask","Bird Faced Urn","Art of War"],"potions_floor_usage":[20,21,25,28],"damage_taken":[{"damage":1.0,"enemies":"Cultist","floor":1.0,"turns":4.0},{"damage":11.0,"enemies":"Small Slimes","floor":2.0,"turns":4.0},{"damage":0.0,"enemies":"2 Louse","floor":5.0,"turns":1.0},{"damage":13.0,"enemies":"Lagavulin","floor":6.0,"turns":7.0},{"damage":1.0,"enemies":"2 Fungi Beasts","floor":7.0,"turns":2.0},{"damage":15.0,"enemies":"3 Sentries","floor":8.0,"turns":7.0},{"damage":9.0,"enemies":"Lagavulin","floor":12.0,"turns":5.0},{"damage":0.0,"enemies":"Exordium Thugs","floor":14.0,"turns":3.0},{"damage":0.0,"enemies":"Slime Boss","floor":16.0,"turns":4.0},{"damage":0,"enemies":"Spheric Guardian","floor":18,"turns":3},{"damage":15,"enemies":"Colosseum Slavers","floor":20,"turns":4},{"damage":46,"enemies":"Colosseum Nobs","floor":20,"turns":4},{"damage":0,"enemies":"3 Byrds","floor":21,"turns":4},{"damage":1,"enemies":"Centurion and Healer","floor":22,"turns":8},{"damage":0,"enemies":"Sentry and Sphere","floor":24,"turns":3},{"damage":14,"enemies":"Book of Stabbing","floor":25,"turns":4},{"damage":28,"enemies":"Gremlin Leader","floor":28,"turns":2}],"seed_played":"8271215401509937739","potions_obtained":[{"floor":2.0,"key":"Fruit Juice"},{"floor":5.0,"key":"Ancient Potion"},{"floor":8.0,"key":"PowerPotion"},{"floor":14.0,"key":"Fire Potion"},{"floor":18,"key":"EssenceOfSteel"},{"floor":22,"key":"GamblersBrew"},{"floor":24,"key":"LiquidBronze"}],"is_trial":false,"path_per_floor":["M","M","$","?","M","E","M","E","T","?","R","E","R","M","R","B",null,"M","?","?","M","M","R","M","E","T","$","E"],"character_chosen":"DEFECT","items_purchased":["Lantern","Glacier","Bird Faced Urn","Art of War"],"campfire_rested":2,"item_purchase_floors":[3,3,27,27],"current_hp_per_floor":[63,52,52,52,52,39,38,28,28,28,50,51,51,51,51,51,77,77,77,16,16,15,40,40,26,26,26,0],"gold":32,"neow_bonus":"HUNDRED_GOLD","is_prod":false,"is_daily":false,"chose_seed":false,"campfire_upgraded":2,"win_rate":0,"timestamp":1559664673,"path_taken":["M","?","$","?","M","E","M","E","T","?","R","E","R","M","R","BOSS","M","?","?","M","M","R","M","E","T","$","E"],"build_version":"2019-01-23","purchased_purges":1,"victory":false,"max_hp_per_floor":[71,71,71,71,71,71,71,76,76,76,76,86,86,86,86,86,86,86,86,86,86,86,86,86,86,86,86,86],"card_choices":[{"not_picked":["Go for the Eyes","Stack"],"picked":"Ball Lightning","floor":1.0},{"not_picked":["Hologram","Coolheaded"],"picked":"Doom and Gloom","floor":2.0},{"not_picked":["Gash","Doom and Gloom"],"picked":"Ball Lightning","floor":5.0},{"not_picked":["Heatsinks","Streamline"],"picked":"Conserve Battery","floor":6.0},{"not_picked":["Redo","Barrage","Steam"],"picked":"SKIP","floor":7.0},{"not_picked":["Turbo","Beam Cell","Machine Learning"],"picked":"SKIP","floor":8.0},{"not_picked":["Cold Snap","Steam"],"picked":"Consume","floor":12.0},{"not_picked":["Ball Lightning","Coolheaded"],"picked":"Loop","floor":14.0},{"not_picked":["Buffer","Meteor Strike"],"picked":"Seek","floor":16.0},{"not_picked":["Tempest","Heatsinks"],"picked":"Go for the Eyes+1","floor":18},{"not_picked":["Gash+1","Double Energy"],"picked":"Coolheaded","floor":20},{"not_picked":["Aggregate","Sweeping Beam","Streamline+1"],"picked":"SKIP","floor":21},{"not_picked":["Streamline+1","Stack","Beam Cell+1"],"picked":"SKIP","floor":22},{"not_picked":["BootSequence+1","Beam Cell"],"picked":"Coolheaded","floor":24},{"not_picked":["Sunder","Beam Cell"],"picked":"Compile Driver+1","floor":25}],"player_experience":1282550,"relics_obtained":[{"floor":6.0,"key":"Omamori"},{"floor":8.0,"key":"Blue Candle"},{"floor":9.0,"key":"Symbiotic Virus"},{"floor":12.0,"key":"Pear"},{"floor":20,"key":"Emotion Chip"},{"floor":20,"key":"The Courier"},{"floor":25,"key":"Smiling Mask"}],"event_choices":[{"damage_healed":0.0,"max_hp_gain":0.0,"max_hp_loss":0.0,"gold_gain":0.0,"event_name":"Living Wall","player_choice":"Grow","floor":4.0,"gold_loss":0.0,"damage_taken":0.0,"cards_upgraded":["Doom and Gloom"]},{"cards_removed":["Strike_B"],"damage_healed":0.0,"max_hp_gain":0.0,"max_hp_loss":0.0,"gold_gain":0.0,"event_name":"Bonfire Elementals","player_choice":"Offered Basic","floor":10.0,"gold_loss":0.0,"damage_taken":0.0},{"damage_healed":0,"gold_gain":0,"player_choice":"Ignored","damage_taken":0,"max_hp_gain":0,"max_hp_loss":0,"event_name":"Vampires","floor":19,"gold_loss":0},{"damage_healed":0,"gold_gain":0,"player_choice":"Fight","damage_taken":0,"max_hp_gain":0,"max_hp_loss":0,"event_name":"Colosseum","floor":20,"gold_loss":0},{"damage_healed":0,"gold_gain":0,"player_choice":"Fought Nobs","damage_taken":0,"max_hp_gain":0,"max_hp_loss":0,"event_name":"Colosseum","floor":20,"gold_loss":0}],"is_beta":false,"boss_relics":[{"not_picked":["Runic Dome","Eternal Feather"],"picked":"Philosopher\u0027s Stone"}],"items_purged_floors":[27],"is_endless":false,"potions_floor_spawned":[2,5,8,14,18,22,24],"killed_by":"Gremlin Leader","ascension_level":20}