{"gold_per_floor":[109,109,109,122,134,160,175,175,200,232,248,248,132,150,150,227,227,245,264,10,26,26,26],"floor_reached":23,"playtime":972,"items_purged":["Wild Strike"],"score":406,"play_id":"537776ea-161a-44f2-b40a-e57fb02691c0","local_time":"20190516184109","is_ascension_mode":true,"campfire_choices":[{"data":"Bash","floor":8.0,"key":"SMITH"},{"data":"Sword Boomerang","floor":12.0,"key":"SMITH"},{"data":"Evolve","floor":15.0,"key":"SMITH"}],"neow_cost":"NONE","seed_source_timestamp":21826805077144,"circlet_count":0,"master_deck":["AscendersBane","Strike_R","Strike_R","Strike_R","Strike_R","Defend_R","Defend_R","Defend_R","Defend_R","Bash+1","Pummel","Ghostly Armor","Spot Weakness","Sword Boomerang+1","Thunderclap","Evolve+1","Headbutt","Bludgeon","Inflame","Pummel+1","Decay"],"special_seed":0,"relics":["Burning Blood","NeowsBlessing","Orichalcum","Strawberry","Ancient Tea Set","Mark of Pain","Bag of Preparation"],"potions_floor_usage":[18,21,23,23],"damage_taken":[{"damage":0.0,"enemies":"Jaw Worm","floor":1.0,"turns":1.0},{"damage":0.0,"enemies":"2 Louse","floor":4.0,"turns":1.0},{"damage":0.0,"enemies":"Cultist","floor":5.0,"turns":1.0},{"damage":53.0,"enemies":"Lagavulin","floor":6.0,"turns":7.0},{"damage":5.0,"enemies":"Looter","floor":7.0,"turns":2.0},{"damage":2.0,"enemies":"Gremlin Nob","floor":10.0,"turns":3.0},{"damage":7.0,"enemies":"Blue Slaver","floor":11.0,"turns":4.0},{"damage":0.0,"enemies":"Exordium Thugs","floor":14.0,"turns":3.0},{"damage":25.0,"enemies":"Slime Boss","floor":16.0,"turns":7.0},{"damage":27,"enemies":"Shell Parasite","floor":18,"turns":4},{"damage":21,"enemies":"2 Thieves","floor":19,"turns":3},{"damage":18,"enemies":"Snake Plant","floor":21,"turns":3},{"damage":26,"enemies":"Gremlin Leader","floor":23,"turns":4}],"seed_played":"3281521802616066663","potions_obtained":[{"floor":5.0,"key":"SmokeBomb"},{"floor":6.0,"key":"SkillPotion"},{"floor":14.0,"key":"Weak Potion"},{"floor":16.0,"key":"Weak Potion"},{"floor":18,"key":"GamblersBrew"},{"floor":21,"key":"Swift Potion"}],"is_trial":false,"path_per_floor":["M","?","?","M","M","E","M","R","T","E","M","R","$","M","R","B",null,"M","M","$","M","?","E"],"character_chosen":"IRONCLAD","items_purchased":["Evolve","Bag of Preparation","Inflame"],"campfire_rested":0,"item_purchase_floors":[13,20,20],"current_hp_per_floor":[74,79,79,80,80,33,34,34,41,45,44,44,44,50,50,31,73,52,37,37,25,25,0],"gold":26,"neow_bonus":"THREE_ENEMY_KILL","is_prod":false,"is_daily":false,"chose_seed":false,"campfire_upgraded":3,"win_rate":0,"timestamp":1558024869,"path_taken":["M","?","?","?","M","E","M","R","T","E","M","R","$","M","R","BOSS","M","M","$","M","?","E"],"build_version":"2019-01-23","purchased_purges":1,"victory":false,"max_hp_per_floor":[75,80,80,80,80,80,80,80,87,87,87,87,87,87,87,87,87,87,87,87,87,87,87],"card_choices":[{"not_picked":["Searing Blow","Thunderclap"],"picked":"Wild Strike","floor":1.0},{"not_picked":["Heavy Blade","Headbutt"],"picked":"Ghostly Armor","floor":4.0},{"not_picked":["Armaments","Body Slam"],"picked":"Spot Weakness","floor":5.0},{"not_picked":["Perfected Strike","Juggernaut"],"picked":"Sword Boomerang","floor":6.0},{"not_picked":["Clash","Second Wind","Sever Soul"],"picked":"SKIP","floor":7.0},{"not_picked":["Rupture","Cleave"],"picked":"Thunderclap","floor":10.0},{"not_picked":["Cleave","Seeing Red","Perfected Strike"],"picked":"SKIP","floor":11.0},{"not_picked":["Sword Boomerang","Body Slam"],"picked":"Headbutt","floor":14.0},{"not_picked":["Barricade","Double Tap"],"picked":"Bludgeon","floor":16.0},{"not_picked":["Anger","Iron Wave","Heavy Blade"],"picked":"SKIP","floor":18},{"not_picked":["Cleave","Thunderclap","Twin Strike"],"picked":"SKIP","floor":19},{"not_picked":["Pommel Strike","Sword Boomerang"],"picked":"Pummel+1","floor":21}],"player_experience":1210211,"relics_obtained":[{"floor":6.0,"key":"Orichalcum"},{"floor":9.0,"key":"Strawberry"},{"floor":10.0,"key":"Ancient Tea Set"}],"event_choices":[{"damage_healed":0.0,"max_hp_gain":5.0,"max_hp_loss":0.0,"gold_gain":0.0,"event_name":"Big Fish","player_choice":"Donut","floor":2.0,"gold_loss":0.0,"damage_taken":0.0},{"damage_healed":0.0,"max_hp_gain":0.0,"max_hp_loss":0.0,"gold_gain":0.0,"cards_transformed":["Strike_R"],"event_name":"Transmorgrifier","player_choice":"Transformed","floor":3.0,"gold_loss":0.0,"damage_taken":0.0,"cards_obtained":["Pummel"]},{"damage_healed":0,"gold_gain":0,"player_choice":"Smashed Altar","damage_taken":0,"max_hp_gain":0,"max_hp_loss":0,"event_name":"Forgotten Altar","floor":22,"gold_loss":0,"cards_obtained":["Decay"]}],"is_beta":false,"boss_relics":[{"not_picked":["Coffee Dripper","Empty Cage"],"picked":"Mark of Pain"}],"items_purged_floors":[13],"is_endless":false,"potions_floor_spawned":[5,6,14,16,18,21],"killed_by":"Gremlin Leader","ascension_level":20}