{"gold_per_floor":[115,134,60,73,73,73,88,88,88,116,116,116,141,176,176,253,253,264,264,284,284,19,19,50,50,50,64,64,74,74,102,102,180,230,248,248,264,264,290,290,390,390,390,390,402,179,179,192,192,192,192],"floor_reached":51,"playtime":4333,"items_purged":["Decay"],"score":1448,"play_id":"983b7280-dffb-434f-8361-e5d411f87b15","local_time":"20190224174820","is_ascension_mode":true,"campfire_choices":[{"data":"Wraith Form v2","floor":6.0,"key":"SMITH"},{"data":"Noxious Fumes","floor":8.0,"key":"SMITH"},{"data":"Neutralize","floor":11.0,"key":"SMITH"},{"floor":12.0,"key":"REST"},{"data":"Predator","floor":15.0,"key":"SMITH"},{"data":"Night Terror","floor":23.0,"key":"SMITH"},{"data":"Catalyst","floor":25.0,"key":"SMITH"},{"floor":28.0,"key":"RECALL"},{"floor":30.0,"key":"REST"},{"floor":32.0,"key":"REST"},{"data":"After Image","floor":40,"key":"SMITH"},{"data":"PiercingWail","floor":42,"key":"SMITH"},{"data":"Survivor","floor":44,"key":"SMITH"},{"data":"Noxious Fumes","floor":49,"key":"SMITH"}],"neow_cost":"NONE","seed_source_timestamp":0,"circlet_count":0,"master_deck":["AscendersBane","Defend_G","Defend_G","Defend_G+1","Defend_G","Defend_G","Survivor+1","Neutralize+1","Quick Slash","Predator+1","Noxious Fumes+1","Wraith Form v2+1","Dodge and Roll","PiercingWail+1","Escape Plan+1","Night Terror+1","Escape Plan","Bite","Bite","Bite","Bite","Bite","PiercingWail+1","Decay","Catalyst+1","Deflect+1","Concentrate+1","Backflip+1","After Image+1","Deadly Poison+1","Backflip+1","Prepared+1","Master of Strategy+1","Good Instincts+1","Dodge and Roll+1","PiercingWail+1","Deadly Poison+1","Noxious Fumes+1","Distraction+1"],"special_seed":0,"relics":["Ring of the Snake","NeowsBlessing","Ornamental Fan","WingedGreaves","Bag of Preparation","Centennial Puzzle","Runic Pyramid","Membership Card","Toxic Egg 2","Meat on the Bone","PreservedInsect","Tiny House","Calipers","War Paint","OrangePellets"],"potions_floor_usage":[50,51,51,51],"damage_taken":[{"damage":0.0,"enemies":"Cultist","floor":1.0,"turns":1.0},{"damage":0.0,"enemies":"2 Louse","floor":2.0,"turns":1.0},{"damage":0.0,"enemies":"Small Slimes","floor":4.0,"turns":1.0},{"damage":0.0,"enemies":"Gremlin Gang","floor":7.0,"turns":2.0},{"damage":47.0,"enemies":"Gremlin Nob","floor":10.0,"turns":5.0},{"damage":0.0,"enemies":"3 Sentries","floor":13.0,"turns":7.0},{"damage":9.0,"enemies":"Gremlin Nob","floor":14.0,"turns":5.0},{"damage":20.0,"enemies":"Hexaghost","floor":16.0,"turns":11.0},{"damage":3.0,"enemies":"Shell Parasite","floor":18.0,"turns":9.0},{"damage":0.0,"enemies":"Spheric Guardian","floor":20.0,"turns":7.0},{"damage":40.0,"enemies":"Book of Stabbing","floor":24.0,"turns":10.0},{"damage":10.0,"enemies":"Centurion and Healer","floor":27.0,"turns":13.0},{"damage":14.0,"enemies":"Snecko","floor":29.0,"turns":10.0},{"damage":42.0,"enemies":"Slavers","floor":31.0,"turns":10.0},{"damage":21.0,"enemies":"Collector","floor":33.0,"turns":16.0},{"damage":0.0,"enemies":"Orb Walker","floor":35.0,"turns":4.0},{"damage":2,"enemies":"3 Darklings","floor":37,"turns":5},{"damage":0,"enemies":"Mind Bloom Boss Battle","floor":41,"turns":6},{"damage":3,"enemies":"Spire Growth","floor":45,"turns":4},{"damage":5,"enemies":"Jaw Worm Horde","floor":48,"turns":6},{"damage":42,"enemies":"Time Eater","floor":50,"turns":10},{"damage":50,"enemies":"Awakened One","floor":51,"turns":10}],"seed_played":"9208890140329530772","potions_obtained":[{"floor":1.0,"key":"Dexterity Potion"},{"floor":2.0,"key":"Explosive Potion"},{"floor":10.0,"key":"Dexterity Potion"},{"floor":13.0,"key":"GhostInAJar"},{"floor":27.0,"key":"Poison Potion"},{"floor":29.0,"key":"PowerPotion"},{"floor":31.0,"key":"Energy Potion"},{"floor":34.0,"key":"EntropicBrew"}],"is_trial":false,"path_per_floor":["M","M","$","M","?","R","M","R","T","E","R","R","E","E","R","B",null,"M","?","M","?","$","R","E","R","T","M","R","M","R","E","R","B",null,"M","?","M","?","T","R","?","R","T","R","M","$","?","M","R","B","B"],"character_chosen":"THE_SILENT","items_purchased":["Noxious Fumes","Membership Card","Catalyst","OrangePellets","Deadly Poison+1","Noxious Fumes"],"campfire_rested":3,"item_purchase_floors":[3,22,22,46,46,46],"current_hp_per_floor":[59,59,59,59,59,59,59,59,59,12,12,31,31,22,22,2,50,47,46,46,46,46,46,20,20,20,34,34,32,45,31,44,46,51,51,51,51,41,41,41,51,51,51,51,48,48,48,51,51,26,0],"gold":192,"neow_bonus":"THREE_ENEMY_KILL","is_prod":false,"is_daily":false,"chose_seed":false,"campfire_upgraded":10,"win_rate":0,"timestamp":1551026900,"path_taken":["M","?","$","M","?","R","M","R","T","E","R","R","E","E","R","BOSS","M","?","M","?","$","R","E","R","T","?","R","M","R","E","R","BOSS","M","?","?","?","?","R","?","R","T","R","M","?","?","M","R","BOSS","BOSS"],"build_version":"2019-01-23","purchased_purges":1,"victory":false,"max_hp_per_floor":[66,66,66,66,66,66,66,66,66,66,66,66,66,66,66,66,66,66,46,46,46,46,46,46,46,46,46,46,46,46,46,46,46,51,51,51,51,51,51,51,51,51,51,51,51,51,51,51,51,51,51],"card_choices":[{"not_picked":["Dodge and Roll","Blade Dance"],"picked":"Quick Slash","floor":1.0},{"not_picked":["Deadly Poison","Dodge and Roll"],"picked":"Predator","floor":2.0},{"not_picked":["Catalyst","Slice"],"picked":"Wraith Form v2","floor":4.0},{"not_picked":["Skewer","Quick Slash"],"picked":"Dodge and Roll","floor":7.0},{"not_picked":["Infinite Blades","Slice","Blade Dance"],"picked":"SKIP","floor":10.0},{"not_picked":["Endless Agony","Predator"],"picked":"PiercingWail","floor":13.0},{"not_picked":["Burst","Setup"],"picked":"Escape Plan","floor":14.0},{"not_picked":["Die Die Die","Corpse Explosion"],"picked":"Night Terror","floor":16.0},{"not_picked":["Flying Knee+1","Riddle With Holes"],"picked":"Escape Plan","floor":18.0},{"not_picked":["Dagger Throw","Backflip"],"picked":"PiercingWail","floor":20.0},{"not_picked":["Outmaneuver","Heel Hook+1","Poisoned Stab"],"picked":"SKIP","floor":24.0},{"not_picked":["Prepared+1","Dagger Throw"],"picked":"Deflect+1","floor":27.0},{"not_picked":["Venomology+1","All Out Attack"],"picked":"Concentrate+1","floor":29.0},{"not_picked":["Prepared+1","Eviscerate"],"picked":"Backflip+1","floor":31.0},{"not_picked":["Tools of the Trade","Storm of Steel+1"],"picked":"After Image","floor":33.0},{"not_picked":["Backflip+1","Outmaneuver+1"],"picked":"Deadly Poison+1","floor":34.0},{"not_picked":["Underhanded Strike+1","Reflex+1"],"picked":"Backflip+1","floor":35.0},{"not_picked":["Dagger Spray+1","Infinite Blades+1"],"picked":"Prepared+1","floor":37},{"not_picked":["Mind Blast","Purity+1"],"picked":"Master of Strategy+1","floor":38},{"not_picked":["Bandage Up+1","Flash of Steel"],"picked":"Good Instincts+1","floor":38},{"not_picked":["Outmaneuver+1","Expertise+1"],"picked":"Dodge and Roll+1","floor":41},{"not_picked":["Deadly Poison+1","Deflect+1"],"picked":"PiercingWail+1","floor":45},{"not_picked":["Bane","Choke"],"picked":"Distraction+1","floor":48}],"player_experience":978325,"relics_obtained":[{"floor":9.0,"key":"Ornamental Fan"},{"floor":10.0,"key":"WingedGreaves"},{"floor":13.0,"key":"Bag of Preparation"},{"floor":14.0,"key":"Centennial Puzzle"},{"floor":24.0,"key":"Toxic Egg 2"},{"floor":26.0,"key":"Meat on the Bone"},{"floor":31.0,"key":"PreservedInsect"},{"floor":41,"key":"Calipers"},{"floor":43,"key":"War Paint"}],"event_choices":[{"damage_healed":0.0,"max_hp_gain":0.0,"max_hp_loss":0.0,"gold_gain":0.0,"event_name":"Liars Game","player_choice":"Ignored","floor":5.0,"gold_loss":0.0,"damage_taken":0.0},{"damage_healed":0.0,"max_hp_gain":0.0,"max_hp_loss":20.0,"gold_gain":0.0,"event_name":"Vampires","player_choice":"Became a vampire","floor":19.0,"gold_loss":0.0,"damage_taken":0.0,"cards_obtained":["Bite","Bite","Bite","Bite","Bite"]},{"damage_healed":0.0,"max_hp_gain":0.0,"max_hp_loss":0.0,"gold_gain":0.0,"event_name":"Wheel of Change","player_choice":"Cursed","floor":21.0,"gold_loss":0.0,"damage_taken":0.0,"cards_obtained":["Decay"]},{"damage_healed":0.0,"max_hp_gain":0.0,"max_hp_loss":0.0,"gold_gain":0.0,"event_name":"Wheel of Change","player_choice":"Cursed","floor":36.0,"gold_loss":0.0,"damage_taken":0.0,"cards_obtained":["Decay"]},{"damage_healed":0,"gold_gain":0,"player_choice":"Memory 3","damage_taken":10,"max_hp_gain":0,"max_hp_loss":0,"event_name":"SensoryStone","floor":38,"gold_loss":0},{"damage_healed":0,"gold_gain":0,"player_choice":"Fight","damage_taken":0,"max_hp_gain":0,"max_hp_loss":0,"event_name":"MindBloom","floor":41,"gold_loss":0},{"damage_healed":0,"gold_gain":0,"player_choice":"Ignored","damage_taken":0,"max_hp_gain":0,"max_hp_loss":0,"event_name":"Mysterious Sphere","floor":47,"gold_loss":0}],"is_beta":false,"boss_relics":[{"not_picked":["Eternal Feather","Philosopher\u0027s Stone"],"picked":"Runic Pyramid"},{"not_picked":["Snecko Eye","Ring of the Serpent"],"picked":"Tiny House"}],"items_purged_floors":[46],"is_endless":false,"potions_floor_spawned":[1,2,10,13,27,29,31,41,48],"killed_by":"Awakened One","ascension_level":20}