{"path_per_floor":["M","M","$","?","M","R","E","R","T","E","R","M","M","M","R","B",null,"M","$","?","?","M","E"],"character_chosen":"IRONCLAD","items_purchased":["Inflame","Flex","Ancient Tea Set","Bloodletting"],"gold_per_floor":[113,129,6,6,20,20,52,52,52,82,82,100,113,126,126,227,257,274,44,44,44,54,81],"floor_reached":24,"campfire_rested":0,"playtime":1188,"current_hp_per_floor":[80,80,80,80,80,80,72,72,72,67,67,68,74,73,73,45,85,76,76,76,59,59,17],"items_purged":[],"gold":81,"score":302,"play_id":"d3f981a4-3ac0-47e0-9e79-37c8249bd347","is_prod":false,"is_daily":false,"is_ascension_mode":true,"campfire_upgraded":4,"path_taken":["M","M","$","?","M","R","E","R","T","E","R","M","M","M","R","BOSS","M","$","?","?","M","E","M"],"build_version":"2018-02-22-PROD2","purchased_purges":1,"victory":false,"master_deck":["Defend_R+1","Defend_R+1","Defend_R+1","Defend_R+1","Bash","Flame Barrier+1","Metallicize","Anger+1","Inflame+1","Flex","Limit Break+1","Heavy Blade+1","Dual Wield","Pommel Strike","Impervious","Fire Breathing","Armaments","Bloodletting","Bite","Bite","Bite","Bite","Bite","Heavy Blade"],"max_hp_per_floor":[80,80,80,80,80,80,80,80,80,80,80,80,80,80,80,80,85,85,85,85,59,59,59],"relics":["Burning Blood","Pen Nib","Vajra","War Paint","Tiny House","Ancient Tea Set","Ginger"],"card_choices":[{"not_picked":["Clash","Anger"],"picked":"Flame Barrier"},{"not_picked":["Burning Pact","True Grit"],"picked":"Metallicize"},{"not_picked":["Pommel Strike","Cleave"],"picked":"Anger"},{"not_picked":["Clothesline","Heavy Blade"],"picked":"Limit Break"},{"not_picked":["Twin Strike","Power Through"],"picked":"Heavy Blade"},{"not_picked":["Sword Boomerang","Disarm"],"picked":"Dual Wield"},{"not_picked":["Hemokinesis","Shrug It Off"],"picked":"Pommel Strike"},{"not_picked":["Berserk","Fiend Fire"],"picked":"Impervious"},{"not_picked":["Thunderclap","Rupture"],"picked":"Fire Breathing"},{"not_picked":["Blood for Blood","Wild Strike"],"picked":"Armaments"},{"not_picked":["Clothesline","Perfected Strike"],"picked":"Heavy Blade"}],"player_experience":180628,"potions_floor_usage":[7,10,16,23,23,23,24],"damage_taken":[{"damage":2,"enemies":"Jaw Worm","floor":1,"turns":5},{"damage":3,"enemies":"Cultist","floor":2,"turns":4},{"damage":0,"enemies":"2 Louse","floor":5,"turns":2},{"damage":14,"enemies":"3 Sentries","floor":7,"turns":8},{"damage":11,"enemies":"Gremlin Nob","floor":10,"turns":3},{"damage":5,"enemies":"Blue Slaver","floor":12,"turns":3},{"damage":0,"enemies":"Large Slime","floor":13,"turns":4},{"damage":7,"enemies":"2 Fungi Beasts","floor":14,"turns":4},{"damage":34,"enemies":"Hexaghost","floor":16,"turns":8},{"damage":15,"enemies":"Shell Parasite","floor":18,"turns":6},{"damage":4,"enemies":"2 Thieves","floor":22,"turns":4},{"damage":57,"enemies":"Slavers","floor":23,"turns":5},{"damage":21,"enemies":"Snake Plant","floor":24,"turns":1}],"event_choices":[{"event_name":"The Lab","player_choice":"Got Potions","floor":4,"damage_taken":0},{"event_name":"Back to Basics","player_choice":"Simplicity","floor":20,"damage_taken":0},{"event_name":"Vampires","player_choice":"Became a vampire","floor":21,"damage_taken":0}],"boss_relics":[{"not_picked":["Ectoplasm","Question Card"],"picked":"Tiny House"}],"potions_floor_spawned":[1,2,5,16,18,23],"seed_played":"3442084429997935931","killed_by":"Snake Plant","ascension_level":2,"is_trial":false}