{"gold_per_floor":[118,43,63,73,89,89,117,117,170,203,216,216],"floor_reached":12,"playtime":578,"items_purged":[],"score":180,"play_id":"7d3fbe68-5fef-405c-ae17-b497fb4c47af","local_time":"20190530004313","is_ascension_mode":true,"campfire_choices":[{"data":"Zap","floor":6,"key":"SMITH"},{"floor":8,"key":"REST"}],"neow_cost":"NONE","seed_source_timestamp":49888427911215,"circlet_count":0,"master_deck":["AscendersBane","Strike_B","Strike_B","Strike_B","Defend_B","Defend_B","Defend_B","Defend_B","Zap+1","Dualcast","White Noise","Compile Driver","Self Repair","Rip and Tear","Leap","Consume","Melter"],"special_seed":0,"relics":["Cracked Core","Strawberry","Darkstone Periapt","Art of War","Lantern"],"potions_floor_usage":[10],"damage_taken":[{"damage":1,"enemies":"Cultist","floor":1,"turns":4},{"damage":2,"enemies":"Jaw Worm","floor":3,"turns":3},{"damage":2,"enemies":"2 Louse","floor":4,"turns":2},{"damage":29,"enemies":"Large Slime","floor":5,"turns":6},{"damage":35,"enemies":"Gremlin Nob","floor":7,"turns":4},{"damage":16,"enemies":"3 Sentries","floor":10,"turns":7},{"damage":22,"enemies":"Exordium Thugs","floor":11,"turns":4},{"damage":36,"enemies":"Gremlin Nob","floor":12,"turns":3}],"seed_played":"-713133239990408458","potions_obtained":[{"floor":3,"key":"Fire Potion"},{"floor":5,"key":"Regen Potion"}],"is_trial":false,"path_per_floor":["M","?","M","M","M","R","E","R","T","E","M","E"],"character_chosen":"DEFECT","items_purchased":[],"campfire_rested":1,"item_purchase_floors":[],"current_hp_per_floor":[70,70,68,66,44,44,16,39,39,45,30,0],"gold":216,"neow_bonus":"RANDOM_COMMON_RELIC","is_prod":false,"is_daily":false,"chose_seed":false,"campfire_upgraded":1,"win_rate":0,"timestamp":1559169793,"path_taken":["M","?","M","M","M","R","E","R","T","E","M","E"],"build_version":"2019-01-23","purchased_purges":0,"victory":false,"max_hp_per_floor":[78,78,78,78,78,78,78,78,78,78,78,78],"card_choices":[{"not_picked":["Leap","Fusion"],"picked":"White Noise","floor":1},{"not_picked":["Stack","Beam Cell"],"picked":"Compile Driver","floor":3},{"not_picked":["BootSequence","Steam"],"picked":"Self Repair","floor":4},{"not_picked":["Blizzard","Tempest"],"picked":"Rip and Tear","floor":5},{"not_picked":["Lockon","Redo"],"picked":"Leap","floor":7},{"not_picked":["FTL","Rip and Tear"],"picked":"Consume","floor":10},{"not_picked":["Stack","Conserve Battery"],"picked":"Melter","floor":11}],"player_experience":1263039,"relics_obtained":[{"floor":7,"key":"Darkstone Periapt"},{"floor":9,"key":"Art of War"},{"floor":10,"key":"Lantern"}],"event_choices":[{"cards_removed":["Strike_B"],"damage_healed":0,"gold_gain":0,"player_choice":"Card Removal","damage_taken":0,"max_hp_gain":0,"max_hp_loss":0,"event_name":"The Cleric","floor":2,"gold_loss":75}],"is_beta":false,"boss_relics":[],"items_purged_floors":[],"is_endless":false,"potions_floor_spawned":[3,5],"killed_by":"Gremlin Nob","ascension_level":20}