{"gold_per_floor":[118,128,144,144,66,66,92,150,174,174,174,193,219,236,236,312,312,329,13,13,13,13,47,63,91,91,91,107,137,137,155,155,232,232,246,261,275,275,109,109,142,142,142,242,272,286,317,334,334,334,334,334,334,14,48,48],"floor_reached":57,"playtime":6189,"items_purged":["Strike_G","Eviscerate+1","Strike_G+1"],"score":2716,"play_id":"a3904b1c-93f2-46c4-93b8-3b0658abf661","local_time":"20190125185332","is_ascension_mode":true,"campfire_choices":[{"data":"Neutralize","floor":6.0,"key":"SMITH"},{"floor":11.0,"key":"REST"},{"data":"Noxious Fumes","floor":15.0,"key":"SMITH"},{"floor":27.0,"key":"REST"},{"floor":32.0,"key":"REST"},{"floor":40,"key":"REST"},{"floor":42,"key":"REST"},{"floor":49,"key":"RECALL"},{"floor":53,"key":"REST"}],"neow_cost":"TEN_PERCENT_HP_LOSS","seed_source_timestamp":0,"circlet_count":0,"master_deck":["AscendersBane","Defend_G","Defend_G","Defend_G","Defend_G","Defend_G","Survivor+1","Neutralize+1","After Image","Backstab+1","Poisoned Stab+1","Cloak And Dagger","Footwork+1","Dodge and Roll","Caltrops","Noxious Fumes+1","Acrobatics","Leg Sweep+1","Crippling Poison","Acrobatics","Leg Sweep","Crippling Poison","Backflip+1","Reflex+1","Poisoned Stab+1","PiercingWail","Noxious Fumes","Wraith Form v2","Footwork","Dodge and Roll","Cloak And Dagger+1","Escape Plan","Escape Plan","Backflip+1"],"special_seed":0,"relics":["Ring of the Snake","Happy Flower","Lantern","Potion Belt","Whetstone","Fusion Hammer","Membership Card","Meat on the Bone","Pocketwatch","War Paint","Centennial Puzzle","Anchor","Astrolabe","Art of War","Omamori","Torii","Pantograph","Vajra","Bronze Scales","Dodecahedron","Oddly Smooth Stone"],"potions_floor_usage":[47,56,56,56,56],"damage_taken":[{"damage":3.0,"enemies":"Small Slimes","floor":1.0,"turns":7.0},{"damage":0.0,"enemies":"Jaw Worm","floor":2.0,"turns":4.0},{"damage":0.0,"enemies":"Cultist","floor":3.0,"turns":3.0},{"damage":19.0,"enemies":"3 Sentries","floor":7.0,"turns":16.0},{"damage":15.0,"enemies":"3 Sentries","floor":8.0,"turns":11.0},{"damage":0.0,"enemies":"2 Fungi Beasts","floor":12.0,"turns":3.0},{"damage":2.0,"enemies":"Lagavulin","floor":13.0,"turns":9.0},{"damage":0.0,"enemies":"Gremlin Gang","floor":14.0,"turns":4.0},{"damage":29.0,"enemies":"The Guardian","floor":16.0,"turns":10.0},{"damage":0.0,"enemies":"Spheric Guardian","floor":18.0,"turns":5.0},{"damage":35.0,"enemies":"Slavers","floor":23.0,"turns":9.0},{"damage":6.0,"enemies":"Shell Parasite","floor":24.0,"turns":6.0},{"damage":1.0,"enemies":"Book of Stabbing","floor":25.0,"turns":6.0},{"damage":0.0,"enemies":"Centurion and Healer","floor":28.0,"turns":6.0},{"damage":36.0,"enemies":"Gremlin Leader","floor":29.0,"turns":8.0},{"damage":3.0,"enemies":"Sentry and Sphere","floor":31.0,"turns":6.0},{"damage":21,"enemies":"Automaton","floor":33,"turns":12},{"damage":2,"enemies":"3 Darklings","floor":35,"turns":8},{"damage":21,"enemies":"3 Shapes","floor":36,"turns":8},{"damage":12,"enemies":"Maw","floor":37,"turns":10},{"damage":31,"enemies":"Nemesis","floor":41,"turns":11},{"damage":0,"enemies":"Mind Bloom Boss Battle","floor":44,"turns":9},{"damage":20,"enemies":"Giant Head","floor":45,"turns":11},{"damage":1,"enemies":"3 Darklings","floor":46,"turns":8},{"damage":28,"enemies":"Reptomancer","floor":47,"turns":10},{"damage":7,"enemies":"Transient","floor":48,"turns":6},{"damage":8,"enemies":"Time Eater","floor":50,"turns":19},{"damage":1,"enemies":"Donu and Deca","floor":51,"turns":14},{"damage":24,"enemies":"Shield and Spear","floor":55,"turns":11},{"damage":18,"enemies":"The Heart","floor":56,"turns":13}],"seed_played":"-2003518653233138066","potions_obtained":[{"floor":1.0,"key":"Regen Potion"},{"floor":2.0,"key":"Energy Potion"},{"floor":3.0,"key":"Ancient Potion"},{"floor":13.0,"key":"Regen Potion"},{"floor":22.0,"key":"SteroidPotion"},{"floor":22.0,"key":"Swift Potion"},{"floor":23.0,"key":"AttackPotion"},{"floor":28.0,"key":"EssenceOfSteel"},{"floor":29.0,"key":"SpeedPotion"},{"floor":35,"key":"EssenceOfSteel"},{"floor":41,"key":"GhostInAJar"},{"floor":47,"key":"LiquidBronze"}],"is_trial":false,"path_per_floor":["M","M","M","?","$","R","E","?","T","?","R","M","E","M","R","B",null,"M","$","?","T","?","E","M","E","T","R","M","E","?","M","R","B",null,"M","M","M","?","$","R","E","R","T","?","E","M","E","M","R","B","B",null,"R","$","E","B",null],"character_chosen":"THE_SILENT","items_purchased":["Footwork","Membership Card","Leg Sweep","Energy Potion","Art of War","Swift Potion","Bronze Scales","Dodecahedron","Escape Plan"],"campfire_rested":6,"item_purchase_floors":[5,19,19,19,39,39,54,54,54],"current_hp_per_floor":[56,56,56,56,56,56,52,37,37,19,37,37,35,35,35,21,50,50,50,50,50,50,27,33,32,32,50,50,26,26,35,53,32,53,51,42,42,42,42,60,41,59,59,59,39,38,22,27,27,44,59,60,60,60,36,42],"gold":48,"neow_bonus":"THREE_RARE_CARDS","is_prod":false,"is_daily":false,"chose_seed":false,"campfire_upgraded":2,"win_rate":0,"timestamp":1548438812,"path_taken":["M","M","M","?","$","R","E","?","T","?","R","M","E","M","R","BOSS","M","$","?","?","?","E","M","E","T","R","?","E","?","M","R","BOSS","M","?","M","?","$","R","E","R","T","?","E","M","E","M","R","BOSS","BOSS","R","$","E","BOSS"],"build_version":"2019-01-23","purchased_purges":3,"victory":true,"max_hp_per_floor":[60,60,60,60,60,60,60,60,60,60,60,60,60,60,60,60,60,60,60,60,60,60,60,60,60,60,60,60,60,60,60,60,60,60,60,60,60,60,60,60,60,60,60,60,60,60,60,60,60,60,60,60,60,60,60,60],"card_choices":[{"not_picked":["A Thousand Cuts","Tools of the Trade"],"picked":"After Image","floor":0.0},{"not_picked":["Crippling Poison","Finisher"],"picked":"Backstab","floor":1.0},{"not_picked":["Dodge and Roll","Blade Dance"],"picked":"Poisoned Stab","floor":2.0},{"not_picked":["Masterful Stab","Backflip"],"picked":"Cloak And Dagger","floor":3.0},{"not_picked":["Acrobatics","Tactician"],"picked":"Dodge and Roll","floor":7.0},{"not_picked":["Slice","Phantasmal Killer"],"picked":"Caltrops","floor":8.0},{"not_picked":["Deflect","Expertise","Slice"],"picked":"SKIP","floor":12.0},{"not_picked":["Dagger Spray","Cloak And Dagger"],"picked":"Noxious Fumes","floor":13.0},{"not_picked":["Sucker Punch","Quick Slash","Reflex"],"picked":"SKIP","floor":14.0},{"not_picked":["Skewer","Poisoned Stab"],"picked":"Acrobatics","floor":18.0},{"not_picked":["Blur","Eviscerate"],"picked":"Crippling Poison","floor":23.0},{"not_picked":["Dagger Spray","Underhanded Strike"],"picked":"Acrobatics","floor":24.0},{"not_picked":["Bouncing Flask","Acrobatics"],"picked":"Leg Sweep","floor":25.0},{"not_picked":["Blade Dance","Distraction","Finisher"],"picked":"SKIP","floor":28.0},{"not_picked":["Acrobatics","Blade Dance+1"],"picked":"Crippling Poison","floor":29.0},{"not_picked":["Caltrops+1","Catalyst"],"picked":"Backflip+1","floor":31.0},{"not_picked":["Cloak And Dagger","Sucker Punch"],"picked":"PiercingWail","floor":35},{"not_picked":["Predator","Heel Hook"],"picked":"Noxious Fumes","floor":36},{"not_picked":["Deflect","Quick Slash","Terror"],"picked":"SKIP","floor":37},{"not_picked":["Dagger Throw","Slice"],"picked":"Wraith Form v2","floor":41},{"not_picked":["Catalyst","Blade Dance"],"picked":"Footwork","floor":44},{"not_picked":["Flying Knee","PiercingWail+1"],"picked":"Dodge and Roll","floor":45},{"not_picked":["Blade Dance","Flechettes","Dagger Throw"],"picked":"SKIP","floor":46},{"not_picked":["Choke","Tools of the Trade"],"picked":"Cloak And Dagger+1","floor":47},{"not_picked":["Dagger Throw","Dagger Spray"],"picked":"Escape Plan","floor":48},{"not_picked":["Backstab","Skewer"],"picked":"Backflip+1","floor":55}],"player_experience":773727,"relics_obtained":[{"floor":7.0,"key":"Happy Flower"},{"floor":8.0,"key":"Lantern"},{"floor":9.0,"key":"Potion Belt"},{"floor":13.0,"key":"Whetstone"},{"floor":21.0,"key":"Meat on the Bone"},{"floor":23.0,"key":"Pocketwatch"},{"floor":25.0,"key":"War Paint"},{"floor":26.0,"key":"Centennial Puzzle"},{"floor":29.0,"key":"Anchor"},{"floor":41,"key":"Omamori"},{"floor":44,"key":"Torii"},{"floor":45,"key":"Pantograph"},{"floor":47,"key":"Vajra"},{"floor":55,"key":"Oddly Smooth Stone"}],"event_choices":[{"damage_healed":0.0,"max_hp_gain":0.0,"max_hp_loss":0.0,"gold_gain":0.0,"event_name":"Living Wall","player_choice":"Grow","floor":4.0,"gold_loss":0.0,"damage_taken":0.0,"cards_upgraded":["Poisoned Stab"]},{"damage_healed":0.0,"max_hp_gain":0.0,"max_hp_loss":0.0,"gold_gain":0.0,"event_name":"Dead Adventurer","player_choice":"Searched \u00272\u0027 times","floor":8.0,"gold_loss":0.0,"damage_taken":0.0},{"damage_healed":0.0,"max_hp_gain":0.0,"max_hp_loss":0.0,"gold_gain":0.0,"event_name":"Shining Light","player_choice":"Entered Light","floor":10.0,"gold_loss":0.0,"damage_taken":18.0,"cards_upgraded":["Backstab","Footwork"]},{"damage_healed":0.0,"max_hp_gain":0.0,"max_hp_loss":0.0,"gold_gain":0.0,"event_name":"Cursed Tome","player_choice":"Ignored","floor":20.0,"gold_loss":0.0,"damage_taken":0.0},{"damage_healed":0.0,"max_hp_gain":0.0,"max_hp_loss":0.0,"gold_gain":0.0,"event_name":"Lab","player_choice":"Got Potions","floor":22.0,"gold_loss":0.0,"damage_taken":0.0},{"damage_healed":0.0,"max_hp_gain":0.0,"max_hp_loss":0.0,"gold_gain":0.0,"event_name":"Match and Keep!","player_choice":"0 cards matched","floor":30.0,"gold_loss":0.0,"damage_taken":0.0,"cards_obtained":[]},{"damage_healed":0,"gold_gain":0,"player_choice":"Ignored","damage_taken":0,"max_hp_gain":0,"max_hp_loss":0,"event_name":"Tomb of Lord Red Mask","floor":38,"gold_loss":0},{"damage_healed":0,"gold_gain":0,"player_choice":"Fight","damage_taken":0,"max_hp_gain":0,"max_hp_loss":0,"event_name":"MindBloom","floor":44,"gold_loss":0}],"is_beta":false,"boss_relics":[{"not_picked":["WristBlade","Philosopher\u0027s Stone"],"picked":"Fusion Hammer"},{"not_picked":["White Beast Statue","Lizard Tail"],"picked":"Astrolabe"}],"items_purged_floors":[19,39,54],"is_endless":false,"potions_floor_spawned":[1,2,3,13,23,28,29,35,41,44,47],"ascension_level":20}