{"gold_per_floor":[111,25,25,100,110,143,143,156,156,182,182,196,215,226,226,305,305,317,242,242,184,198,198,223,56,140,158,158,158,158,158,158,233,233,250,175,0,0,14,14,49,49,121,121,121,152,179,179,179,179],"floor_reached":51,"playtime":2601,"items_purged":["Strike_R"],"score":1497,"play_id":"e654dc67-abeb-4b17-8c2f-363ae7af9cb9","local_time":"20190520105052","is_ascension_mode":true,"campfire_choices":[{"data":"Armaments","floor":7,"key":"SMITH"},{"data":"Rage","floor":15,"key":"SMITH"},{"floor":23,"key":"REST"},{"floor":28,"key":"REST"},{"floor":30,"key":"REST"},{"data":"Juggernaut","floor":32,"key":"SMITH"},{"floor":40,"key":"REST"},{"data":"Demon Form","floor":42,"key":"SMITH"},{"data":"Shockwave","floor":44,"key":"SMITH"},{"floor":49,"key":"RECALL"}],"neow_cost":"NONE","seed_source_timestamp":182222021762954,"circlet_count":0,"master_deck":["AscendersBane","Strike_R+1","Strike_R+1","Defend_R+1","Defend_R+1","Defend_R+1","Bash+1","Headbutt+1","Uppercut+1","Rage+1","Armaments+1","Juggernaut+1","Twin Strike+1","Pommel Strike+1","Impervious+1","Demon Form+1","Shockwave+1","Iron Wave+1","Uppercut+1","Burning Pact+1","Feel No Pain+1","Fiend Fire+1","Pommel Strike+1","Shrug It Off+1","Sever Soul+1","True Grit+1","Metallicize+1"],"relics":["Burning Blood","NeowsBlessing","Dodecahedron","Molten Egg 2","Regal Pillow","Strawberry","Snecko Eye","Juzu Bracelet","Bronze Scales","Tiny Chest","WingedGreaves","Pantograph","Empty Cage","Red Mask","Whetstone","Toxic Egg 2","Lantern","Darkstone Periapt","Mark of the Bloom"],"potions_floor_usage":[10,13,22,41,47,50],"damage_taken":[{"damage":0,"enemies":"Small Slimes","floor":1,"turns":1},{"damage":0,"enemies":"Jaw Worm","floor":5,"turns":1},{"damage":0,"enemies":"Gremlin Nob","floor":6,"turns":1},{"damage":0,"enemies":"2 Louse","floor":8,"turns":3},{"damage":17,"enemies":"Lagavulin","floor":10,"turns":5},{"damage":8,"enemies":"Blue Slaver","floor":12,"turns":4},{"damage":8,"enemies":"Looter","floor":13,"turns":2},{"damage":1,"enemies":"2 Fungi Beasts","floor":14,"turns":3},{"damage":26,"enemies":"The Guardian","floor":16,"turns":12},{"damage":29,"enemies":"3 Byrds","floor":18,"turns":6},{"damage":34,"enemies":"Colosseum Slavers","floor":20,"turns":5},{"damage":18,"enemies":"Chosen","floor":22,"turns":5},{"damage":50,"enemies":"Slavers","floor":24,"turns":6},{"damage":13,"enemies":"Centurion and Healer","floor":27,"turns":5},{"damage":67,"enemies":"Champ","floor":33,"turns":8},{"damage":0,"enemies":"Orb Walker","floor":35,"turns":3},{"damage":41,"enemies":"3 Darklings","floor":39,"turns":6},{"damage":0,"enemies":"Nemesis","floor":41,"turns":5},{"damage":0,"enemies":"Giant Head","floor":46,"turns":5},{"damage":4,"enemies":"Reptomancer","floor":47,"turns":5},{"damage":59,"enemies":"Time Eater","floor":50,"turns":8}],"seed_played":"3010971939637714342","potions_obtained":[{"floor":1,"key":"Weak Potion"},{"floor":5,"key":"Regen Potion"},{"floor":12,"key":"BloodPotion"},{"floor":22,"key":"Ancient Potion"},{"floor":33,"key":"BloodPotion"},{"floor":39,"key":"SkillPotion"},{"floor":47,"key":"SteroidPotion"}],"is_trial":false,"path_per_floor":["M","$","?","?","M","E","R","M","T","E","T","M","M","M","R","B",null,"M","?","?","$","M","R","E","$","T","M","R","T","R","?","R","B",null,"M","$","?","?","M","R","E","R","T","R","?","E","E","?","R","B",null],"character_chosen":"IRONCLAD","items_purchased":["Uppercut","Iron Wave+1","Bronze Scales"],"campfire_rested":4,"item_purchase_floors":[2,21,25],"current_hp_per_floor":[74,74,74,63,69,75,75,75,75,64,71,69,75,80,80,60,77,54,54,26,26,23,62,18,18,18,11,50,50,82,82,82,21,67,73,73,73,73,38,77,82,82,82,82,78,78,78,78,78,19],"gold":179,"neow_bonus":"THREE_ENEMY_KILL","is_prod":false,"is_daily":false,"chose_seed":false,"campfire_upgraded":5,"win_rate":0,"timestamp":1558360252,"path_taken":["M","$","?","?","M","E","R","M","T","E","?","M","?","M","R","BOSS","M","?","?","$","M","R","E","?","T","M","R","?","R","?","R","BOSS","M","$","?","?","M","R","E","R","T","R","?","E","E","?","R","BOSS"],"build_version":"2019-01-23","purchased_purges":1,"victory":true,"max_hp_per_floor":[75,75,75,75,75,75,75,75,75,75,82,82,82,82,82,82,82,82,82,82,82,82,82,82,82,82,82,82,82,82,82,82,82,82,82,82,82,82,82,82,82,82,82,82,78,78,78,78,78,78],"card_choices":[{"not_picked":["Sentinel","Rupture"],"picked":"Headbutt","floor":1},{"not_picked":["Warcry","Flex"],"picked":"Rage","floor":5},{"not_picked":["Rupture","Body Slam"],"picked":"Armaments","floor":6},{"not_picked":["Havoc","Armaments"],"picked":"Juggernaut","floor":8},{"not_picked":["Power Through","Armaments"],"picked":"Twin Strike+1","floor":10},{"not_picked":["Sword Boomerang+1","Headbutt+1","Twin Strike+1"],"picked":"SKIP","floor":12},{"not_picked":["Thunderclap+1","Havoc"],"picked":"Pommel Strike+1","floor":13},{"not_picked":["Combust","Heavy Blade+1"],"picked":"Impervious","floor":14},{"not_picked":["Dark Embrace","Offering"],"picked":"Demon Form","floor":16},{"not_picked":["True Grit+1","Armaments"],"picked":"Shockwave","floor":18},{"not_picked":["Disarm","Seeing Red"],"picked":"Uppercut+1","floor":22},{"not_picked":["Berserk","Corruption"],"picked":"Burning Pact+1","floor":24},{"not_picked":["Heavy Blade+1","Fire Breathing"],"picked":"Feel No Pain","floor":27},{"not_picked":["Exhume","Impervious"],"picked":"Fiend Fire+1","floor":33},{"not_picked":["Rage","Armaments"],"picked":"Pommel Strike+1","floor":35},{"not_picked":["Flex","Thunderclap+1"],"picked":"Shrug It Off+1","floor":39},{"not_picked":["Uppercut+1","Corruption"],"picked":"Sever Soul+1","floor":41},{"not_picked":["Dropkick+1","Carnage+1"],"picked":"True Grit+1","floor":46},{"not_picked":["Searing Blow+1","Evolve+1"],"picked":"Metallicize+1","floor":47}],"player_experience":770072,"relics_obtained":[{"floor":6,"key":"Dodecahedron"},{"floor":9,"key":"Molten Egg 2"},{"floor":10,"key":"Regal Pillow"},{"floor":11,"key":"Strawberry"},{"floor":24,"key":"Juzu Bracelet"},{"floor":26,"key":"Tiny Chest"},{"floor":29,"key":"WingedGreaves"},{"floor":41,"key":"Whetstone"},{"floor":43,"key":"Toxic Egg 2"},{"floor":46,"key":"Lantern"},{"floor":47,"key":"Darkstone Periapt"}],"event_choices":[{"damage_healed":0,"gold_gain":0,"player_choice":"Grow","damage_taken":0,"max_hp_gain":0,"max_hp_loss":0,"event_name":"Living Wall","floor":3,"gold_loss":0,"cards_upgraded":["Uppercut"]},{"damage_healed":0,"gold_gain":75,"player_choice":"Gather Gold","damage_taken":11,"max_hp_gain":0,"max_hp_loss":0,"event_name":"World of Goop","floor":4,"gold_loss":0},{"cards_removed":["Strike_R"],"damage_healed":0,"gold_gain":0,"player_choice":"Gave Gold","damage_taken":0,"max_hp_gain":0,"max_hp_loss":0,"event_name":"Beggar","floor":19,"gold_loss":75},{"damage_healed":0,"gold_gain":0,"player_choice":"Fight","damage_taken":0,"max_hp_gain":0,"max_hp_loss":0,"event_name":"Colosseum","floor":20,"gold_loss":0},{"damage_healed":0,"gold_gain":0,"player_choice":"Fled From Nobs","damage_taken":0,"max_hp_gain":0,"max_hp_loss":0,"event_name":"Colosseum","floor":20,"gold_loss":0},{"damage_healed":0,"gold_gain":0,"player_choice":"Opened","damage_taken":0,"relics_obtained":["Pantograph"],"max_hp_gain":0,"max_hp_loss":0,"event_name":"The Mausoleum","floor":31,"gold_loss":0,"cards_obtained":["Writhe"]},{"damage_healed":0,"gold_gain":0,"player_choice":"Paid","damage_taken":0,"relics_obtained":["Red Mask"],"max_hp_gain":0,"max_hp_loss":0,"event_name":"Tomb of Lord Red Mask","floor":37,"gold_loss":175},{"cards_removed":["Strike_R"],"damage_healed":0,"gold_gain":0,"player_choice":"Removed Attack","damage_taken":0,"max_hp_gain":0,"max_hp_loss":0,"event_name":"Falling","floor":38,"gold_loss":0},{"damage_healed":0,"gold_gain":0,"player_choice":"Max HP","damage_taken":0,"max_hp_gain":0,"max_hp_loss":4,"event_name":"Winding Halls","floor":45,"gold_loss":0},{"damage_healed":0,"gold_gain":0,"player_choice":"Upgrade","damage_taken":0,"relics_obtained":["Mark of the Bloom"],"max_hp_gain":0,"max_hp_loss":0,"event_name":"MindBloom","floor":48,"gold_loss":0,"cards_upgraded":["Strike_R","Defend_R","Defend_R","Defend_R","Bash","Impervious","Feel No Pain"]}],"is_beta":false,"boss_relics":[{"not_picked":["Runic Cube","Sozu"],"picked":"Snecko Eye"},{"not_picked":["Runic Dome","Tiny House"],"picked":"Empty Cage"}],"items_purged_floors":[36],"is_endless":false,"potions_floor_spawned":[1,5,12,22,33,39,47],"ascension_level":17}