{"gold_per_floor":[110,110,60,76,1,1,56,68,106,118,205,227,239,280,292,409,471,493,505,533,558,570,582,594,606,618,644,100,114,114,126,126,126],"floor_reached":33,"playtime":1282,"items_purged":["Defend_R"],"score":304,"play_id":"beab985d-3026-436d-a687-b5598f3c1cdf","local_time":"20190201132028","is_ascension_mode":true,"campfire_choices":[{"data":"Whirlwind","floor":6,"key":"SMITH"},{"data":"Blind","floor":8,"key":"SMITH"},{"data":"Bash","floor":10,"key":"SMITH"},{"floor":13,"key":"REST"},{"data":"Immolate","floor":15,"key":"SMITH"},{"floor":23,"key":"REST"},{"floor":25,"key":"REST"},{"floor":32,"key":"REST"}],"neow_cost":"NONE","seed_source_timestamp":957557624532968,"circlet_count":0,"master_deck":["Strike_R+1","Strike_R+1","Strike_R+1","Strike_R+1","Defend_R+1","Defend_R+1","Bash+1","Blind+1","Cleave","Whirlwind+1","Cleave","Immolate+1","Immolate","Flex","Twin Strike","Thunderclap","Reaper","Flex","Flame Barrier","Headbutt+1"],"relics":["Burning Blood","MawBank","Juzu Bracelet","Regal Pillow","Tiny House","Boot","Bronze Scales","Bag of Preparation","Sling"],"potions_floor_usage":[7,16,29,31,31,33],"damage_taken":[{"damage":10,"enemies":"Small Slimes","floor":1,"turns":5},{"damage":6,"enemies":"2 Louse","floor":4,"turns":3},{"damage":29,"enemies":"Lagavulin Event","floor":7,"turns":6},{"damage":0,"enemies":"Cultist","floor":12,"turns":3},{"damage":20,"enemies":"3 Sentries","floor":14,"turns":3},{"damage":55,"enemies":"Hexaghost","floor":16,"turns":8},{"damage":36,"enemies":"Shell Parasite","floor":18,"turns":4},{"damage":22,"enemies":"2 Thieves","floor":20,"turns":2},{"damage":21,"enemies":"Chosen and Byrds","floor":21,"turns":5},{"damage":44,"enemies":"Centurion and Healer","floor":27,"turns":4},{"damage":35,"enemies":"Snecko","floor":29,"turns":4},{"damage":29,"enemies":"Sentry and Sphere","floor":31,"turns":5},{"damage":63,"enemies":"Collector","floor":33,"turns":5}],"seed_played":"-5465563706536582243","potions_obtained":[{"floor":4,"key":"Block Potion"},{"floor":14,"key":"LiquidBronze"},{"floor":17,"key":"Ancient Potion"},{"floor":21,"key":"GamblersBrew"},{"floor":29,"key":"PowerPotion"},{"floor":31,"key":"Poison Potion"}],"is_trial":false,"path_per_floor":["M","?","?","M","$","R","?","R","T","R","?","M","R","E","R","B",null,"M","?","M","M","?","R","$","R","T","M","$","M","?","M","R","B"],"character_chosen":"IRONCLAD","items_purchased":["Bronze Scales","Bag of Preparation","Sling","Flex"],"campfire_rested":4,"item_purchase_floors":[28,28,28,28],"current_hp_per_floor":[76,81,81,81,81,81,58,58,58,58,47,53,78,64,64,15,73,43,43,27,12,12,54,54,90,90,52,52,32,32,9,51,0],"gold":126,"neow_bonus":"RANDOM_COLORLESS","is_prod":false,"is_daily":false,"chose_seed":false,"campfire_upgraded":4,"win_rate":0,"timestamp":1549041628,"path_taken":["M","?","?","M","$","R","?","R","T","R","?","M","R","E","R","BOSS","M","?","M","M","?","R","$","R","T","M","$","M","?","M","R","BOSS"],"build_version":"2019-01-23","purchased_purges":1,"victory":false,"max_hp_per_floor":[80,85,85,85,85,85,85,85,85,85,85,85,85,85,85,85,90,90,90,90,90,90,90,90,90,90,90,90,90,90,90,90,90],"card_choices":[{"not_picked":["Clothesline","Clash"],"picked":"Cleave","floor":1},{"not_picked":["Spot Weakness","Rage"],"picked":"Whirlwind","floor":4},{"not_picked":["Body Slam","Rage"],"picked":"Cleave","floor":12},{"not_picked":["Uppercut","Havoc"],"picked":"Immolate","floor":14},{"not_picked":["Reaper","Impervious"],"picked":"Immolate","floor":16},{"not_picked":["Havoc","Body Slam"],"picked":"Flex","floor":17},{"not_picked":["Battle Trance+1","Heavy Blade"],"picked":"Twin Strike","floor":18},{"not_picked":["Headbutt+1","Armaments"],"picked":"Thunderclap","floor":20},{"not_picked":["Havoc","Flame Barrier"],"picked":"Reaper","floor":21},{"not_picked":["Seeing Red","True Grit","Reckless Charge"],"picked":"SKIP","floor":27},{"not_picked":["Clothesline","Iron Wave+1"],"picked":"Flame Barrier","floor":29},{"not_picked":["Body Slam","Blood for Blood+1"],"picked":"Headbutt+1","floor":31}],"player_experience":375098,"relics_obtained":[{"floor":9,"key":"Juzu Bracelet"},{"floor":14,"key":"Regal Pillow"},{"floor":26,"key":"Boot"}],"event_choices":[{"damage_healed":0,"gold_gain":0,"player_choice":"Donut","damage_taken":0,"max_hp_gain":5,"max_hp_loss":0,"event_name":"Big Fish","floor":2,"gold_loss":0},{"cards_removed":["Defend_R"],"damage_healed":0,"gold_gain":0,"player_choice":"Card Removal","damage_taken":0,"max_hp_gain":0,"max_hp_loss":0,"event_name":"The Cleric","floor":3,"gold_loss":50},{"damage_healed":0,"gold_gain":0,"player_choice":"Searched \u00272\u0027 times","damage_taken":0,"relics_obtained":["MawBank"],"max_hp_gain":0,"max_hp_loss":0,"event_name":"Dead Adventurer","floor":7,"gold_loss":0},{"damage_healed":0,"gold_gain":75,"player_choice":"Gather Gold","damage_taken":11,"max_hp_gain":0,"max_hp_loss":0,"event_name":"World of Goop","floor":11,"gold_loss":0},{"cards_removed":["Strike_R"],"damage_healed":0,"gold_gain":0,"player_choice":"Purged","damage_taken":0,"max_hp_gain":0,"max_hp_loss":0,"event_name":"Purifier","floor":19,"gold_loss":0},{"damage_healed":0,"gold_gain":0,"player_choice":"Simplicity","damage_taken":0,"max_hp_gain":0,"max_hp_loss":0,"event_name":"Back to Basics","floor":22,"gold_loss":0,"cards_upgraded":["Strike_R","Strike_R","Strike_R","Defend_R","Defend_R"]},{"damage_healed":0,"gold_gain":0,"player_choice":"Ignored","damage_taken":0,"max_hp_gain":0,"max_hp_loss":0,"event_name":"Ghosts","floor":30,"gold_loss":0}],"is_beta":false,"boss_relics":[{"not_picked":["Astrolabe","White Beast Statue"],"picked":"Tiny House"}],"items_purged_floors":[5],"is_endless":false,"potions_floor_spawned":[4,14,21,29,31],"killed_by":"Collector","ascension_level":5}