{"path_per_floor":["M","?","?","?","?","E","R","E","T","M","M","R","?","M","R","B",null,"M","M","M","M","$","R","E","R","T","R","?","M","?","$","R","B",null,"M","?","?","?","?","R","$","R","T","M","$","M","M","M","R","B"],"character_chosen":"IRONCLAD","items_purchased":["Orichalcum","Trip","Bag of Preparation","Whirlwind","Bag of Marbles","Entrench","Fire Breathing"],"gold_per_floor":[114,114,114,114,189,214,214,241,267,282,295,295,295,310,310,431,431,444,464,489,510,270,270,304,304,304,304,304,315,240,29,29,129,129,146,246,293,293,293,293,72,72,125,139,101,118,134,149,149,149],"floor_reached":51,"campfire_rested":5,"playtime":2173,"current_hp_per_floor":[81,63,68,49,38,15,42,27,27,37,45,72,49,59,86,62,93,93,91,81,63,63,92,89,89,89,89,89,81,81,81,81,35,103,103,103,79,79,79,103,103,103,103,105,105,99,63,98,98,19],"items_purged":[],"gold":149,"score":811,"play_id":"36043c0e-dd47-4726-9336-442a1f740858","local_time":"20180319132234","is_prod":false,"is_daily":false,"is_ascension_mode":true,"campfire_upgraded":5,"timestamp":1521476554,"path_taken":["M","?","?","?","?","E","R","E","T","M","M","R","?","?","R","BOSS","M","M","M","M","$","R","E","R","T","R","?","M","?","$","R","BOSS","M","?","?","?","?","R","$","R","T","M","?","M","?","M","R","BOSS"],"build_version":"2018-03-15v3","purchased_purges":1,"victory":true,"master_deck":["Strike_R+1","Strike_R","Strike_R","Strike_R","Defend_R+1","Defend_R","Defend_R+1","Defend_R","Bash+1","Flex+1","Reaper","Spot Weakness","Clash","Clash","Feed","Iron Wave+1","Clash","Clash","Pommel Strike+1","Trip+1","Armaments+1","Whirlwind+1","Inflame","Metallicize+1","Entrench+1","Fire Breathing+1","Clash","Clash+1"],"max_hp_per_floor":[88,88,93,93,93,93,93,93,93,93,93,93,93,93,93,93,93,93,96,99,99,99,99,101,101,101,101,101,101,101,101,101,103,103,103,103,103,103,103,103,103,103,103,105,105,107,110,113,113,113],"relics":["Burning Blood","War Paint","Pen Nib","Blood Vial","Vajra","Bloody Idol","Lizard Tail","Orichalcum","Singing Bowl","Ginger","Bag of Preparation","Champion Belt","Bag of Marbles","Happy Flower"],"card_choices":[{"not_picked":["Warcry","Havoc"],"picked":"Flex"},{"not_picked":["Flame Barrier","Pommel Strike"],"picked":"Reaper"},{"not_picked":["Shrug It Off","Body Slam"],"picked":"Spot Weakness"},{"not_picked":["Havoc","Wild Strike"],"picked":"Clash"},{"not_picked":["Body Slam","Thunderclap"],"picked":"Clash"},{"not_picked":["Twin Strike","Barricade"],"picked":"Flex"},{"not_picked":["Exhume","Juggernaut"],"picked":"Feed"},{"not_picked":["Rage","Corruption"],"picked":"Iron Wave"},{"not_picked":["Sword Boomerang","Thunderclap"],"picked":"Clash"},{"not_picked":["Pommel Strike","Twin Strike"],"picked":"Clash"},{"not_picked":["Dropkick","Entrench"],"picked":"Pommel Strike"},{"not_picked":["Headbutt","Anger"],"picked":"Armaments"},{"not_picked":["Havoc","Thunderclap"],"picked":"Inflame"},{"not_picked":["Havoc","Shrug It Off"],"picked":"Metallicize"},{"not_picked":["Uppercut","Anger"],"picked":"Clash"},{"not_picked":["Armaments","Battle Trance"],"picked":"Clash"}],"player_experience":219234,"potions_floor_usage":[19,19,24,29,50,50,50],"damage_taken":[{"damage":13.0,"enemies":"2 Louse","floor":1.0,"turns":4.0},{"damage":29.0,"enemies":"Lagavulin","floor":6.0,"turns":7.0},{"damage":33.0,"enemies":"Gremlin Nob","floor":8.0,"turns":5.0},{"damage":7.0,"enemies":"Jaw Worm","floor":10.0,"turns":3.0},{"damage":0.0,"enemies":"Small Slimes","floor":11.0,"turns":2.0},{"damage":10.0,"enemies":"Gremlin Gang","floor":14.0,"turns":5.0},{"damage":52.0,"enemies":"Slime Boss","floor":16.0,"turns":8.0},{"damage":0,"enemies":"Chosen","floor":18,"turns":3},{"damage":11,"enemies":"2 Thieves","floor":19,"turns":3},{"damage":29,"enemies":"3 Cultists","floor":20,"turns":5},{"damage":31,"enemies":"Snake Plant","floor":21,"turns":4},{"damage":13,"enemies":"Book of Stabbing","floor":24,"turns":3},{"damage":28,"enemies":"Cultist and Chosen","floor":29,"turns":6},{"damage":79,"enemies":"Automaton","floor":33,"turns":8},{"damage":3,"enemies":"3 Shapes","floor":35,"turns":1},{"damage":43,"enemies":"Mysterious Sphere","floor":37,"turns":6},{"damage":8,"enemies":"3 Darklings","floor":44,"turns":4},{"damage":19,"enemies":"4 Shapes","floor":46,"turns":3},{"damage":52,"enemies":"Maw","floor":47,"turns":7},{"damage":17,"enemies":"3 Darklings","floor":48,"turns":3},{"damage":175,"enemies":"Donu and Deca","floor":50,"turns":10}],"event_choices":[{"event_name":"Scrap Ooze","player_choice":"success","floor":2.0,"damage_taken":18.0},{"event_name":"Big Fish","player_choice":"Donut","floor":3.0,"damage_taken":0.0},{"event_name":"Shining Light","player_choice":"Entered Light","floor":4.0,"damage_taken":0.0},{"event_name":"World of Goop","player_choice":"Gather Gold","floor":5.0,"damage_taken":0.0},{"event_name":"Golden Idol","player_choice":"Take Damage","floor":13.0,"damage_taken":0.0},{"event_name":"Forgotten Altar","player_choice":"Gave Idol","floor":28,"damage_taken":0},{"event_name":"Beggar","player_choice":"Gave Gold","floor":30,"damage_taken":0},{"event_name":"Golden Shrine","player_choice":"Pray","floor":36,"damage_taken":0},{"event_name":"Mysterious Sphere","player_choice":"Fight","floor":37,"damage_taken":0},{"event_name":"Tomb of Lord Red Mask","player_choice":"Ignored","floor":38,"damage_taken":0}],"boss_relics":[{"not_picked":["Tiny House","Cursed Key"],"picked":"Lizard Tail"},{"not_picked":["Snecko Eye","Velvet Choker","Runic Dome"]}],"potions_floor_spawned":[6,11,14,16,18,21,24,37,44],"seed_played":"8293339433378859765","ascension_level":2,"is_trial":false}