{"gold_per_floor":[112,126,141,190,210,210,238,238,264,296,296,296,307,307,307,307],"floor_reached":16,"playtime":543,"items_purged":[],"score":209,"play_id":"a6ecb840-dfca-46a8-a377-eaf533140eb1","local_time":"20190614111351","is_ascension_mode":true,"campfire_choices":[{"data":"Rampage","floor":6,"key":"SMITH"},{"data":"Iron Wave","floor":8,"key":"SMITH"},{"data":"Inflame","floor":11,"key":"SMITH"},{"data":"Heavy Blade","floor":15,"key":"SMITH"}],"neow_cost":"PERCENT_DAMAGE","seed_source_timestamp":2345655975605443,"circlet_count":0,"master_deck":["AscendersBane","Strike_R","Strike_R+1","Strike_R+1","Defend_R","Defend_R","Defend_R","Bash","Dropkick","Rampage+1","Headbutt","Iron Wave+1","Inflame+1","Hemokinesis","Heavy Blade+1"],"relics":["Burning Blood","PreservedInsect","Pen Nib","Anchor","Juzu Bracelet"],"potions_floor_usage":[3,7,16],"damage_taken":[{"damage":2,"enemies":"Cultist","floor":1,"turns":4},{"damage":6,"enemies":"Jaw Worm","floor":2,"turns":4},{"damage":0,"enemies":"Small Slimes","floor":3,"turns":3},{"damage":14,"enemies":"Blue Slaver","floor":5,"turns":4},{"damage":8,"enemies":"Gremlin Nob","floor":7,"turns":3},{"damage":10,"enemies":"3 Sentries","floor":10,"turns":5},{"damage":0,"enemies":"2 Fungi Beasts","floor":13,"turns":2},{"damage":30,"enemies":"The Guardian","floor":16,"turns":7}],"seed_played":"-6752247893793384986","potions_obtained":[{"floor":1,"key":"LiquidBronze"},{"floor":2,"key":"Poison Potion"},{"floor":7,"key":"Block Potion"},{"floor":10,"key":"Fire Potion"}],"is_trial":false,"path_per_floor":["M","M","M","T","M","R","E","R","T","E","R","?","M","?","R","B"],"character_chosen":"IRONCLAD","items_purchased":[],"campfire_rested":0,"item_purchase_floors":[],"current_hp_per_floor":[54,54,60,60,52,52,50,50,50,46,46,46,52,29,29,0],"gold":307,"neow_bonus":"REMOVE_TWO","is_prod":false,"is_daily":false,"chose_seed":false,"campfire_upgraded":4,"win_rate":0,"timestamp":1560521631,"path_taken":["M","M","M","?","M","R","E","R","T","E","R","?","M","?","R","BOSS"],"build_version":"2019-01-23","purchased_purges":0,"victory":false,"max_hp_per_floor":[75,75,75,75,75,75,75,75,75,75,75,75,75,75,75,75],"card_choices":[{"not_picked":["Reckless Charge","Infernal Blade"],"picked":"Dropkick","floor":1},{"not_picked":["Iron Wave","Armaments"],"picked":"Rampage","floor":2},{"not_picked":["Evolve","Burning Pact"],"picked":"Headbutt","floor":3},{"not_picked":["Flex","Combust"],"picked":"Iron Wave","floor":5},{"not_picked":["Battle Trance","Cleave"],"picked":"Inflame","floor":7},{"not_picked":["Havoc","Double Tap","Flex"],"picked":"SKIP","floor":10},{"not_picked":["Whirlwind","Body Slam"],"picked":"Heavy Blade","floor":13}],"player_experience":1036187,"relics_obtained":[{"floor":4,"key":"PreservedInsect"},{"floor":7,"key":"Pen Nib"},{"floor":9,"key":"Anchor"},{"floor":10,"key":"Juzu Bracelet"}],"event_choices":[{"damage_healed":0,"gold_gain":0,"cards_transformed":["Strike_R"],"player_choice":"Change","damage_taken":0,"max_hp_gain":0,"max_hp_loss":0,"event_name":"Living Wall","floor":12,"gold_loss":0,"cards_obtained":["Hemokinesis"]},{"damage_healed":0,"gold_gain":0,"player_choice":"Entered Light","damage_taken":23,"max_hp_gain":0,"max_hp_loss":0,"event_name":"Shining Light","floor":14,"gold_loss":0,"cards_upgraded":["Strike_R","Strike_R"]}],"is_beta":false,"boss_relics":[],"items_purged_floors":[],"is_endless":false,"potions_floor_spawned":[1,2,7,10,13],"killed_by":"The Guardian","ascension_level":18}