{"path_per_floor":["M","M","?","M","M","R","E","R","T","?","E","M","M","$","R","B",null,"M","?","$","?","M","E","R","M","T","M","M","R","?","M","R"],"character_chosen":"THE_SILENT","items_purchased":["Torii"],"gold_per_floor":[111,127,227,243,257,257,292,292,292,292,324,338,350,64,64,163,163,180,180,105,75,94,129,129,143,213,225,235,235,150,160,160],"floor_reached":33,"campfire_rested":3,"playtime":2045,"current_hp_per_floor":[77,77,77,77,77,77,64,64,64,64,46,46,45,45,68,61,77,62,62,62,62,62,62,62,44,44,30,26,49,56,24,49],"items_purged":["Strike_G"],"gold":160,"score":319,"play_id":"27433bd4-a3b2-457b-a9d7-87e19cdcc176","is_prod":false,"is_daily":false,"is_ascension_mode":true,"campfire_upgraded":3,"path_taken":["M","M","?","M","M","R","E","R","T","?","E","?","M","$","R","BOSS","M","?","$","?","M","E","R","M","T","M","?","R","?","M","R","BOSS"],"build_version":"2018-02-15-PROD1","purchased_purges":1,"victory":false,"master_deck":["Defend_G","Defend_G","Defend_G","Defend_G","Defend_G","Strike_G","Strike_G","Strike_G","Strike_G","Survivor","Neutralize+1","Flying Knee","Sucker Punch+1","Flying Knee","Backstab","Noxious Fumes+1","Outmaneuver","Bane","Wraith Form","Dagger Spray+1","Sucker Punch","Prepared","Deadly Poison+1","Blur+1","Burst"],"max_hp_per_floor":[77,77,77,77,77,77,77,77,77,77,77,77,77,77,77,77,77,77,77,77,77,77,77,77,77,77,77,77,77,84,84,84],"relics":["Ring of the Snake","Toolbox","Pen Nib","Bag of Preparation","Torii","The Specimen","Orichalcum","Frozen Egg 2","Strawberry"],"card_choices":[{"not_picked":["Well Laid Plans","Choke"],"picked":"Flying Knee"},{"not_picked":["Masterful Stab","Acrobatics"],"picked":"Sucker Punch"},{"not_picked":["Underhanded Strike","Accuracy"],"picked":"Flying Knee"},{"not_picked":["Dash","Well Laid Plans"],"picked":"Backstab"},{"not_picked":["Footwork","Malaise"],"picked":"Noxious Fumes"},{"not_picked":["Deadly Poison","Prepared"],"picked":"Outmaneuver"},{"not_picked":["Storm of Steel","Masterful Stab"],"picked":"Bane"},{"not_picked":["Night Terror","Tactician"],"picked":"Wraith Form"},{"not_picked":["Outmaneuver","Cloak And Dagger"],"picked":"Dagger Spray"},{"not_picked":["Deflect","Concentrate"],"picked":"Sucker Punch"},{"not_picked":["Predator","Glass Knife"],"picked":"Prepared"},{"not_picked":["All Out Attack","Distraction"],"picked":"Deadly Poison"},{"not_picked":["Prepared","Crippling Poison"],"picked":"Blur"},{"not_picked":["Acrobatics","Slice"],"picked":"Burst"}],"player_experience":151623,"potions_floor_usage":[5,7,12,16,22,22,22,23,27],"damage_taken":[{"damage":0,"enemies":"Jaw Worm","floor":1,"turns":6},{"damage":0,"enemies":"Cultist","floor":2,"turns":4},{"damage":0,"enemies":"Small Slimes","floor":4,"turns":3},{"damage":0,"enemies":"Looter","floor":5,"turns":4},{"damage":13,"enemies":"Lagavulin","floor":7,"turns":8},{"damage":18,"enemies":"Gremlin Nob","floor":11,"turns":4},{"damage":0,"enemies":"Lots of Slimes","floor":12,"turns":4},{"damage":1,"enemies":"Exordium Thugs","floor":13,"turns":5},{"damage":7,"enemies":"Hexaghost","floor":16,"turns":8},{"damage":15,"enemies":"3 Byrds","floor":18,"turns":6},{"damage":0,"enemies":"2 Thieves","floor":22,"turns":1},{"damage":0,"enemies":"Gremlin Leader","floor":23,"turns":7},{"damage":18,"enemies":"Snecko","floor":25,"turns":6},{"damage":14,"enemies":"Centurion and Healer","floor":27,"turns":7},{"damage":4,"enemies":"Snake Plant","floor":28,"turns":4},{"damage":32,"enemies":"Slaver and Parasite","floor":31,"turns":8},{"damage":70,"enemies":"Automaton","floor":33,"turns":6}],"event_choices":[{"event_name":"Golden Shrine","player_choice":"Pray","floor":3,"damage_taken":0},{"event_name":"Shining Light","player_choice":"Ignored","floor":10,"damage_taken":0},{"event_name":"Drug Dealer","player_choice":"Ignored","floor":19,"damage_taken":0},{"event_name":"The Woman in Blue","player_choice":"Bought 2 Potions","floor":21,"damage_taken":0},{"event_name":"Addict","player_choice":"Obtained Relic","floor":30,"damage_taken":0}],"boss_relics":[{"not_picked":["Philosopher\u0027s Stone","Velvet Choker"],"picked":"The Specimen"}],"potions_floor_spawned":[1,4,11,12,16,22,25,31],"seed_played":"-5838413832529109297","killed_by":"Automaton","ascension_level":1,"is_trial":false}