{"gold_per_floor":[215,215,234,245,26,55,55,55,79,108,121,121,121,134,134,231,231,246,246,246],"floor_reached":20,"playtime":1125,"items_purged":["Regret"],"score":273,"play_id":"f84489ed-0eed-4ac9-b7a8-2edf50e888dd","local_time":"20190612101317","is_ascension_mode":true,"campfire_choices":[{"floor":7,"key":"REST"},{"data":"Strike_G","floor":12,"key":"PURGE"},{"data":"Neutralize","floor":15,"key":"SMITH"}],"neow_cost":"NONE","seed_source_timestamp":2168641400880804,"circlet_count":0,"master_deck":["AscendersBane","Defend_G","Defend_G","Defend_G","Defend_G","Strike_G","Strike_G","Strike_G","Strike_G","Survivor","Neutralize+1","Dash","Slice","Well Laid Plans","Deadly Poison","Infinite Blades","Blur","Deadly Poison","After Image","Poisoned Stab"],"relics":["Ring of the Snake","Juzu Bracelet","Omamori","Peace Pipe","Bronze Scales","Bottled Flame","White Beast Statue","Enchiridion"],"potions_floor_usage":[6,6,10,20,20],"damage_taken":[{"damage":3,"enemies":"2 Louse","floor":1,"turns":5},{"damage":8,"enemies":"Cultist","floor":3,"turns":6},{"damage":5,"enemies":"Jaw Worm","floor":4,"turns":5},{"damage":16,"enemies":"Lagavulin","floor":6,"turns":9},{"damage":7,"enemies":"3 Sentries","floor":10,"turns":7},{"damage":0,"enemies":"Exordium Wildlife","floor":11,"turns":4},{"damage":1,"enemies":"Blue Slaver","floor":14,"turns":4},{"damage":30,"enemies":"The Guardian","floor":16,"turns":11},{"damage":18,"enemies":"3 Byrds","floor":18,"turns":4},{"damage":12,"enemies":"Colosseum Slavers","floor":20,"turns":5},{"damage":36,"enemies":"Colosseum Nobs","floor":20,"turns":4}],"seed_played":"4397563150481048525","potions_obtained":[{"floor":3,"key":"Block Potion"},{"floor":4,"key":"Fire Potion"},{"floor":6,"key":"Explosive Potion"},{"floor":11,"key":"Regen Potion"},{"floor":18,"key":"Fire Potion"}],"is_trial":false,"path_per_floor":["M","?","M","M","$","E","R","?","T","E","M","R","?","M","R","B",null,"M","?","?"],"character_chosen":"THE_SILENT","items_purchased":["Omamori"],"campfire_rested":1,"item_purchase_floors":[5],"current_hp_per_floor":[60,60,52,47,47,31,52,70,70,63,63,63,56,55,55,25,59,41,25,0],"gold":246,"neow_bonus":"HUNDRED_GOLD","is_prod":false,"is_daily":false,"chose_seed":false,"campfire_upgraded":1,"win_rate":0,"timestamp":1560345197,"path_taken":["M","?","M","M","$","E","R","?","T","E","M","R","?","M","R","BOSS","M","?","?"],"build_version":"2019-01-23","purchased_purges":1,"victory":false,"max_hp_per_floor":[70,70,70,70,70,70,70,70,70,70,70,70,70,70,70,70,70,70,70,70],"card_choices":[{"not_picked":["Prepared","Deadly Poison"],"picked":"Dash","floor":1},{"not_picked":["Quick Slash","PiercingWail"],"picked":"Slice","floor":3},{"not_picked":["Bane","Dash"],"picked":"Well Laid Plans","floor":4},{"not_picked":["Tactician","Leg Sweep"],"picked":"Deadly Poison","floor":6},{"not_picked":["Blade Dance","Bane"],"picked":"Infinite Blades","floor":10},{"not_picked":["Flying Knee","Slice"],"picked":"Blur","floor":11},{"not_picked":["PiercingWail","Slice"],"picked":"Deadly Poison","floor":14},{"not_picked":["Malaise","Venomology"],"picked":"After Image","floor":16},{"not_picked":["Calculated Gamble+1","Backstab"],"picked":"Poisoned Stab","floor":18}],"player_experience":998513,"relics_obtained":[{"floor":6,"key":"Peace Pipe"},{"floor":9,"key":"Bronze Scales"},{"floor":10,"key":"Bottled Flame"},{"floor":19,"key":"Enchiridion"}],"event_choices":[{"damage_healed":0,"gold_gain":0,"player_choice":"Box","damage_taken":0,"relics_obtained":["Juzu Bracelet"],"max_hp_gain":0,"max_hp_loss":0,"event_name":"Big Fish","floor":2,"gold_loss":0,"cards_obtained":["Regret"]},{"damage_healed":18,"gold_gain":0,"player_choice":"Full Heal","damage_taken":0,"max_hp_gain":0,"max_hp_loss":0,"event_name":"Wheel of Change","floor":8,"gold_loss":0},{"cards_removed":["Defend_G"],"damage_healed":0,"gold_gain":0,"player_choice":"Card Removal","damage_taken":7,"max_hp_gain":0,"max_hp_loss":0,"event_name":"Golden Wing","floor":13,"gold_loss":0},{"damage_healed":0,"gold_gain":0,"player_choice":"Obtained Book","damage_taken":16,"max_hp_gain":0,"max_hp_loss":0,"event_name":"Cursed Tome","floor":19,"gold_loss":0},{"damage_healed":0,"gold_gain":0,"player_choice":"Fight","damage_taken":0,"max_hp_gain":0,"max_hp_loss":0,"event_name":"Colosseum","floor":20,"gold_loss":0},{"damage_healed":0,"gold_gain":0,"player_choice":"Fought Nobs","damage_taken":0,"max_hp_gain":0,"max_hp_loss":0,"event_name":"Colosseum","floor":20,"gold_loss":0}],"is_beta":false,"boss_relics":[{"not_picked":["Ectoplasm","Coffee Dripper"],"picked":"White Beast Statue"}],"items_purged_floors":[5],"is_endless":false,"potions_floor_spawned":[3,4,6,11,18,20],"killed_by":"Colosseum Nobs","ascension_level":10}