{"gold_per_floor":[110,125,125,137,150,150,177,177,250,325,358,358,14,44,44,115,115,125,141,141,66,84,118,118,132,182,182,210,222,222,237,237,309,309,322,336,383,397,59,59,94,111,111,146,163,163,191,209,209,209,209],"floor_reached":51,"playtime":3222,"items_purged":["Strike_B","Strike_B"],"score":1669,"play_id":"54eed843-af2c-4971-bcb7-ba9f0b7935c9","local_time":"20190609224050","is_ascension_mode":true,"campfire_choices":[{"data":"Cold Snap","floor":6.0,"key":"SMITH"},{"floor":8.0,"key":"REST"},{"data":"Static Discharge","floor":12.0,"key":"SMITH"},{"data":"Dualcast","floor":15.0,"key":"SMITH"},{"data":"Defend_B","floor":24.0,"key":"SMITH"},{"floor":27.0,"key":"REST"},{"data":"Capacitor","floor":30.0,"key":"SMITH"},{"floor":32.0,"key":"REST"},{"floor":40,"key":"RECALL"},{"data":"Amplify","floor":49,"key":"SMITH"}],"neow_cost":"NONE","seed_source_timestamp":34532921308614,"circlet_count":0,"master_deck":["AscendersBane","Strike_B","Strike_B","Defend_B+1","Defend_B","Defend_B","Defend_B","Zap+1","Dualcast+1","Cold Snap+1","Cold Snap","Cold Snap","White Noise","White Noise","Static Discharge+1","Compile Driver","Go for the Eyes+1","Electrodynamics+1","BootSequence","Compile Driver+1","Capacitor+1","Barrage+1","Biased Cognition","Capacitor+1","White Noise","Defragment","Consume+1","Amplify+1","Skim","Coolheaded","Defragment","Compile Driver+1"],"special_seed":0,"relics":["Cracked Core","Mango","Bag of Preparation","Symbiotic Virus","Molten Egg 2","Nuclear Battery","Ginger","Pen Nib","Dead Branch","Cursed Key","Bird Faced Urn","Centennial Puzzle","DataDisk","Nunchaku","Ornamental Fan"],"potions_floor_usage":[51],"damage_taken":[{"damage":0.0,"enemies":"Small Slimes","floor":1.0,"turns":3.0},{"damage":0.0,"enemies":"2 Louse","floor":2.0,"turns":2.0},{"damage":0.0,"enemies":"Cultist","floor":4.0,"turns":2.0},{"damage":11.0,"enemies":"Large Slime","floor":5.0,"turns":6.0},{"damage":35.0,"enemies":"Gremlin Nob","floor":7.0,"turns":4.0},{"damage":9.0,"enemies":"Lagavulin","floor":11.0,"turns":5.0},{"damage":4.0,"enemies":"Gremlin Nob","floor":14.0,"turns":3.0},{"damage":0.0,"enemies":"The Guardian","floor":16.0,"turns":13.0},{"damage":2.0,"enemies":"Shell Parasite","floor":18.0,"turns":5.0},{"damage":8.0,"enemies":"Chosen","floor":19.0,"turns":6.0},{"damage":0.0,"enemies":"Centurion and Healer","floor":22.0,"turns":2.0},{"damage":27.0,"enemies":"Slavers","floor":23.0,"turns":3.0},{"damage":3.0,"enemies":"3 Cultists","floor":25.0,"turns":3.0},{"damage":1.0,"enemies":"Gremlin Leader","floor":28.0,"turns":5.0},{"damage":0.0,"enemies":"Sentry and Sphere","floor":29.0,"turns":5.0},{"damage":12.0,"enemies":"Cultist and Chosen","floor":31.0,"turns":4.0},{"damage":27.0,"enemies":"Collector","floor":33.0,"turns":6.0},{"damage":0,"enemies":"3 Darklings","floor":35,"turns":3},{"damage":0,"enemies":"3 Shapes","floor":36,"turns":2},{"damage":17,"enemies":"2 Orb Walkers","floor":37,"turns":3},{"damage":17,"enemies":"Spire Growth","floor":38,"turns":4},{"damage":8,"enemies":"Giant Head","floor":41,"turns":8},{"damage":0,"enemies":"Jaw Worm Horde","floor":42,"turns":3},{"damage":1,"enemies":"Reptomancer","floor":44,"turns":7},{"damage":0,"enemies":"Maw","floor":45,"turns":5},{"damage":0,"enemies":"Giant Head","floor":47,"turns":6},{"damage":0,"enemies":"Writhing Mass","floor":48,"turns":4},{"damage":33,"enemies":"Time Eater","floor":50,"turns":7},{"damage":107,"enemies":"Awakened One","floor":51,"turns":10}],"seed_played":"8543108249230594370","potions_obtained":[{"floor":5.0,"key":"Strength Potion"},{"floor":7.0,"key":"EssenceOfSteel"},{"floor":16.0,"key":"SkillPotion"},{"floor":18.0,"key":"FocusPotion"},{"floor":22.0,"key":"Swift Potion"},{"floor":35,"key":"Energy Potion"},{"floor":37,"key":"LiquidBronze"},{"floor":41,"key":"Ancient Potion"}],"is_trial":false,"path_per_floor":["M","M","?","M","M","R","E","R","T","?","E","R","$","E","R","B",null,"M","M","?","$","M","E","R","M","T","R","E","M","R","M","R","B",null,"M","M","?","M","$","R","E","M","T","E","M","?","E","M","R","B","B"],"character_chosen":"DEFECT","items_purchased":["Symbiotic Virus","Compile Driver","Defragment","Centennial Puzzle"],"campfire_rested":3,"item_purchase_floors":[13,13,39,39],"current_hp_per_floor":[64,64,69,69,58,58,37,64,64,53,44,44,44,40,40,40,78,76,68,68,68,68,41,41,38,38,65,64,64,64,52,79,52,81,81,81,64,63,63,63,75,89,89,89,90,90,90,90,90,83,0],"gold":209,"neow_bonus":"UPGRADE_CARD","is_prod":false,"is_daily":false,"chose_seed":false,"campfire_upgraded":6,"win_rate":0,"timestamp":1560112850,"path_taken":["M","M","?","M","M","R","E","R","T","?","E","R","$","E","R","BOSS","M","M","?","$","M","E","R","M","T","R","E","M","R","M","R","BOSS","M","?","?","M","$","R","E","M","T","E","M","?","E","M","R","BOSS","BOSS"],"build_version":"2019-01-23","purchased_purges":2,"victory":false,"max_hp_per_floor":[71,71,76,76,76,76,90,90,90,90,90,90,90,90,90,90,90,90,90,90,90,90,90,90,90,90,90,90,90,90,90,90,90,90,90,90,90,90,90,90,90,90,90,90,90,90,90,90,90,90,90],"card_choices":[{"not_picked":["Turbo","Go for the Eyes"],"picked":"Cold Snap","floor":1.0},{"not_picked":["Leap","Go for the Eyes"],"picked":"Cold Snap","floor":2.0},{"not_picked":["Coolheaded","Fission"],"picked":"Cold Snap","floor":4.0},{"not_picked":["Sweeping Beam","FTL"],"picked":"White Noise","floor":5.0},{"not_picked":["Rip and Tear","Storm"],"picked":"White Noise","floor":7.0},{"not_picked":["Barrage","Beam Cell"],"picked":"Static Discharge","floor":11.0},{"not_picked":["Static Discharge","Ball Lightning"],"picked":"Go for the Eyes","floor":14.0},{"not_picked":["Meteor Strike+1","Rainbow"],"picked":"Electrodynamics","floor":16.0},{"not_picked":["Conserve Battery","Darkness"],"picked":"BootSequence","floor":18.0},{"not_picked":["Gash+1","Turbo"],"picked":"Compile Driver+1","floor":19.0},{"not_picked":["Rebound+1","Auto Shields","Gash+1"],"picked":"SKIP","floor":22.0},{"not_picked":["Lockon+1","Barrage+1","Ball Lightning+1"],"picked":"SKIP","floor":23.0},{"not_picked":["Stack","Gash+1","Heatsinks"],"picked":"SKIP","floor":25.0},{"not_picked":["Rebound+1","BootSequence","Hello World"],"picked":"SKIP","floor":28.0},{"not_picked":["Turbo","Beam Cell+1"],"picked":"Capacitor","floor":29.0},{"not_picked":["Aggregate","Leap"],"picked":"Barrage+1","floor":31.0},{"not_picked":["Fission","Amplify"],"picked":"Biased Cognition","floor":33.0},{"not_picked":["Conserve Battery","Storm"],"picked":"Capacitor+1","floor":35},{"not_picked":["Stack","Auto Shields+1","Steam"],"picked":"SKIP","floor":36},{"not_picked":["Gash+1","Tempest"],"picked":"White Noise","floor":37},{"not_picked":["Barrage+1","Fusion","Chaos"],"picked":"SKIP","floor":38},{"not_picked":["Defragment","Leap"],"picked":"Consume+1","floor":41},{"not_picked":["Conserve Battery","Genetic Algorithm"],"picked":"Amplify","floor":42},{"not_picked":["Darkness","Static Discharge"],"picked":"Skim","floor":44},{"not_picked":["Stack+1","Barrage+1"],"picked":"Coolheaded","floor":45},{"not_picked":["Ball Lightning+1","Steam+1"],"picked":"Defragment","floor":47},{"not_picked":["Cold Snap+1","Hologram"],"picked":"Compile Driver+1","floor":48}],"player_experience":1319493,"relics_obtained":[{"floor":7.0,"key":"Mango"},{"floor":11.0,"key":"Bag of Preparation"},{"floor":14.0,"key":"Molten Egg 2"},{"floor":23.0,"key":"Ginger"},{"floor":26.0,"key":"Pen Nib"},{"floor":28.0,"key":"Dead Branch"},{"floor":37,"key":"Bird Faced Urn"},{"floor":41,"key":"DataDisk"},{"floor":44,"key":"Nunchaku"},{"floor":47,"key":"Ornamental Fan"}],"event_choices":[{"damage_healed":0.0,"max_hp_gain":5.0,"max_hp_loss":0.0,"gold_gain":0.0,"event_name":"Big Fish","player_choice":"Donut","floor":3.0,"gold_loss":0.0,"damage_taken":0.0},{"damage_healed":0.0,"max_hp_gain":0.0,"max_hp_loss":0.0,"gold_gain":75.0,"event_name":"World of Goop","player_choice":"Gather Gold","floor":10.0,"gold_loss":0.0,"damage_taken":11.0},{"damage_healed":0.0,"max_hp_gain":0.0,"max_hp_loss":0.0,"gold_gain":0.0,"event_name":"Upgrade Shrine","player_choice":"Upgraded","floor":20.0,"gold_loss":0.0,"damage_taken":0.0,"cards_upgraded":["Electrodynamics"]},{"damage_healed":0,"gold_gain":0,"player_choice":"Fight","damage_taken":0,"max_hp_gain":0,"max_hp_loss":0,"event_name":"Mysterious Sphere","floor":37,"gold_loss":0},{"damage_healed":0,"gold_gain":0,"player_choice":"Ignored","damage_taken":0,"max_hp_gain":0,"max_hp_loss":0,"event_name":"Tomb of Lord Red Mask","floor":46,"gold_loss":0}],"is_beta":false,"boss_relics":[{"not_picked":["Coffee Dripper","Runic Dome"],"picked":"Nuclear Battery"},{"not_picked":["Sozu","Snecko Eye"],"picked":"Cursed Key"}],"items_purged_floors":[21,39],"is_endless":false,"potions_floor_spawned":[5,7,16,18,22,28,35,37,41,48],"killed_by":"Awakened One","ascension_level":20}