{"gold_per_floor":[365,377,452,462,475,508,508,560,560,577,577,592,592,607,607,709,709,720,720,734,833,852,852,852,852,901,367,383,189,204,214,214,316,316,332,343,91,0,13,13,13,13,13,23,40,40,60,160,160,160,160,160,4,33,33],"floor_reached":56,"playtime":7468,"items_purged":["Strike_B"],"score":1203,"play_id":"8d84ae25-cb60-4bec-b969-5a5446552ba9","local_time":"20190203191915","is_ascension_mode":false,"campfire_choices":[{"floor":11.0,"key":"REST"},{"floor":15.0,"key":"RECALL"},{"floor":24.0,"key":"REST"},{"floor":32.0,"key":"REST"},{"data":"Apotheosis","floor":40.0,"key":"SMITH"},{"data":"Hologram","floor":42.0,"key":"SMITH"},{"data":"Creative AI","floor":46.0,"key":"SMITH"},{"floor":49.0,"key":"REST"},{"data":"Defragment","floor":52.0,"key":"SMITH"}],"neow_cost":"PERCENT_DAMAGE","seed_source_timestamp":4435416254600,"circlet_count":0,"master_deck":["Strike_B","Strike_B","Defend_B","Defend_B","Defend_B","Zap","Dualcast","Conserve Battery","Cold Snap","Reinforced Body","Static Discharge","Core Surge","Defragment+1","Chaos","Electrodynamics","Gash","Hologram+1","Go for the Eyes+1","Barrage+1","Blizzard","BootSequence","Apotheosis+1","Glacier","Skim+1","Creative AI+1","Heatsinks+1","Chill+1"],"special_seed":0,"relics":["Cracked Core","Juzu Bracelet","Oddly Smooth Stone","Dodecahedron","Inserter","Question Card","HandDrill","Busted Crown","Mercury Hourglass","Red Mask","Ice Cream","DataDisk","Ginger"],"potions_floor_usage":[55,55],"damage_taken":[{"damage":1.0,"enemies":"Jaw Worm","floor":1.0,"turns":4.0},{"damage":3.0,"enemies":"Small Slimes","floor":2.0,"turns":3.0},{"damage":0.0,"enemies":"2 Louse","floor":4.0,"turns":2.0},{"damage":3.0,"enemies":"2 Fungi Beasts","floor":5.0,"turns":3.0},{"damage":17.0,"enemies":"3 Sentries","floor":6.0,"turns":10.0},{"damage":4.0,"enemies":"Large Slime","floor":10.0,"turns":7.0},{"damage":4.0,"enemies":"Blue Slaver","floor":12.0,"turns":4.0},{"damage":0.0,"enemies":"Red Slaver","floor":14.0,"turns":4.0},{"damage":15.0,"enemies":"Hexaghost","floor":16.0,"turns":11.0},{"damage":0.0,"enemies":"Chosen","floor":18.0,"turns":5.0},{"damage":6.0,"enemies":"3 Byrds","floor":20.0,"turns":3.0},{"damage":26.0,"enemies":"Shelled Parasite and Fungi","floor":22.0,"turns":7.0},{"damage":9.0,"enemies":"Cultist and Chosen","floor":28.0,"turns":4.0},{"damage":16.0,"enemies":"3 Cultists","floor":30.0,"turns":4.0},{"damage":3.0,"enemies":"Snake Plant","floor":31.0,"turns":5.0},{"damage":8.0,"enemies":"Automaton","floor":33.0,"turns":12.0},{"damage":12.0,"enemies":"3 Darklings","floor":35.0,"turns":4.0},{"damage":0.0,"enemies":"3 Shapes","floor":36.0,"turns":3.0},{"damage":6.0,"enemies":"Maw","floor":39.0,"turns":8.0},{"damage":0.0,"enemies":"Sphere and 2 Shapes","floor":44.0,"turns":7.0},{"damage":7.0,"enemies":"Jaw Worm Horde","floor":45.0,"turns":4.0},{"damage":0.0,"enemies":"Transient","floor":47.0,"turns":5.0},{"damage":27.0,"enemies":"Time Eater","floor":50.0,"turns":11.0},{"damage":22.0,"enemies":"Shield and Spear","floor":54.0,"turns":8.0},{"damage":58,"enemies":"The Heart","floor":55,"turns":13}],"seed_played":"4577152007342540392","potions_obtained":[{"floor":2.0,"key":"FearPotion"},{"floor":5.0,"key":"GamblersBrew"},{"floor":10.0,"key":"Block Potion"},{"floor":22.0,"key":"Ancient Potion"},{"floor":28.0,"key":"Swift Potion"},{"floor":33.0,"key":"Fire Potion"},{"floor":36.0,"key":"PowerPotion"},{"floor":44.0,"key":"Regen Potion"}],"is_trial":false,"path_per_floor":["M","M","?","M","M","E","?","?","T","M","R","M","?","M","R","B",null,"M","?","M","?","M","?","R","?","T","$","M","$","M","M","R","B",null,"M","M","$","?","M","R","?","R","T","M","M","R","M","?","R","B",null,"R","$","E","B",null],"character_chosen":"DEFECT","items_purchased":["Question Card","HandDrill","Apotheosis","Mercury Hourglass","DataDisk"],"campfire_rested":4,"item_purchase_floors":[27,27,29,37,53],"current_hp_per_floor":[53,50,39,39,36,19,24,24,24,20,44,40,33,33,33,18,80,80,80,74,74,48,48,72,57,57,57,48,48,32,29,54,46,85,73,73,73,73,67,67,67,67,67,67,60,60,60,60,85,73,85,85,85,63,5],"gold":33,"neow_bonus":"TWO_FIFTY_GOLD","is_prod":false,"is_daily":false,"chose_seed":false,"campfire_upgraded":4,"win_rate":0,"timestamp":1549239555,"path_taken":["M","M","?","M","M","E","?","?","T","M","R","M","?","M","R","BOSS","M","?","M","?","M","?","R","?","T","$","M","$","M","M","R","BOSS","M","M","$","?","M","R","?","R","T","M","M","R","M","?","R","BOSS","R","$","E","BOSS"],"build_version":"2019-01-23","purchased_purges":1,"victory":true,"max_hp_per_floor":[75,75,75,75,75,75,80,80,80,80,80,80,80,80,80,80,80,80,80,80,80,80,80,80,85,85,85,85,85,85,85,85,85,85,85,85,85,85,85,85,85,85,85,85,85,85,85,85,85,85,85,85,85,85,85],"card_choices":[{"not_picked":["Coolheaded","Stack"],"picked":"Conserve Battery","floor":1.0},{"not_picked":["White Noise","Rebound"],"picked":"Cold Snap","floor":2.0},{"not_picked":["Undo","Stack"],"picked":"Reinforced Body","floor":4.0},{"not_picked":["Coolheaded","Leap"],"picked":"Static Discharge","floor":5.0},{"not_picked":["Rip and Tear","Reprogram"],"picked":"Core Surge","floor":6.0},{"not_picked":["Turbo","Coolheaded"],"picked":"Defragment","floor":10.0},{"not_picked":["Genetic Algorithm","Leap","Darkness"],"picked":"SKIP","floor":12.0},{"not_picked":["Ball Lightning","Reprogram"],"picked":"Chaos","floor":14.0},{"not_picked":["All For One","Biased Cognition"],"picked":"Electrodynamics","floor":16.0},{"not_picked":["Cold Snap","Rebound"],"picked":"Gash","floor":18.0},{"not_picked":["Glacier","Coolheaded"],"picked":"Go for the Eyes+1","floor":20.0},{"not_picked":["Fusion","Cold Snap"],"picked":"Barrage+1","floor":22.0},{"not_picked":["Stack","Loop","Hologram+1"],"picked":"BootSequence","floor":28.0},{"not_picked":["Static Discharge","Gash","Redo"],"picked":"Glacier","floor":30.0},{"not_picked":["Go for the Eyes","Static Discharge","Rebound"],"picked":"Skim+1","floor":31.0},{"not_picked":["Fission","Electrodynamics","Biased Cognition"],"picked":"Creative AI","floor":33.0},{"not_picked":["Rebound","Turbo+1"],"picked":"SKIP","floor":35.0},{"not_picked":["Gash+1"],"picked":"Heatsinks+1","floor":36.0},{"not_picked":["Compile Driver+1","Streamline+1"],"picked":"SKIP","floor":39.0},{"not_picked":["Auto Shields"],"picked":"Chill+1","floor":44.0},{"not_picked":["Beam Cell+1","Stack+1"],"picked":"SKIP","floor":45.0},{"not_picked":["Cold Snap+1","Go for the Eyes"],"picked":"SKIP","floor":47.0},{"not_picked":["Self Repair+1","Creative AI"],"picked":"SKIP","floor":54.0}],"player_experience":272969,"relics_obtained":[{"floor":6.0,"key":"Juzu Bracelet"},{"floor":9.0,"key":"Oddly Smooth Stone"},{"floor":43.0,"key":"Ice Cream"},{"floor":54.0,"key":"Ginger"}],"event_choices":[{"damage_healed":0.0,"max_hp_gain":0.0,"max_hp_loss":0.0,"gold_gain":75.0,"event_name":"World of Goop","player_choice":"Gather Gold","floor":3.0,"gold_loss":0.0,"damage_taken":11.0},{"damage_healed":0.0,"max_hp_gain":5.0,"max_hp_loss":0.0,"gold_gain":0.0,"event_name":"Big Fish","player_choice":"Donut","floor":7.0,"gold_loss":0.0,"damage_taken":0.0},{"damage_healed":0.0,"max_hp_gain":0.0,"max_hp_loss":0.0,"gold_gain":52.0,"event_name":"Golden Wing","player_choice":"Gained Gold","floor":8.0,"gold_loss":0.0,"damage_taken":0.0},{"damage_healed":0.0,"max_hp_gain":0.0,"max_hp_loss":0.0,"gold_gain":0.0,"event_name":"Scrap Ooze","player_choice":"Success","floor":13.0,"gold_loss":0.0,"damage_taken":7.0,"relics_obtained":["Dodecahedron"]},{"damage_healed":0.0,"max_hp_gain":0.0,"max_hp_loss":0.0,"gold_gain":0.0,"event_name":"The Library","player_choice":"Read","floor":19.0,"gold_loss":0.0,"damage_taken":0.0,"cards_obtained":["Hologram"]},{"damage_healed":0.0,"max_hp_gain":0.0,"max_hp_loss":0.0,"gold_gain":99.0,"event_name":"Nest","player_choice":"Stole From Cult","floor":21.0,"gold_loss":0.0,"damage_taken":0.0},{"damage_healed":0.0,"max_hp_gain":0.0,"max_hp_loss":0.0,"gold_gain":0.0,"cards_transformed":["Strike_B","Defend_B"],"event_name":"Drug Dealer","player_choice":"Became Test Subject","floor":23.0,"gold_loss":0.0,"damage_taken":0.0,"cards_obtained":["Blizzard","Sunder"]},{"damage_healed":0.0,"max_hp_gain":5.0,"max_hp_loss":0.0,"gold_gain":0.0,"event_name":"Forgotten Altar","player_choice":"Shed Blood","floor":25.0,"gold_loss":0.0,"damage_taken":20.0},{"damage_healed":0.0,"max_hp_gain":0.0,"max_hp_loss":0.0,"gold_gain":0.0,"event_name":"Tomb of Lord Red Mask","player_choice":"Paid","floor":38.0,"gold_loss":91.0,"damage_taken":0.0,"relics_obtained":["Red Mask"]},{"cards_removed":["Sunder"],"damage_healed":0.0,"max_hp_gain":0.0,"max_hp_loss":0.0,"gold_gain":0.0,"event_name":"Falling","player_choice":"Removed Attack","floor":41.0,"gold_loss":0.0,"damage_taken":0.0},{"damage_healed":0.0,"max_hp_gain":0.0,"max_hp_loss":0.0,"gold_gain":100.0,"event_name":"Golden Shrine","player_choice":"Pray","floor":48.0,"gold_loss":0.0,"damage_taken":0.0}],"is_beta":false,"boss_relics":[{"not_picked":["Fusion Hammer","Velvet Choker"],"picked":"Inserter"},{"not_picked":["Calling Bell","Black Star"],"picked":"Busted Crown"}],"items_purged_floors":[27],"is_endless":false,"potions_floor_spawned":[2,5,10,14,22,28,33,36,39,44],"ascension_level":0}