{"gold_per_floor":[116,5,5,5,23,23,50,50,73,73,73,73,108,126,126,126],"floor_reached":16,"playtime":701,"items_purged":[],"score":262,"play_id":"4792c244-05a3-495d-8166-02edbd5eebe3","local_time":"20190202212354","is_ascension_mode":true,"campfire_choices":[{"data":"Defragment","floor":6,"key":"SMITH"},{"floor":8,"key":"REST"},{"data":"Sweeping Beam","floor":12,"key":"SMITH"},{"floor":15,"key":"REST"}],"neow_cost":"NONE","seed_source_timestamp":32896993473886,"circlet_count":0,"master_deck":["AscendersBane","Strike_B+1","Strike_B","Strike_B","Strike_B","Defend_B","Defend_B","Defend_B","Defend_B","Zap","Dualcast","Gash+1","Defragment+1","Coolheaded","Chill","Sweeping Beam+1","Conserve Battery"],"relics":["Cracked Core","Pen Nib","Pantograph","Whetstone","Omamori","Blue Candle","Orichalcum"],"potions_floor_usage":[7,16],"damage_taken":[{"damage":7,"enemies":"Jaw Worm","floor":1,"turns":3},{"damage":1,"enemies":"2 Louse","floor":5,"turns":3},{"damage":0,"enemies":"3 Sentries","floor":7,"turns":14},{"damage":37,"enemies":"Gremlin Nob","floor":13,"turns":4},{"damage":0,"enemies":"Cultist","floor":14,"turns":3},{"damage":66,"enemies":"Slime Boss","floor":16,"turns":10}],"seed_played":"817274865313546215","potions_obtained":[{"floor":5,"key":"SteroidPotion"},{"floor":13,"key":"Swift Potion"}],"is_trial":false,"path_per_floor":["M","$","?","?","M","R","E","R","T","?","T","R","E","M","R","B"],"character_chosen":"DEFECT","items_purchased":["Defragment","Coolheaded"],"campfire_rested":2,"item_purchase_floors":[2,2],"current_hp_per_floor":[57,57,57,31,30,30,30,51,51,51,51,51,14,14,35,0],"gold":126,"neow_bonus":"RANDOM_COMMON_RELIC","is_prod":false,"is_daily":false,"chose_seed":false,"campfire_upgraded":2,"win_rate":0,"timestamp":1549139034,"path_taken":["M","$","?","?","M","R","E","R","T","?","?","R","E","M","R","BOSS"],"build_version":"2019-01-23","purchased_purges":0,"victory":false,"max_hp_per_floor":[71,71,71,71,71,71,71,71,71,71,71,71,71,71,71,71],"card_choices":[{"not_picked":["Coolheaded","Redo"],"picked":"Gash","floor":1},{"not_picked":["Auto Shields","White Noise"],"picked":"Chill","floor":5},{"not_picked":["Rebound","Self Repair"],"picked":"Sweeping Beam","floor":7},{"not_picked":["Heatsinks","Consume"],"picked":"Conserve Battery","floor":13},{"not_picked":["Steam Power","Go for the Eyes","Reprogram"],"picked":"SKIP","floor":14}],"player_experience":842160,"relics_obtained":[{"floor":7,"key":"Whetstone"},{"floor":9,"key":"Omamori"},{"floor":13,"key":"Orichalcum"}],"event_choices":[{"damage_healed":0,"gold_gain":0,"player_choice":"Ignored","damage_taken":0,"max_hp_gain":0,"max_hp_loss":0,"event_name":"Liars Game","floor":3,"gold_loss":0},{"damage_healed":0,"gold_gain":0,"player_choice":"Success","damage_taken":26,"relics_obtained":["Pantograph"],"max_hp_gain":0,"max_hp_loss":0,"event_name":"Scrap Ooze","floor":4,"gold_loss":0},{"damage_healed":0,"gold_gain":0,"player_choice":"Box","damage_taken":0,"relics_obtained":["Blue Candle"],"max_hp_gain":0,"max_hp_loss":0,"event_name":"Big Fish","floor":10,"gold_loss":0,"cards_obtained":["Regret"]}],"is_beta":false,"boss_relics":[],"items_purged_floors":[],"is_endless":false,"potions_floor_spawned":[5,13],"killed_by":"Slime Boss","ascension_level":20}