{"gold_per_floor":[109,119,23,98,116,149,149,149,203,229,239,239,269,280,280,351,351,362,15,29,29,44,71,71,701,752,752,768,33,63,78,78,157,157,169,186,200,200,219,252,252,271,297,297,58,91,110,110,110,110,110,110,110,30,62,62],"floor_reached":56,"playtime":3545,"items_purged":["Strike_R","Strike_R"],"score":2134,"play_id":"62d1a11a-ac76-49c4-b57a-35e9d8f0b627","local_time":"20190610164519","is_ascension_mode":true,"campfire_choices":[{"data":"Bash","floor":8,"key":"SMITH"},{"floor":12,"key":"REST"},{"data":"True Grit","floor":15,"key":"SMITH"},{"floor":24,"key":"REST"},{"floor":27,"key":"REST"},{"floor":32,"key":"REST"},{"floor":41,"key":"RECALL"},{"floor":49,"key":"REST"},{"floor":53,"key":"REST"}],"neow_cost":"NONE","seed_source_timestamp":12399453362878,"circlet_count":0,"master_deck":["AscendersBane","Strike_R","Strike_R","Defend_R","Defend_R","Defend_R","Defend_R","Bash+1","Sword Boomerang","Clothesline","Metallicize","Flame Barrier","Impervious","True Grit+1","Armaments","Combust","Juggernaut","Rupture","Mayhem","Evolve","Body Slam","Shrug It Off+1","Shrug It Off","Entrench","Metallicize","Metallicize+1","Impervious","Power Through","Disarm","Parasite","Entrench","Battle Trance+1","Body Slam","Evolve+1","Barricade+1"],"relics":["Burning Blood","Bag of Marbles","Regal Pillow","Tiny Chest","Calipers","Anchor","Fusion Hammer","Sundial","Bag of Preparation","Bronze Scales","Art of War","TheAbacus","Darkstone Periapt","Sozu","Dodecahedron","Letter Opener","Oddly Smooth Stone","Question Card","Frozen Egg 2","Champion Belt"],"potions_floor_usage":[6,6,16,23,23,33,37],"damage_taken":[{"damage":6,"enemies":"2 Louse","floor":1,"turns":3},{"damage":12,"enemies":"Jaw Worm","floor":2,"turns":5},{"damage":0,"enemies":"Cultist","floor":5,"turns":4},{"damage":12,"enemies":"Lagavulin","floor":6,"turns":8},{"damage":48,"enemies":"3 Sentries","floor":10,"turns":19},{"damage":1,"enemies":"Large Slime","floor":11,"turns":7},{"damage":14,"enemies":"Gremlin Nob","floor":13,"turns":4},{"damage":17,"enemies":"Exordium Thugs","floor":14,"turns":7},{"damage":19,"enemies":"The Guardian","floor":16,"turns":19},{"damage":9,"enemies":"Spheric Guardian","floor":18,"turns":6},{"damage":0,"enemies":"3 Byrds","floor":20,"turns":5},{"damage":24,"enemies":"Sentry and Sphere","floor":22,"turns":6},{"damage":14,"enemies":"Book of Stabbing","floor":23,"turns":6},{"damage":12,"enemies":"Centurion and Healer","floor":28,"turns":8},{"damage":39,"enemies":"Slavers","floor":30,"turns":4},{"damage":0,"enemies":"Chosen and Byrds","floor":31,"turns":6},{"damage":5,"enemies":"Champ","floor":33,"turns":9},{"damage":0,"enemies":"3 Darklings","floor":35,"turns":7},{"damage":5,"enemies":"3 Shapes","floor":36,"turns":6},{"damage":0,"enemies":"Jaw Worm Horde","floor":37,"turns":5},{"damage":15,"enemies":"3 Darklings","floor":39,"turns":6},{"damage":0,"enemies":"Nemesis","floor":40,"turns":5},{"damage":0,"enemies":"Writhing Mass","floor":42,"turns":7},{"damage":70,"enemies":"Reptomancer","floor":46,"turns":9},{"damage":0,"enemies":"Spire Growth","floor":47,"turns":6},{"damage":40,"enemies":"Awakened One","floor":50,"turns":18},{"damage":1,"enemies":"Time Eater","floor":51,"turns":10},{"damage":22,"enemies":"Shield and Spear","floor":55,"turns":7},{"damage":65,"enemies":"The Heart","floor":56,"turns":8}],"seed_played":"-7850938150958779767","potions_obtained":[{"floor":2,"key":"Energy Potion"},{"floor":10,"key":"Dexterity Potion"},{"floor":11,"key":"FearPotion"},{"floor":14,"key":"SkillPotion"},{"floor":18,"key":"Strength Potion"},{"floor":31,"key":"EssenceOfSteel"},{"floor":33,"key":"Explosive Potion"}],"is_trial":false,"path_per_floor":["M","M","$","?","M","E","?","R","T","E","M","R","E","M","R","B",null,"M","$","M","T","M","E","R","?","T","R","M","$","E","M","R","B",null,"M","M","M","T","M","E","R","M","T","?","$","E","M","T","R","B","B",null,"R","$","E","B"],"character_chosen":"IRONCLAD","items_purchased":["SteroidPotion","Metallicize","Mayhem","Evolve","Shrug It Off","Entrench","Metallicize","Art of War","TheAbacus","Block Potion","Entrench","Oddly Smooth Stone","Evolve+1"],"campfire_rested":6,"item_purchase_floors":[3,3,19,19,29,29,29,29,29,29,45,45,54],"current_hp_per_floor":[68,62,62,51,57,51,51,51,51,9,14,51,43,32,32,19,61,58,58,64,64,46,38,75,19,19,56,50,50,17,23,60,61,72,75,75,75,75,66,72,72,81,81,81,81,17,23,23,62,28,33,69,81,81,65,0],"gold":62,"neow_bonus":"RANDOM_COMMON_RELIC","is_prod":false,"is_daily":false,"chose_seed":false,"campfire_upgraded":2,"win_rate":0,"timestamp":1560177919,"path_taken":["M","M","$","?","M","E","?","R","T","E","M","R","E","M","R","BOSS","M","$","M","?","M","E","R","?","T","R","M","$","E","M","R","BOSS","M","M","M","?","?","E","R","M","T","?","$","E","M","?","R","BOSS","BOSS","R","$","E","BOSS"],"build_version":"2019-01-23","purchased_purges":2,"victory":false,"max_hp_per_floor":[75,75,75,75,75,75,75,75,75,75,75,75,75,75,75,75,75,75,75,75,75,75,75,75,75,75,75,75,75,75,75,75,75,75,75,75,75,75,75,75,75,81,81,81,81,81,81,81,81,81,81,81,81,81,81,81],"card_choices":[{"not_picked":["True Grit","Seeing Red"],"picked":"Sword Boomerang","floor":1},{"not_picked":["Havoc","Thunderclap"],"picked":"Clothesline","floor":2},{"not_picked":["Twin Strike","Clothesline"],"picked":"Flame Barrier","floor":5},{"not_picked":["Double Tap","Heavy Blade","Second Wind"],"picked":"SKIP","floor":6},{"not_picked":["Brutality","Twin Strike"],"picked":"Impervious","floor":10},{"not_picked":["Flex","Whirlwind"],"picked":"True Grit","floor":11},{"not_picked":["Perfected Strike","Dual Wield"],"picked":"Armaments","floor":13},{"not_picked":["Warcry","Burning Pact"],"picked":"Combust","floor":14},{"not_picked":["Offering","Impervious"],"picked":"Juggernaut","floor":16},{"not_picked":["Twin Strike","Anger"],"picked":"Rupture","floor":18},{"not_picked":["Metallicize","Anger"],"picked":"Body Slam","floor":20},{"not_picked":["Carnage","Warcry","Havoc"],"picked":"SKIP","floor":22},{"not_picked":["Fiend Fire","Sword Boomerang","Cleave+1"],"picked":"SKIP","floor":23},{"not_picked":["Power Through","Sword Boomerang"],"picked":"Shrug It Off+1","floor":28},{"not_picked":["Uppercut","Rupture"],"picked":"Metallicize+1","floor":30},{"not_picked":["Thunderclap","Ghostly Armor","True Grit"],"picked":"SKIP","floor":31},{"not_picked":["Berserk","Dark Embrace"],"picked":"Impervious","floor":33},{"not_picked":["Ghostly Armor","Thunderclap","Iron Wave+1"],"picked":"SKIP","floor":35},{"not_picked":["Rage+1","Clash"],"picked":"Power Through","floor":36},{"not_picked":["Rampage","Bloodletting","Armaments"],"picked":"SKIP","floor":37},{"not_picked":["Thunderclap+1","Pommel Strike","Havoc"],"picked":"SKIP","floor":39},{"not_picked":["Warcry","Shrug It Off"],"picked":"Disarm","floor":40},{"not_picked":["Armaments","Dark Embrace","Anger"],"picked":"SKIP","floor":42},{"not_picked":["Perfected Strike","Sword Boomerang+1"],"picked":"Battle Trance+1","floor":46},{"not_picked":["Ghostly Armor","Iron Wave","Pommel Strike"],"picked":"Body Slam","floor":47},{"not_picked":["Clash","Second Wind","Seeing Red"],"picked":"Barricade+1","floor":55}],"player_experience":1340168,"relics_obtained":[{"floor":6,"key":"Regal Pillow"},{"floor":9,"key":"Tiny Chest"},{"floor":10,"key":"Calipers"},{"floor":13,"key":"Anchor"},{"floor":21,"key":"Sundial"},{"floor":23,"key":"Bag of Preparation"},{"floor":26,"key":"Bronze Scales"},{"floor":30,"key":"Darkstone Periapt"},{"floor":38,"key":"Dodecahedron"},{"floor":40,"key":"Letter Opener"},{"floor":46,"key":"Question Card"},{"floor":48,"key":"Frozen Egg 2"},{"floor":55,"key":"Champion Belt"}],"event_choices":[{"damage_healed":0,"gold_gain":75,"player_choice":"Gather Gold","damage_taken":11,"max_hp_gain":0,"max_hp_loss":0,"event_name":"World of Goop","floor":4,"gold_loss":0},{"cards_removed":["Strike_R"],"damage_healed":0,"gold_gain":0,"player_choice":"Purged","damage_taken":0,"max_hp_gain":0,"max_hp_loss":0,"event_name":"Purifier","floor":7,"gold_loss":0},{"damage_healed":0,"gold_gain":630,"player_choice":"GOLD GOLD GOLD GOLD GOLD GOLD GOLD ","damage_taken":56,"max_hp_gain":0,"max_hp_loss":0,"event_name":"Knowing Skull","floor":25,"potions_obtained":[],"gold_loss":0,"cards_obtained":[]},{"damage_healed":0,"gold_gain":0,"player_choice":"Ignored","damage_taken":0,"max_hp_gain":0,"max_hp_loss":0,"event_name":"Mysterious Sphere","floor":44,"gold_loss":0}],"is_beta":false,"boss_relics":[{"not_picked":["Empty Cage","Black Star"],"picked":"Fusion Hammer"},{"not_picked":["Black Blood","Mark of Pain"],"picked":"Sozu"}],"items_purged_floors":[19,29],"is_endless":false,"potions_floor_spawned":[2,10,11,14,18,20,22,31,33,35,36,39,47],"killed_by":"The Heart","ascension_level":20}