{"gold_per_floor":[216,216,228,303,320,320,25,88,136,136],"floor_reached":10,"playtime":308,"items_purged":["Strike_B"],"score":132,"play_id":"246b487b-fc5e-403e-8229-46e399b87413","local_time":"20190417190106","is_ascension_mode":true,"campfire_choices":[{"data":"Cold Snap","floor":6,"key":"SMITH"}],"neow_cost":"NONE","seed_source_timestamp":27392270271102,"circlet_count":0,"master_deck":["AscendersBane","Strike_B","Strike_B","Strike_B","Defend_B","Defend_B","Defend_B","Defend_B","Zap+1","Dualcast","Gash","Cold Snap+1","Glacier","Genetic Algorithm"],"relics":["Cracked Core","Membership Card","Tiny Chest","DataDisk"],"potions_floor_usage":[],"damage_taken":[{"damage":0,"enemies":"2 Louse","floor":1,"turns":2},{"damage":10,"enemies":"Small Slimes","floor":3,"turns":3},{"damage":0,"enemies":"Cultist","floor":5,"turns":3},{"damage":37,"enemies":"Gremlin Nob","floor":8,"turns":4},{"damage":8,"enemies":"Exordium Wildlife","floor":10,"turns":2}],"seed_played":"-3886526857098296599","potions_obtained":[],"is_trial":false,"path_per_floor":["M","?","M","?","M","R","$","E","T","M"],"character_chosen":"DEFECT","items_purchased":["Membership Card","Glacier"],"campfire_rested":0,"item_purchase_floors":[7,7],"current_hp_per_floor":[64,64,54,43,43,43,43,6,6,0],"gold":136,"neow_bonus":"HUNDRED_GOLD","is_prod":false,"is_daily":false,"chose_seed":false,"campfire_upgraded":1,"win_rate":0,"timestamp":1555520466,"path_taken":["M","?","M","?","M","R","$","E","T","M"],"build_version":"2019-01-23","purchased_purges":1,"victory":false,"max_hp_per_floor":[71,71,71,71,71,71,71,71,71,71],"card_choices":[{"not_picked":["Beam Cell","Go for the Eyes"],"picked":"Gash","floor":1},{"not_picked":["Steam","Turbo","Beam Cell"],"picked":"SKIP","floor":3},{"not_picked":["Rip and Tear","Multi-Cast"],"picked":"Cold Snap","floor":5},{"not_picked":["Go for the Eyes","Reinforced Body"],"picked":"Genetic Algorithm","floor":8}],"player_experience":1159328,"relics_obtained":[{"floor":8,"key":"Tiny Chest"},{"floor":9,"key":"DataDisk"}],"event_choices":[{"damage_healed":0,"gold_gain":0,"player_choice":"Grow","damage_taken":0,"max_hp_gain":0,"max_hp_loss":0,"event_name":"Living Wall","floor":2,"gold_loss":0,"cards_upgraded":["Zap"]},{"damage_healed":0,"gold_gain":75,"player_choice":"Gather Gold","damage_taken":11,"max_hp_gain":0,"max_hp_loss":0,"event_name":"World of Goop","floor":4,"gold_loss":0}],"is_beta":false,"boss_relics":[],"items_purged_floors":[7],"is_endless":false,"potions_floor_spawned":[],"killed_by":"Exordium Wildlife","ascension_level":20}