{"gold_per_floor":[114,114,129,129,208,208,246,246,246,319,319,338,338,0,0,94,94,119,119,2,2,27,67,85,85,112,112,152,352,365,381,381,474,474,489,145,159,16,35,73,73,73,73,73,116,116,160,160,160,160,160],"floor_reached":51,"playtime":3412,"items_purged":["Flying Knee","Doppelganger"],"score":1679,"play_id":"dfbbb8d1-d032-46ae-9f31-d9697dcf46ff","local_time":"20181223160408","is_ascension_mode":true,"campfire_choices":[{"data":"Poisoned Stab","floor":6,"key":"SMITH"},{"floor":8,"key":"REST"},{"floor":11,"key":"REST"},{"data":"Caltrops","floor":13,"key":"SMITH"},{"data":"Neutralize","floor":15,"key":"SMITH"},{"data":"Footwork","floor":25,"key":"SMITH"},{"data":"A Thousand Cuts","floor":27,"key":"SMITH"},{"floor":32,"key":"REST"},{"data":"Caltrops","floor":42,"key":"SMITH"},{"data":"Deadly Poison","floor":44,"key":"SMITH"},{"floor":49,"key":"RECALL"}],"neow_cost":"NONE","seed_source_timestamp":10822564154581,"circlet_count":0,"master_deck":["AscendersBane","Survivor","Neutralize+1","Poisoned Stab+1","Backflip","Caltrops+1","A Thousand Cuts+1","Blur","Dodge and Roll","Infinite Blades","Corpse Explosion","Corpse Explosion","Tools of the Trade","PiercingWail","Footwork+1","Calculated Gamble","Backflip","Deflect","Deadly Poison+1","Adrenaline","Deflect+1","Dodge and Roll","Caltrops+1","Cloak And Dagger","Footwork+1","Caltrops","Doubt","Well Laid Plans","Night Terror","Master of Strategy"],"relics":["Ring of the Snake","Ancient Tea Set","Golden Idol","Mummified Hand","Regal Pillow","Happy Flower","Tiny Chest","Membership Card","War Paint","Pandora\u0027s Box","Bronze Scales","Dodecahedron","Pen Nib","Sozu","Bottled Lightning","Lantern","DollysMirror","Anchor","Sundial","Prayer Wheel","The Courier"],"potions_floor_usage":[7,23,28,33,51],"damage_taken":[{"damage":17,"enemies":"Cultist","floor":1,"turns":6},{"damage":1,"enemies":"Small Slimes","floor":3,"turns":3},{"damage":21,"enemies":"Lagavulin","floor":7,"turns":8},{"damage":39,"enemies":"3 Sentries","floor":10,"turns":14},{"damage":0,"enemies":"Jaw Worm","floor":12,"turns":2},{"damage":14,"enemies":"The Guardian","floor":16,"turns":16},{"damage":0,"enemies":"3 Byrds","floor":18,"turns":1},{"damage":0,"enemies":"Spheric Guardian","floor":22,"turns":3},{"damage":0,"enemies":"Gremlin Leader","floor":23,"turns":5},{"damage":12,"enemies":"Centurion and Healer","floor":24,"turns":6},{"damage":9,"enemies":"Book of Stabbing","floor":28,"turns":4},{"damage":1,"enemies":"Shelled Parasite and Fungi","floor":30,"turns":3},{"damage":0,"enemies":"Cultist and Chosen","floor":31,"turns":3},{"damage":21,"enemies":"Collector","floor":33,"turns":6},{"damage":0,"enemies":"3 Shapes","floor":35,"turns":2},{"damage":0,"enemies":"3 Darklings","floor":37,"turns":2},{"damage":0,"enemies":"Writhing Mass","floor":39,"turns":5},{"damage":43,"enemies":"Nemesis","floor":40,"turns":9},{"damage":0,"enemies":"Giant Head","floor":45,"turns":8},{"damage":0,"enemies":"Reptomancer","floor":47,"turns":5},{"damage":5,"enemies":"Time Eater","floor":50,"turns":11},{"damage":74,"enemies":"Awakened One","floor":51,"turns":8}],"seed_played":"-7189013229507414291","potions_obtained":[{"floor":3,"key":"GhostInAJar"},{"floor":12,"key":"Weak Potion"},{"floor":24,"key":"LiquidBronze"},{"floor":30,"key":"Regen Potion"}],"is_trial":false,"path_per_floor":["M","?","M","?","T","R","E","R","T","E","R","M","R","$","R","B",null,"M","?","$","?","M","E","M","R","T","R","E","?","M","M","R","B",null,"M","$","M","$","M","E","?","R","T","R","E","?","E","?","R","B","B"],"character_chosen":"THE_SILENT","items_purchased":["Membership Card","War Paint","PowerPotion","Bronze Scales","Bottled Lightning","Dodge and Roll","Caltrops","Lantern","DollysMirror","Caltrops"],"campfire_rested":3,"item_purchase_floors":[14,14,14,20,36,36,36,36,38,38],"current_hp_per_floor":[42,42,41,41,41,41,20,53,53,14,47,47,47,47,47,33,53,53,53,53,53,53,53,41,41,41,41,32,32,31,31,60,39,55,55,55,55,55,55,12,60,60,60,60,60,60,60,60,60,55,0],"gold":160,"neow_bonus":"RANDOM_COMMON_RELIC","is_prod":false,"is_daily":false,"chose_seed":false,"campfire_upgraded":7,"win_rate":0,"timestamp":1545577448,"path_taken":["M","?","?","?","?","R","E","R","T","E","R","M","R","$","R","BOSS","M","?","$","?","M","E","M","R","T","R","E","?","M","?","R","BOSS","M","$","?","$","M","E","?","R","T","R","E","?","E","?","R","BOSS","BOSS"],"build_version":"2018-12-20","purchased_purges":2,"victory":false,"max_hp_per_floor":[66,66,66,60,60,60,60,60,60,60,60,60,60,60,60,60,60,60,60,60,60,60,60,60,60,60,60,60,60,60,60,60,60,60,60,60,60,60,60,60,60,60,60,60,60,60,60,60,60,60,60],"card_choices":[{"not_picked":["Outmaneuver","PiercingWail","Deflect"],"picked":"SKIP","floor":1},{"not_picked":["Riddle With Holes","Bane"],"picked":"Poisoned Stab","floor":3},{"not_picked":["Tactician","PiercingWail"],"picked":"Flying Knee","floor":7},{"not_picked":["Acrobatics","All Out Attack"],"picked":"Backflip","floor":10},{"not_picked":["Quick Slash","Deflect"],"picked":"Caltrops","floor":12},{"not_picked":["Storm of Steel","Doppelganger"],"picked":"A Thousand Cuts","floor":16},{"not_picked":["Underhanded Strike","Blade Dance"],"picked":"PiercingWail","floor":18},{"not_picked":["Dagger Throw+1","Accuracy"],"picked":"Calculated Gamble","floor":22},{"not_picked":["Underhanded Strike","Bane","Eviscerate+1"],"picked":"SKIP","floor":23},{"not_picked":["Deflect","Choke"],"picked":"Backflip","floor":24},{"not_picked":["Distraction","Acrobatics"],"picked":"Deflect","floor":28},{"not_picked":["Doppelganger","Outmaneuver","Quick Slash+1"],"picked":"SKIP","floor":30},{"not_picked":["Acrobatics","Blade Dance"],"picked":"Deadly Poison","floor":31},{"not_picked":["Wraith Form v2","Burst"],"picked":"Adrenaline","floor":33},{"not_picked":["Deadly Poison","Flying Knee"],"picked":"Deflect+1","floor":35},{"not_picked":["Dagger Throw+1","Poisoned Stab+1"],"picked":"Cloak And Dagger","floor":37},{"not_picked":["Bane","Poisoned Stab+1","Outmaneuver"],"picked":"SKIP","floor":39},{"not_picked":["Bane","Poisoned Stab+1","Outmaneuver"],"picked":"SKIP","floor":39},{"not_picked":["Deadly Poison","Predator","Setup"],"picked":"SKIP","floor":40},{"not_picked":["Terror","Expertise"],"picked":"Well Laid Plans","floor":45},{"not_picked":["Backstab","Well Laid Plans+1"],"picked":"Night Terror","floor":47},{"not_picked":["Panacea","Jack Of All Trades"],"picked":"Master of Strategy","floor":48}],"player_experience":682120,"relics_obtained":[{"floor":5,"key":"Mummified Hand"},{"floor":7,"key":"Regal Pillow"},{"floor":9,"key":"Happy Flower"},{"floor":10,"key":"Tiny Chest"},{"floor":23,"key":"Dodecahedron"},{"floor":28,"key":"Pen Nib"},{"floor":40,"key":"Anchor"},{"floor":43,"key":"Sundial"},{"floor":45,"key":"Prayer Wheel"},{"floor":47,"key":"The Courier"}],"event_choices":[{"cards_removed":["Strike_G"],"damage_healed":0,"gold_gain":0,"player_choice":"Purged","damage_taken":0,"max_hp_gain":0,"max_hp_loss":0,"event_name":"Purifier","floor":2,"gold_loss":0},{"damage_healed":0,"gold_gain":0,"player_choice":"Lose Max HP","damage_taken":0,"relics_obtained":["Golden Idol"],"max_hp_gain":0,"max_hp_loss":6,"event_name":"Golden Idol","floor":4,"gold_loss":0},{"cards_removed":["Accuracy"],"damage_healed":0,"gold_gain":0,"player_choice":"Elegance","damage_taken":0,"max_hp_gain":0,"max_hp_loss":0,"event_name":"Back to Basics","floor":19,"gold_loss":0},{"damage_healed":0,"gold_gain":0,"player_choice":"Read","damage_taken":0,"max_hp_gain":0,"max_hp_loss":0,"event_name":"The Library","floor":21,"gold_loss":0,"cards_obtained":["Footwork"]},{"damage_healed":0,"gold_gain":200,"player_choice":"Gold","damage_taken":0,"max_hp_gain":0,"max_hp_loss":0,"event_name":"Wheel of Change","floor":29,"gold_loss":0},{"damage_healed":48,"gold_gain":0,"player_choice":"Heal","damage_taken":0,"max_hp_gain":0,"max_hp_loss":0,"event_name":"MindBloom","floor":41,"gold_loss":0,"cards_obtained":["Doubt"]},{"cards_removed":["Glass Knife"],"damage_healed":0,"gold_gain":0,"player_choice":"Removed Attack","damage_taken":0,"max_hp_gain":0,"max_hp_loss":0,"event_name":"Falling","floor":46,"gold_loss":0},{"damage_healed":0,"gold_gain":0,"player_choice":"Memory 1","damage_taken":0,"max_hp_gain":0,"max_hp_loss":0,"event_name":"SensoryStone","floor":48,"gold_loss":0}],"is_beta":false,"boss_relics":[{"not_picked":["Orrery","Velvet Choker"],"picked":"Pandora\u0027s Box"},{"not_picked":["HoveringKite","Eternal Feather"],"picked":"Sozu"}],"items_purged_floors":[20,36],"is_endless":false,"potions_floor_spawned":[3,12,16,22,24,30,35,37,40],"killed_by":"Awakened One","ascension_level":20}