{"gold_per_floor":[117,128,78,98,98,98,98,27,27,27,59,59,59,73,73,170,170,184,184,199,216,226,226,253,253,253,253,253,300,310,344,344,443,443,457,121,131,231,29,29,29,29,55,277,277,288,17,35,35,35],"floor_reached":51,"playtime":3332,"items_purged":["Strike_B"],"score":711,"play_id":"ba5d993c-edc5-4948-b45e-8aee23d58aa9","local_time":"20180629151905","is_ascension_mode":false,"campfire_choices":[{"data":"Hologram","floor":6.0,"key":"SMITH"},{"data":"Zap","floor":10.0,"key":"SMITH"},{"data":"Gash","floor":13.0,"key":"SMITH"},{"data":"Reboot","floor":15.0,"key":"SMITH"},{"data":"Electrodynamics","floor":23.0,"key":"SMITH"},{"data":"Dualcast","floor":25.0,"key":"SMITH"},{"data":"Glacier","floor":28.0,"key":"SMITH"},{"floor":32,"key":"REST"},{"data":"Conserve Battery","floor":40,"key":"SMITH"},{"data":"Skim","floor":42,"key":"SMITH"},{"data":"Loop","floor":49,"key":"SMITH"}],"neow_cost":"","seed_source_timestamp":0,"circlet_count":0,"master_deck":["Strike_B","Strike_B","Strike_B","Defend_B","Defend_B","Zap+1","Dualcast+1","Gash+1","Conserve Battery+1","Hologram+1","Streamline+1","Skim+1","Reboot+1","Glacier+1","Ball Lightning+1","Electrodynamics+1","Reinforced Body+1","Melter+1","Static Discharge+1","Streamline+1","Gash+1","Writhe","Hologram+1","Gash+1","All For One+1","FTL+1","Stack+1","Gash+1","Fission+1","White Noise+1","Loop+1","Loop"],"special_seed":17709,"relics":["Cracked Core","Molten Egg 2","Bottled Flame","Question Card","Nuclear Battery","Red Mask","The Courier","Ornamental Fan","Art of War","Ginger","White Beast Statue","Toxic Egg 2","Bottled Lightning","Gambling Chip","Oddly Smooth Stone","Calipers"],"potions_floor_usage":[31,31,33,37,41,46,48,50,50],"damage_taken":[{"damage":0.0,"enemies":"Jaw Worm","floor":1.0,"turns":3.0},{"damage":1.0,"enemies":"Cultist","floor":2.0,"turns":3.0},{"damage":7.0,"enemies":"2 Louse","floor":4.0,"turns":3.0},{"damage":16.0,"enemies":"Lagavulin","floor":11.0,"turns":6.0},{"damage":0.0,"enemies":"Large Slime","floor":14.0,"turns":5.0},{"damage":0.0,"enemies":"Slime Boss","floor":16.0,"turns":6.0},{"damage":0.0,"enemies":"Chosen","floor":18.0,"turns":3.0},{"damage":0.0,"enemies":"Spheric Guardian","floor":20.0,"turns":3.0},{"damage":1.0,"enemies":"Centurion and Healer","floor":21.0,"turns":3.0},{"damage":8.0,"enemies":"3 Cultists","floor":22.0,"turns":6.0},{"damage":0.0,"floor":24.0,"turns":2.0},{"damage":11.0,"enemies":"Snecko","floor":30.0,"turns":4.0},{"damage":7,"enemies":"Slavers","floor":31,"turns":2},{"damage":20,"enemies":"Collector","floor":33,"turns":8},{"damage":0,"enemies":"3 Shapes","floor":35,"turns":3},{"damage":7,"enemies":"Orb Walker","floor":37,"turns":2},{"damage":0,"floor":41,"turns":4},{"damage":7,"enemies":"4 Shapes","floor":46,"turns":6},{"damage":0,"enemies":"Sphere and 2 Shapes","floor":48,"turns":6},{"damage":48,"enemies":"Donu and Deca","floor":50,"turns":7}],"seed_played":"-6251464301986706966","potions_obtained":[{"floor":4.0,"key":"Explosive Potion"},{"floor":11.0,"key":"Regen Potion"},{"floor":16.0,"key":"Energy Potion"},{"floor":18.0,"key":"EntropicBrew"},{"floor":30,"key":"GamblersBrew"},{"floor":31,"key":"Block Potion"},{"floor":33,"key":"Regen Potion"},{"floor":35,"key":"Explosive Potion"},{"floor":37,"key":"PowerPotion"},{"floor":41,"key":"SkillPotion"},{"floor":46,"key":"Block Potion"},{"floor":48,"key":"Fruit Juice"}],"is_trial":false,"path_per_floor":["M","M","$","M","?","R","?","$","T","R","E","T","R","M","R","B",null,"M","?","M","M","M","R","?","R","T","?","R","T","M","E","R","B",null,"M","$","M","?","$","R","?","R","T","?","?","M","$","M","R","B"],"character_chosen":"DEFECT","items_purchased":["Hologram","Reboot","FTL+1","Toxic Egg 2","Stack","Bottled Lightning","Calipers","Loop"],"campfire_rested":1,"item_purchase_floors":[],"current_hp_per_floor":[75,74,74,67,67,67,67,67,67,67,51,51,51,65,65,65,75,75,75,75,74,66,66,66,66,66,66,66,66,55,48,70,50,75,75,75,68,68,68,68,68,68,68,68,68,61,61,68,68,40],"gold":35,"neow_bonus":"","is_prod":false,"is_daily":false,"chose_seed":false,"campfire_upgraded":10,"win_rate":0.0,"timestamp":1530296345,"path_taken":["M","M","$","M","?","R","?","$","T","R","E","?","R","M","R","BOSS","M","?","M","M","M","R","?","R","T","?","R","?","M","E","R","BOSS","M","$","M","?","$","R","?","R","T","?","?","M","?","M","R","BOSS"],"build_version":"2018-06-28","purchased_purges":1,"victory":true,"max_hp_per_floor":[75,75,75,75,75,75,75,75,75,75,75,75,75,75,75,75,75,75,75,75,75,75,75,75,75,75,75,75,75,75,75,75,75,75,75,75,75,75,75,75,75,75,75,75,75,75,75,75,75,80],"card_choices":[{"not_picked":["Tempest","Stack"],"picked":"Gash","floor":1.0},{"not_picked":["Steam","Coolheaded"],"picked":"Conserve Battery","floor":2.0},{"not_picked":["Steam","Undo"],"picked":"Streamline","floor":4.0},{"not_picked":["Fission","Leap"],"picked":"Glacier","floor":11.0},{"not_picked":["Beam Cell+1","Steam","Force Field"],"picked":"Ball Lightning+1","floor":14.0},{"not_picked":["Rainbow","Amplify","Biased Cognition"],"picked":"Electrodynamics","floor":16.0},{"not_picked":["Sweeping Beam+1","Barrage+1","Cold Snap+1"],"picked":"Reinforced Body+1","floor":18.0},{"not_picked":["Leap","Streamline+1","Cold Snap+1"],"picked":"Melter+1","floor":20.0},{"not_picked":["Coolheaded+1","Sweeping Beam+1","Hologram"],"picked":"Static Discharge+1","floor":21.0},{"not_picked":["Redo","Cold Snap+1","Doom and Gloom+1"],"picked":"Streamline+1","floor":22.0},{"not_picked":["White Noise+1","Amplify","Chaos+1"],"picked":"Gash+1","floor":24.0},{"not_picked":["Barrage+1","Chaos","Leap"],"picked":"Hologram+1","floor":30},{"not_picked":["Steam","Static Discharge","Hologram"],"picked":"Gash+1","floor":31},{"not_picked":["Rainbow","Biased Cognition","Reboot"],"picked":"All For One+1","floor":33},{"not_picked":["Stack","Compile Driver+1","Force Field+1","Beam Cell+1"],"picked":"SKIP","floor":35},{"not_picked":["Barrage+1","Chaos+1","Ball Lightning+1"],"picked":"Gash+1","floor":37},{"not_picked":["Darkness+1","Sweeping Beam+1","Rip and Tear+1"],"picked":"Fission+1","floor":41},{"not_picked":["Redo+1","Compile Driver+1","Leap+1"],"picked":"White Noise+1","floor":46},{"not_picked":["Cold Snap+1","Barrage+1","Self Repair+1"],"picked":"Loop","floor":48}],"player_experience":309884,"relics_obtained":[{"floor":9.0,"key":"Molten Egg 2"},{"floor":11.0,"key":"Bottled Flame"},{"floor":12.0,"key":"Question Card"},{"floor":24.0,"key":"Red Mask"},{"floor":26.0,"key":"The Courier"},{"floor":29.0,"key":"Art of War"},{"floor":31,"key":"Ginger"},{"floor":41,"key":"Gambling Chip"},{"floor":43,"key":"Oddly Smooth Stone"}],"event_choices":[{"event_name":"Transmorgrifier","player_choice":"Transform","floor":5.0,"damage_taken":0.0},{"event_name":"Living Wall","player_choice":"Grow","floor":7.0,"damage_taken":0.0},{"event_name":"The Lab","player_choice":"Got Potions","floor":19.0,"damage_taken":0.0},{"event_name":"Masked Bandits","player_choice":"Fought over 226 gold","floor":24.0,"damage_taken":0.0},{"event_name":"The Mausoleum","player_choice":"Yes","floor":27.0,"damage_taken":0.0},{"event_name":"Golden Shrine","player_choice":"Pray","floor":38,"damage_taken":0},{"event_name":"MindBloom","player_choice":"Fight","floor":41,"damage_taken":0},{"event_name":"Tomb of Lord Red Mask","player_choice":"Wore Mask","floor":44,"damage_taken":0},{"event_name":"Falling","player_choice":"Removed Skill","floor":45,"damage_taken":0}],"boss_relics":[{"not_picked":["Pandora\u0027s Box","Runic Dome"],"picked":"Nuclear Battery"},{"not_picked":["Snecko Eye","Cursed Key"],"picked":"White Beast Statue"}],"items_purged_floors":[36],"is_endless":false,"potions_floor_spawned":[4,11,16,18,30,31,33,35,37,41,46,48],"ascension_level":0}