{"gold_per_floor":[217,217,236,261,261,261,49,88,115,115,135,135,50,89,89,185,185,199,199,211,54,72,72],"floor_reached":23,"playtime":971,"items_purged":[],"score":498,"play_id":"5b0d0377-1472-42c2-8fb7-5f96fc6ff176","local_time":"20190208145856","is_ascension_mode":true,"campfire_choices":[{"data":"Zap","floor":6,"key":"SMITH"},{"data":"Darkness","floor":12,"key":"SMITH"},{"data":"Darkness","floor":15,"key":"SMITH"}],"neow_cost":"NONE","seed_source_timestamp":8539690856503,"circlet_count":0,"master_deck":["AscendersBane","Strike_B","Strike_B","Strike_B","Strike_B","Defend_B","Defend_B","Defend_B","Defend_B","Zap+1","Dualcast","Glacier","Ball Lightning","Zap+1","Parasite","Doom and Gloom","Darkness+1","Darkness+1","Hologram","BootSequence"],"relics":["Cracked Core","Bloody Idol","Lantern","Juzu Bracelet","Bag of Marbles","Orichalcum","Black Star","Happy Flower"],"potions_floor_usage":[8,14,20],"damage_taken":[{"damage":5,"enemies":"2 Louse","floor":1,"turns":2},{"damage":0,"enemies":"Jaw Worm","floor":3,"turns":5},{"damage":6,"enemies":"Cultist","floor":4,"turns":3},{"damage":25,"enemies":"3 Sentries","floor":8,"turns":6},{"damage":7,"enemies":"Exordium Thugs","floor":11,"turns":3},{"damage":4,"enemies":"Gremlin Nob","floor":14,"turns":3},{"damage":0,"enemies":"Slime Boss","floor":16,"turns":7},{"damage":13,"enemies":"3 Byrds","floor":18,"turns":4},{"damage":5,"enemies":"2 Thieves","floor":20,"turns":3},{"damage":15,"enemies":"Chosen and Byrds","floor":22,"turns":6},{"damage":42,"enemies":"Gremlin Leader","floor":23,"turns":2}],"seed_played":"4287910647329920360","potions_obtained":[{"floor":1,"key":"Swift Potion"},{"floor":4,"key":"Regen Potion"},{"floor":16,"key":"Ancient Potion"},{"floor":18,"key":"SteroidPotion"}],"is_trial":false,"path_per_floor":["M","?","M","M","?","R","$","E","T","?","M","R","$","E","R","B",null,"M","?","M","$","M","E"],"character_chosen":"DEFECT","items_purchased":["Lantern","Doom and Gloom","Darkness","Happy Flower"],"campfire_rested":0,"item_purchase_floors":[7,7,13,21],"current_hp_per_floor":[59,59,59,53,53,53,53,43,43,43,36,36,36,32,32,32,56,43,43,48,48,38,0],"gold":72,"neow_bonus":"HUNDRED_GOLD","is_prod":false,"is_daily":false,"chose_seed":false,"campfire_upgraded":3,"win_rate":0,"timestamp":1549634336,"path_taken":["M","?","M","M","?","R","$","E","T","?","M","R","?","E","R","BOSS","M","?","M","$","M","E"],"build_version":"2019-01-23","purchased_purges":0,"victory":false,"max_hp_per_floor":[71,64,64,64,64,64,64,64,64,64,64,64,64,64,64,64,64,64,64,64,64,64,64],"card_choices":[{"not_picked":["Stack","Loop"],"picked":"Glacier","floor":1},{"not_picked":["Conserve Battery","Gash"],"picked":"Ball Lightning","floor":3},{"not_picked":["Recycle","Stack","Redo"],"picked":"SKIP","floor":4},{"not_picked":["Skim","Conserve Battery","Hello World"],"picked":"SKIP","floor":8},{"not_picked":["Leap","Auto Shields"],"picked":"Darkness","floor":11},{"not_picked":["Storm","Lockon"],"picked":"Hologram","floor":14},{"not_picked":["Double Energy","Stack","Go for the Eyes"],"picked":"SKIP","floor":18},{"not_picked":["Undo","Hologram"],"picked":"BootSequence","floor":20},{"not_picked":["Reprogram","Turbo","Ball Lightning"],"picked":"SKIP","floor":22}],"player_experience":936816,"relics_obtained":[{"floor":8,"key":"Juzu Bracelet"},{"floor":9,"key":"Bag of Marbles"},{"floor":14,"key":"Orichalcum"}],"event_choices":[{"damage_healed":0,"gold_gain":0,"player_choice":"Lose Max HP","damage_taken":0,"relics_obtained":["Golden Idol"],"max_hp_gain":0,"max_hp_loss":7,"event_name":"Golden Idol","floor":2,"gold_loss":0},{"damage_healed":0,"gold_gain":0,"player_choice":"2 cards matched","damage_taken":0,"max_hp_gain":0,"max_hp_loss":0,"event_name":"Match and Keep!","floor":5,"gold_loss":0,"cards_obtained":["Zap","Parasite"]},{"damage_healed":0,"gold_gain":0,"player_choice":"Upgraded","damage_taken":0,"max_hp_gain":0,"max_hp_loss":0,"event_name":"Upgrade Shrine","floor":10,"gold_loss":0,"cards_upgraded":["Zap"]},{"damage_healed":0,"gold_gain":0,"player_choice":"Gave Idol","damage_taken":0,"relics_obtained":["Bloody Idol"],"max_hp_gain":0,"max_hp_loss":0,"event_name":"Forgotten Altar","floor":19,"relics_lost":["Golden Idol"],"gold_loss":0}],"is_beta":false,"boss_relics":[{"not_picked":["Lizard Tail","FrozenCore"],"picked":"Black Star"}],"items_purged_floors":[],"is_endless":false,"potions_floor_spawned":[1,4,16,18],"killed_by":"Gremlin Leader","ascension_level":20}