{"path_per_floor":["M","$","M","M","M","R","M","R","T","M","?","R","M","M","R","B",null,"M","?","$","M","?","R","M","?","T","M","?","$","M","M","R"],"character_chosen":"IRONCLAD","items_purchased":["Oddly Smooth Stone"],"gold_per_floor":[115,40,50,65,75,75,90,90,115,135,135,135,145,163,163,264,264,283,283,35,50,50,50,66,66,89,108,108,108,121,132,132,132],"floor_reached":33,"campfire_rested":1,"playtime":1255,"current_hp_per_floor":[76,76,80,80,80,80,71,71,71,60,60,60,66,65,65,34,80,53,79,79,70,70,70,80,80,80,60,60,60,41,45,69,0],"items_purged":["Defend_R","Strike_R"],"gold":132,"score":279,"play_id":"7ee245a3-c838-4d70-beaa-024225933e3e","local_time":"20180411173912","is_prod":false,"is_daily":false,"is_ascension_mode":true,"campfire_upgraded":5,"timestamp":1523479152,"path_taken":["M","$","M","M","M","R","M","R","T","M","?","R","M","M","R","BOSS","M","?","$","M","?","R","M","?","T","M","?","$","M","M","R","BOSS"],"build_version":"2018-04-05v2","purchased_purges":2,"victory":false,"master_deck":["Strike_R","Strike_R","Strike_R","Defend_R","Defend_R","Defend_R","Bash+1","Metallicize+1","Flex+1","Heavy Blade+1","Flame Barrier+1","Sword Boomerang+1","Blood for Blood","Berserk","Sword Boomerang+1","Headbutt","Whirlwind"],"max_hp_per_floor":[80,80,80,80,80,80,80,80,80,80,80,80,80,80,80,80,80,80,80,80,80,80,80,80,80,80,80,80,80,80,80,80,80],"relics":["Black Blood","Blood Vial","Oddly Smooth Stone","Vajra"],"card_choices":[{"not_picked":["Flame Barrier","Sever Soul"],"picked":"Metallicize","floor":1},{"not_picked":["Corruption","Power Through"],"picked":"Flex","floor":3},{"not_picked":["Seeing Red","Pummel"],"picked":"Heavy Blade","floor":4},{"not_picked":["Infernal Blade","Thunderclap"],"picked":"Flame Barrier","floor":7},{"not_picked":["Power Through","Intimidate"],"picked":"Sword Boomerang","floor":10},{"not_picked":["Warcry","Corruption"],"picked":"Blood for Blood","floor":14},{"not_picked":["Immolate","Dark Embrace"],"picked":"Berserk","floor":16},{"not_picked":["True Grit","Sever Soul"],"picked":"Sword Boomerang","floor":18},{"not_picked":["Sever Soul","Perfected Strike"],"picked":"Headbutt","floor":21},{"not_picked":["Iron Wave","Wild Strike"],"picked":"Whirlwind","floor":24}],"player_experience":251706,"potions_floor_usage":[3,10,16,24,24,31],"damage_taken":[{"damage":10,"enemies":"Small Slimes","floor":1,"turns":4},{"damage":1,"enemies":"2 Louse","floor":3,"turns":2},{"damage":2,"enemies":"Cultist","floor":4,"turns":4},{"damage":2,"enemies":"2 Fungi Beasts","floor":5,"turns":4},{"damage":15,"enemies":"Red Slaver","floor":7,"turns":3},{"damage":19,"enemies":"Exordium Thugs","floor":10,"turns":4},{"damage":2,"enemies":"3 Louse","floor":13,"turns":3},{"damage":9,"enemies":"Exordium Wildlife","floor":14,"turns":6},{"damage":39,"enemies":"The Guardian","floor":16,"turns":9},{"damage":37,"enemies":"Spheric Guardian","floor":18,"turns":6},{"damage":20,"enemies":"Shell Parasite","floor":21,"turns":5},{"damage":1,"enemies":"Snake Plant","floor":24,"turns":3},{"damage":30,"enemies":"Slaver and Parasite","floor":27,"turns":5},{"damage":31,"enemies":"Sentry and Sphere","floor":30,"turns":6},{"damage":8,"enemies":"Centurion and Healer","floor":31,"turns":5},{"damage":76,"enemies":"Collector","floor":33,"turns":6}],"event_choices":[{"event_name":"Living Wall","player_choice":"Grow","floor":11,"damage_taken":0},{"event_name":"The Library","player_choice":"Heal","floor":19,"damage_taken":0},{"event_name":"Wheel of Change","player_choice":"Card Removal","floor":22,"damage_taken":0},{"event_name":"Ghosts","player_choice":"Ignored","floor":25,"damage_taken":0},{"event_name":"Cursed Tome","player_choice":"Ignored","floor":28,"damage_taken":0}],"boss_relics":[{"not_picked":["Tiny House","Runic Cube"],"picked":"Black Blood"}],"potions_floor_spawned":[1,7,14,18,21,27],"seed_played":"3073405353434221915","killed_by":"Collector","ascension_level":3,"is_trial":false}