{"gold_per_floor":[368,368,368,368,7,7,37,37,37,37,70,88,163,194,194,270,270,270,282,0,19,32,32,65,65,65,65,115,133,133,161,161,235,235,247,265,265,265,4,37,37,63,63,39,49,62,81,181,181,181,181,181,181,23,52,52],"floor_reached":57,"playtime":4225,"items_purged":["Strike_G","Flechettes"],"score":2953,"play_id":"3012370b-adef-4db4-91c3-7a53ca33b89d","local_time":"20190112170751","is_ascension_mode":true,"campfire_choices":[{"floor":6,"key":"REST"},{"floor":8,"key":"REST"},{"floor":10,"key":"REST"},{"data":"Footwork","floor":15,"key":"SMITH"},{"data":"Apotheosis","floor":23,"key":"SMITH"},{"floor":27,"key":"REST"},{"floor":30,"key":"REST"},{"data":"Well Laid Plans","floor":32,"key":"SMITH"},{"floor":41,"key":"RECALL"},{"data":"Calculated Gamble","floor":49,"key":"SMITH"},{"data":"Bullet Time","floor":53,"key":"SMITH"}],"neow_cost":"PERCENT_DAMAGE","seed_source_timestamp":13289803613247,"circlet_count":0,"master_deck":["AscendersBane","Survivor","Neutralize","Flying Knee","Infinite Blades","Well Laid Plans+1","Poisoned Stab","Footwork+1","Adrenaline","Poisoned Stab+1","Poisoned Stab","Glass Knife","Apotheosis+1","PiercingWail","Terror+1","PiercingWail","Dodge and Roll","Malaise","Leg Sweep","Poisoned Stab","Bullet Time+1","Blur","Corpse Explosion","Tactician","Acrobatics+1","Backflip","Blur","Backflip","Backflip","Night Terror","Calculated Gamble+1","Envenom"],"relics":["Ring of the Snake","Pantograph","Pear","Ninja Scroll","Bag of Marbles","Bird Faced Urn","Black Star","Calipers","Tingsha","Enchiridion","Ice Cream","FossilizedHelix","Whetstone","Pandora\u0027s Box","Oddly Smooth Stone","Matryoshka","Mango","Boot","Orichalcum","Dream Catcher","Du-Vu Doll","Bronze Scales","Mummified Hand","Centennial Puzzle"],"potions_floor_usage":[14,14,18,18,24,56,56],"damage_taken":[{"damage":6,"enemies":"Jaw Worm","floor":1,"turns":6},{"damage":26,"enemies":"Gremlin Nob","floor":7,"turns":4},{"damage":14,"enemies":"Lagavulin","floor":11,"turns":7},{"damage":0,"enemies":"Small Slimes","floor":12,"turns":2},{"damage":18,"enemies":"Gremlin Nob","floor":14,"turns":4},{"damage":7,"enemies":"The Guardian","floor":16,"turns":12},{"damage":0,"enemies":"Shell Parasite","floor":18,"turns":1},{"damage":12,"enemies":"Spheric Guardian","floor":19,"turns":6},{"damage":12,"enemies":"Snake Plant","floor":21,"turns":5},{"damage":0,"enemies":"Centurion and Healer","floor":22,"turns":5},{"damage":17,"enemies":"Gremlin Leader","floor":24,"turns":6},{"damage":12,"enemies":"Chosen and Byrds","floor":29,"turns":7},{"damage":22,"enemies":"Book of Stabbing","floor":31,"turns":5},{"damage":56,"enemies":"Champ","floor":33,"turns":14},{"damage":0,"enemies":"3 Shapes","floor":35,"turns":8},{"damage":1,"enemies":"Orb Walker","floor":36,"turns":3},{"damage":0,"enemies":"Reptomancer","floor":40,"turns":6},{"damage":0,"enemies":"Nemesis","floor":42,"turns":7},{"damage":0,"enemies":"Transient","floor":45,"turns":6},{"damage":0,"enemies":"Spire Growth","floor":46,"turns":5},{"damage":0,"enemies":"Sphere and 2 Shapes","floor":47,"turns":5},{"damage":0,"enemies":"Mind Bloom Boss Battle","floor":48,"turns":4},{"damage":20,"enemies":"Awakened One","floor":50,"turns":18},{"damage":0,"enemies":"Time Eater","floor":51,"turns":18},{"damage":40,"enemies":"Shield and Spear","floor":55,"turns":4},{"damage":26,"enemies":"The Heart","floor":56,"turns":13}],"seed_played":"-1552560564353724267","potions_obtained":[{"floor":11,"key":"EntropicBrew"},{"floor":14,"key":"SkillPotion"},{"floor":19,"key":"Strength Potion"},{"floor":21,"key":"GamblersBrew"},{"floor":24,"key":"Dexterity Potion"},{"floor":33,"key":"Weak Potion"},{"floor":40,"key":"PowerPotion"},{"floor":46,"key":"Dexterity Potion"}],"is_trial":false,"path_per_floor":["M","?","?","?","$","R","E","R","T","R","E","M","?","E","R","B",null,"M","M","$","M","M","R","E","?","T","R","?","M","R","E","R","B",null,"M","M","$","?","$","E","R","E","T","$","M","M","M","?","R","B","B",null,"R","$","E","B",null],"character_chosen":"THE_SILENT","items_purchased":["Pantograph","Well Laid Plans","Poisoned Stab","Apotheosis","Oddly Smooth Stone","Backflip","Bronze Scales"],"campfire_rested":5,"item_purchase_floors":[5,5,5,20,39,44,54],"current_hp_per_floor":[38,31,11,11,11,30,14,36,36,58,44,44,33,15,15,39,67,67,61,61,55,61,61,50,29,29,51,51,47,69,53,53,22,63,71,76,76,76,76,90,90,90,90,90,90,90,90,90,90,78,90,90,90,90,54,63],"gold":52,"neow_bonus":"TWO_FIFTY_GOLD","is_prod":false,"is_daily":false,"chose_seed":false,"campfire_upgraded":5,"win_rate":0,"timestamp":1547309271,"path_taken":["M","?","?","?","$","R","E","R","T","R","E","?","?","E","R","BOSS","M","M","$","M","M","R","E","?","T","R","?","M","R","E","R","BOSS","M","?","$","?","$","E","R","E","T","$","M","M","M","?","R","BOSS","BOSS","R","$","E","BOSS"],"build_version":"2019-01-10","purchased_purges":2,"victory":true,"max_hp_per_floor":[66,66,66,66,66,66,76,76,76,76,76,76,76,76,76,76,76,76,76,76,76,76,76,76,76,76,76,76,76,76,76,76,76,76,76,76,76,76,76,90,90,90,90,90,90,90,90,90,90,90,90,90,90,90,90,90],"card_choices":[{"not_picked":["All Out Attack","Dodge and Roll"],"picked":"Flying Knee","floor":1},{"not_picked":["Dagger Spray","Reflex"],"picked":"Footwork","floor":7},{"not_picked":["Outmaneuver","Sucker Punch"],"picked":"Adrenaline","floor":11},{"not_picked":["Well Laid Plans","Predator"],"picked":"Poisoned Stab","floor":12},{"not_picked":["Prepared","Unload"],"picked":"Poisoned Stab","floor":14},{"not_picked":["Wraith Form v2","Phantasmal Killer"],"picked":"Glass Knife","floor":16},{"not_picked":["Dagger Throw","Slice","Blade Dance"],"picked":"SKIP","floor":19},{"not_picked":["Cloak And Dagger","Masterful Stab","Dagger Throw"],"picked":"SKIP","floor":21},{"not_picked":["Flying Knee","Burst"],"picked":"PiercingWail","floor":22},{"not_picked":["Flechettes","Outmaneuver"],"picked":"Terror+1","floor":24},{"not_picked":["Infinite Blades","Underhanded Strike"],"picked":"PiercingWail","floor":29},{"not_picked":["Quick Slash","Deadly Poison"],"picked":"Dodge and Roll","floor":31},{"not_picked":["Tools of the Trade","Corpse Explosion"],"picked":"Malaise","floor":33},{"not_picked":["Eviscerate","Dagger Throw"],"picked":"Acrobatics+1","floor":35},{"not_picked":["Dagger Throw","Slice"],"picked":"Backflip","floor":36},{"not_picked":["Dagger Throw","Riddle With Holes","Acrobatics"],"picked":"SKIP","floor":40},{"not_picked":["Outmaneuver","Finisher"],"picked":"Blur","floor":42},{"not_picked":["Bane","Blade Dance"],"picked":"Backflip","floor":45},{"not_picked":["Quick Slash","Eviscerate"],"picked":"Night Terror","floor":46},{"not_picked":["Dagger Throw+1","Poisoned Stab"],"picked":"Calculated Gamble","floor":47},{"not_picked":["Dagger Throw","Skewer"],"picked":"Envenom","floor":55}],"player_experience":746774,"relics_obtained":[{"floor":7,"key":"Pear"},{"floor":9,"key":"Ninja Scroll"},{"floor":11,"key":"Bag of Marbles"},{"floor":14,"key":"Bird Faced Urn"},{"floor":24,"key":"Calipers"},{"floor":24,"key":"Tingsha"},{"floor":25,"key":"Enchiridion"},{"floor":26,"key":"Ice Cream"},{"floor":31,"key":"FossilizedHelix"},{"floor":31,"key":"Whetstone"},{"floor":40,"key":"Matryoshka"},{"floor":40,"key":"Mango"},{"floor":42,"key":"Boot"},{"floor":42,"key":"Orichalcum"},{"floor":43,"key":"Dream Catcher"},{"floor":48,"key":"Du-Vu Doll"},{"floor":55,"key":"Mummified Hand"},{"floor":55,"key":"Centennial Puzzle"}],"event_choices":[{"cards_removed":["Strike_G"],"damage_healed":0,"gold_gain":0,"player_choice":"Card Removal","damage_taken":7,"max_hp_gain":0,"max_hp_loss":0,"event_name":"Golden Wing","floor":2,"gold_loss":0},{"damage_healed":0,"gold_gain":0,"player_choice":"Entered Light","damage_taken":20,"max_hp_gain":0,"max_hp_loss":0,"event_name":"Shining Light","floor":3,"gold_loss":0,"cards_upgraded":["Defend_G","Defend_G"]},{"damage_healed":0,"gold_gain":0,"cards_transformed":["Strike_G"],"player_choice":"Transformed","damage_taken":0,"max_hp_gain":0,"max_hp_loss":0,"event_name":"Transmorgrifier","floor":4,"gold_loss":0,"cards_obtained":["Infinite Blades"]},{"damage_healed":0,"gold_gain":75,"player_choice":"Gather Gold","damage_taken":11,"max_hp_gain":0,"max_hp_loss":0,"event_name":"World of Goop","floor":13,"gold_loss":0},{"damage_healed":0,"gold_gain":0,"player_choice":"Obtained Book","damage_taken":21,"max_hp_gain":0,"max_hp_loss":0,"event_name":"Cursed Tome","floor":25,"gold_loss":0},{"damage_healed":0,"gold_gain":50,"player_choice":"Pray","damage_taken":0,"max_hp_gain":0,"max_hp_loss":0,"event_name":"Golden Shrine","floor":28,"gold_loss":0},{"damage_healed":0,"gold_gain":0,"player_choice":"Ignored","damage_taken":0,"max_hp_gain":0,"max_hp_loss":0,"event_name":"Tomb of Lord Red Mask","floor":38,"gold_loss":0},{"damage_healed":0,"gold_gain":0,"player_choice":"Fight","damage_taken":0,"max_hp_gain":0,"max_hp_loss":0,"event_name":"MindBloom","floor":48,"gold_loss":0}],"is_beta":false,"boss_relics":[{"not_picked":["White Beast Statue","Ring of the Serpent"],"picked":"Black Star"},{"not_picked":["HoveringKite","Lizard Tail"],"picked":"Pandora\u0027s Box"}],"items_purged_floors":[20,39],"is_endless":false,"potions_floor_spawned":[11,14,19,21,24,31,33,35,40,46,47],"ascension_level":20}