{"gold_per_floor":[113,113,113,38,58,58,91,91,91,91,114,143,143,193,193,271,271,289,299,310,329,16,16,42,42,42,58,58,72,172,207,207,281,281,300,317,337,37,52,52,87,104,104,130,130,162,162,162,162,162,162],"floor_reached":51,"playtime":3945,"items_purged":["Strike_R","Strike_R","Strike_R"],"score":1612,"play_id":"a1d4f9ed-164b-4b4a-b7ce-f6791da3422f","local_time":"20190111175941","is_ascension_mode":true,"campfire_choices":[{"data":"Bash","floor":6,"key":"SMITH"},{"floor":8,"key":"DIG"},{"floor":10,"key":"DIG"},{"data":"Uppercut","floor":15,"key":"SMITH"},{"floor":23,"key":"REST"},{"floor":25,"key":"DIG"},{"floor":28,"key":"DIG"},{"floor":32,"key":"REST"},{"data":"True Grit","floor":40,"key":"SMITH"},{"floor":45,"key":"REST"},{"data":"Brutality","floor":47,"key":"SMITH"},{"floor":49,"key":"RECALL"}],"neow_cost":"NONE","seed_source_timestamp":16141673394435,"circlet_count":0,"master_deck":["AscendersBane","Strike_R+1","Defend_R","Defend_R","Defend_R","Defend_R","Bash+1","Pommel Strike","Anger","Disarm+1","Uppercut+1","Thunderclap+1","Feed+1","Uppercut+1","Battle Trance","Metallicize+1","Whirlwind+1","Ghostly Armor","Shrug It Off","Berserk","Rampage+1","Brutality+1","Iron Wave+1","Shrug It Off","Rupture","Battle Trance","True Grit+1","Inflame","Sword Boomerang+1","Warcry+1","Shockwave","Writhe"],"relics":["Burning Blood","NeowsBlessing","Shuriken","Shovel","Meat on the Bone","Potion Belt","StoneCalendar","Odd Mushroom","Molten Egg 2","Velvet Choker","OrangePellets","Pear","Dream Catcher","Self Forming Clay","Unceasing Top","Matryoshka","Girya","Cursed Key","Magic Flower","Letter Opener","Bottled Lightning"],"potions_floor_usage":[11,12,20,24,29,31,31,35,39,42,51,51],"damage_taken":[{"damage":0,"enemies":"2 Louse","floor":1,"turns":1},{"damage":0,"enemies":"Jaw Worm","floor":5,"turns":1},{"damage":0,"enemies":"Gremlin Nob","floor":7,"turns":1},{"damage":10,"enemies":"The Mushroom Lair","floor":11,"turns":3},{"damage":18,"enemies":"Lagavulin","floor":12,"turns":5},{"damage":33,"enemies":"The Guardian","floor":16,"turns":11},{"damage":36,"enemies":"Spheric Guardian","floor":18,"turns":7},{"damage":32,"enemies":"Shell Parasite","floor":19,"turns":6},{"damage":19,"enemies":"Snake Plant","floor":20,"turns":4},{"damage":24,"enemies":"Shelled Parasite and Fungi","floor":21,"turns":7},{"damage":1,"enemies":"Gremlin Leader","floor":24,"turns":5},{"damage":10,"enemies":"Centurion and Healer","floor":27,"turns":7},{"damage":8,"enemies":"Snecko","floor":29,"turns":3},{"damage":24,"enemies":"Colosseum Slavers","floor":30,"turns":3},{"damage":24,"enemies":"Colosseum Nobs","floor":30,"turns":5},{"damage":29,"enemies":"Slavers","floor":31,"turns":6},{"damage":19,"enemies":"Champ","floor":33,"turns":9},{"damage":15,"enemies":"3 Darklings","floor":35,"turns":5},{"damage":13,"enemies":"3 Shapes","floor":36,"turns":10},{"damage":10,"enemies":"Sphere and 2 Shapes","floor":37,"turns":13},{"damage":31,"enemies":"Jaw Worm Horde","floor":39,"turns":7},{"damage":62,"enemies":"Nemesis","floor":41,"turns":7},{"damage":23,"enemies":"4 Shapes","floor":42,"turns":9},{"damage":72,"enemies":"Reptomancer","floor":44,"turns":7},{"damage":3,"enemies":"Nemesis","floor":46,"turns":7},{"damage":89,"enemies":"Donu and Deca","floor":50,"turns":8},{"damage":71,"enemies":"Awakened One","floor":51,"turns":10}],"seed_played":"-4339726888061166694","potions_obtained":[{"floor":1,"key":"Explosive Potion"},{"floor":7,"key":"Swift Potion"},{"floor":11,"key":"Poison Potion"},{"floor":16,"key":"SpeedPotion"},{"floor":19,"key":"GamblersBrew"},{"floor":20,"key":"FairyPotion"},{"floor":24,"key":"Energy Potion"},{"floor":29,"key":"Poison Potion"},{"floor":33,"key":"SkillPotion"},{"floor":37,"key":"Swift Potion"},{"floor":41,"key":"BloodPotion"},{"floor":46,"key":"Regen Potion"}],"is_trial":false,"path_per_floor":["M","?","?","$","M","R","E","R","T","R","?","E","?","?","R","B",null,"M","M","M","M","$","R","E","R","T","M","R","M","?","E","R","B",null,"M","M","M","$","M","R","E","M","T","E","R","E","R","?","R","B","B"],"character_chosen":"IRONCLAD","items_purchased":["OrangePellets","Rupture","SpeedPotion","Battle Trance"],"campfire_rested":3,"item_purchase_floors":[22,38,38,38],"current_hp_per_floor":[74,69,69,69,75,75,75,75,75,75,71,59,36,36,36,21,62,48,38,41,39,39,66,81,81,81,81,81,79,59,52,85,72,103,94,91,87,87,78,78,34,62,62,41,78,84,84,109,109,47,0],"gold":162,"neow_bonus":"THREE_ENEMY_KILL","is_prod":false,"is_daily":false,"chose_seed":false,"campfire_upgraded":4,"win_rate":0,"timestamp":1547225981,"path_taken":["M","?","?","?","?","R","E","R","T","R","?","E","?","?","R","BOSS","M","M","M","M","?","R","E","R","T","M","R","M","?","E","R","BOSS","M","M","M","$","M","R","E","M","T","E","R","E","R","?","R","BOSS","BOSS"],"build_version":"2019-01-10","purchased_purges":3,"victory":false,"max_hp_per_floor":[75,75,75,75,75,75,75,75,75,75,75,75,75,75,75,75,75,79,83,87,91,91,91,101,101,101,105,105,105,109,113,113,113,113,113,117,117,117,121,121,121,125,125,125,125,125,125,125,125,125,125],"card_choices":[{"not_picked":["Searing Blow","Perfected Strike"],"picked":"Pommel Strike","floor":1},{"not_picked":["Carnage","Thunderclap"],"picked":"Anger","floor":5},{"not_picked":["Rampage","Evolve"],"picked":"Disarm","floor":7},{"not_picked":["Power Through","Warcry"],"picked":"Uppercut","floor":11},{"not_picked":["Searing Blow","Reckless Charge"],"picked":"Thunderclap","floor":12},{"not_picked":["Offering","Juggernaut"],"picked":"Feed+1","floor":16},{"not_picked":["Clash+1","Flex"],"picked":"Uppercut+1","floor":18},{"not_picked":["Twin Strike+1","Seeing Red+1"],"picked":"Battle Trance","floor":19},{"not_picked":["Power Through","Wild Strike+1"],"picked":"Metallicize+1","floor":20},{"not_picked":["Pommel Strike+1","Thunderclap+1"],"picked":"Whirlwind+1","floor":21},{"not_picked":["Intimidate","Fire Breathing"],"picked":"Ghostly Armor","floor":24},{"not_picked":["Perfected Strike+1","Clothesline+1"],"picked":"Shrug It Off","floor":27},{"not_picked":["Clothesline+1","Pommel Strike+1"],"picked":"Berserk","floor":29},{"not_picked":["Clothesline+1","Combust"],"picked":"Rampage+1","floor":31},{"not_picked":["Berserk","Bludgeon+1"],"picked":"Brutality","floor":33},{"not_picked":["Clothesline+1","Anger+1"],"picked":"Iron Wave+1","floor":35},{"not_picked":["Wild Strike+1","Dual Wield","Corruption"],"picked":"SKIP","floor":36},{"not_picked":["Heavy Blade+1","Combust+1"],"picked":"Shrug It Off","floor":37},{"not_picked":["Anger+1","Intimidate+1"],"picked":"True Grit","floor":39},{"not_picked":["Cleave+1","Anger+1"],"picked":"Inflame","floor":41},{"not_picked":["Thunderclap+1","Fire Breathing"],"picked":"Sword Boomerang+1","floor":42},{"not_picked":["Twin Strike+1","Headbutt+1"],"picked":"Warcry+1","floor":44},{"not_picked":["Infernal Blade","Heavy Blade+1"],"picked":"Shockwave","floor":45},{"not_picked":["Anger+1","Feed+1","Whirlwind+1"],"picked":"SKIP","floor":46}],"player_experience":735646,"relics_obtained":[{"floor":7,"key":"Shovel"},{"floor":8,"key":"Meat on the Bone"},{"floor":9,"key":"Potion Belt"},{"floor":10,"key":"StoneCalendar"},{"floor":11,"key":"Odd Mushroom"},{"floor":12,"key":"Molten Egg 2"},{"floor":24,"key":"Pear"},{"floor":25,"key":"Dream Catcher"},{"floor":28,"key":"Self Forming Clay"},{"floor":30,"key":"Unceasing Top"},{"floor":30,"key":"Matryoshka"},{"floor":31,"key":"Girya"},{"floor":41,"key":"Magic Flower"},{"floor":44,"key":"Letter Opener"},{"floor":46,"key":"Bottled Lightning"}],"event_choices":[{"damage_healed":0,"gold_gain":0,"player_choice":"Success","damage_taken":5,"relics_obtained":["Shuriken"],"max_hp_gain":0,"max_hp_loss":0,"event_name":"Scrap Ooze","floor":2,"gold_loss":0},{"cards_removed":["Strike_R"],"damage_healed":0,"gold_gain":0,"player_choice":"Forget","damage_taken":0,"max_hp_gain":0,"max_hp_loss":0,"event_name":"Living Wall","floor":3,"gold_loss":0},{"damage_healed":0,"gold_gain":0,"player_choice":"Fought Mushrooms","damage_taken":0,"max_hp_gain":0,"max_hp_loss":0,"event_name":"Mushrooms","floor":11,"gold_loss":0},{"damage_healed":0,"gold_gain":0,"player_choice":"Entered Light","damage_taken":23,"max_hp_gain":0,"max_hp_loss":0,"event_name":"Shining Light","floor":13,"gold_loss":0,"cards_upgraded":["Disarm","Strike_R"]},{"damage_healed":0,"gold_gain":50,"player_choice":"Pray","damage_taken":0,"max_hp_gain":0,"max_hp_loss":0,"event_name":"Golden Shrine","floor":14,"gold_loss":0},{"damage_healed":0,"gold_gain":0,"player_choice":"Fight","damage_taken":0,"max_hp_gain":0,"max_hp_loss":0,"event_name":"Colosseum","floor":30,"gold_loss":0},{"damage_healed":0,"gold_gain":0,"player_choice":"Fought Nobs","damage_taken":0,"max_hp_gain":0,"max_hp_loss":0,"event_name":"Colosseum","floor":30,"gold_loss":0},{"damage_healed":25,"gold_gain":0,"player_choice":"Writhe","damage_taken":0,"max_hp_gain":0,"max_hp_loss":0,"event_name":"Winding Halls","floor":48,"gold_loss":0,"cards_obtained":["Writhe"]}],"is_beta":false,"boss_relics":[{"not_picked":["Black Star","Runic Cube"],"picked":"Velvet Choker"},{"not_picked":["Lizard Tail","Calling Bell"],"picked":"Cursed Key"}],"items_purged_floors":[4,22,38],"is_endless":false,"potions_floor_spawned":[1,7,11,16,19,20,24,29,33,37,41,46],"killed_by":"Awakened One","ascension_level":20}