{"gold_per_floor":[118,136,186,4,17,50,50,78,149,180,180,180,199,223,223,321,321,346,13,13,34,49,49,87,87,87,102,145,145,166,192,192,286,286,300,280,299,55,5,5,49,49,118,118,118,118,149,168,168,168,168,168,168,1,32,32],"floor_reached":57,"playtime":4059,"items_purged":["Strike_B+1","Strike_B+1","Rebound"],"score":3032,"play_id":"f6257c9f-2fa7-435a-939d-e849f630a1b9","local_time":"20190118193142","is_ascension_mode":true,"campfire_choices":[{"floor":7,"key":"REST"},{"floor":12,"key":"REST"},{"data":"Defragment","floor":15,"key":"SMITH"},{"floor":23,"key":"DIG"},{"floor":25,"key":"DIG"},{"floor":32,"key":"DIG"},{"floor":40,"key":"DIG"},{"floor":44,"key":"DIG"},{"floor":46,"key":"RECALL"},{"floor":49,"key":"DIG"},{"floor":53,"key":"DIG"}],"neow_cost":"NONE","seed_source_timestamp":19345732364759,"circlet_count":0,"master_deck":["AscendersBane","Defend_B+1","Defend_B+1","Defend_B+1","Defend_B+1","Zap+1","Dualcast+1","Defragment+1","Glacier","Doom and Gloom","Cold Snap","Loop","Defragment","Compile Driver","Capacitor","Echo Form","BootSequence","Coolheaded+1","Undo","Coolheaded+1","Core Surge","Defragment","Sweeping Beam+1","Apotheosis+1","Coolheaded+1","Blind","Fission+1","Master of Strategy+1"],"relics":["FrozenCore","Bird Faced Urn","Pen Nib","Shovel","Golden Idol","Fusion Hammer","Membership Card","Oddly Smooth Stone","DataDisk","Letter Opener","Pear","The Courier","Singing Bowl","Vajra","Incense Burner","Art of War","Ancient Tea Set","Pocketwatch","Bag of Marbles","Toxic Egg 2","Bottled Lightning","Gremlin Horn","War Paint","Ornamental Fan","Centennial Puzzle"],"potions_floor_usage":[8,10,18,24,28,28,56,56],"damage_taken":[{"damage":7,"enemies":"Small Slimes","floor":1,"turns":3},{"damage":1,"enemies":"Cultist","floor":2,"turns":3},{"damage":0,"enemies":"Jaw Worm","floor":5,"turns":4},{"damage":20,"enemies":"3 Sentries","floor":6,"turns":10},{"damage":31,"enemies":"Gremlin Nob","floor":8,"turns":4},{"damage":1,"enemies":"3 Sentries","floor":10,"turns":9},{"damage":1,"enemies":"Exordium Wildlife","floor":13,"turns":4},{"damage":3,"enemies":"Blue Slaver","floor":14,"turns":5},{"damage":0,"enemies":"The Guardian","floor":16,"turns":12},{"damage":0,"enemies":"Spheric Guardian","floor":18,"turns":5},{"damage":0,"enemies":"Chosen","floor":21,"turns":5},{"damage":19,"enemies":"Snake Plant","floor":22,"turns":4},{"damage":0,"enemies":"Gremlin Leader","floor":24,"turns":6},{"damage":0,"enemies":"Centurion and Healer","floor":27,"turns":8},{"damage":10,"enemies":"Book of Stabbing","floor":28,"turns":5},{"damage":2,"enemies":"Shelled Parasite and Fungi","floor":30,"turns":5},{"damage":0,"enemies":"Champ","floor":33,"turns":9},{"damage":15,"enemies":"3 Darklings","floor":35,"turns":7},{"damage":0,"enemies":"Orb Walker","floor":37,"turns":4},{"damage":4,"enemies":"Nemesis","floor":41,"turns":9},{"damage":0,"enemies":"Reptomancer","floor":47,"turns":7},{"damage":9,"enemies":"4 Shapes","floor":48,"turns":4},{"damage":1,"enemies":"Awakened One","floor":50,"turns":15},{"damage":10,"enemies":"Time Eater","floor":51,"turns":14},{"damage":19,"enemies":"Shield and Spear","floor":55,"turns":11},{"damage":46,"enemies":"The Heart","floor":56,"turns":10}],"seed_played":"7133162981584856272","potions_obtained":[{"floor":2,"key":"GamblersBrew"},{"floor":5,"key":"Dexterity Potion"},{"floor":8,"key":"GamblersBrew"},{"floor":13,"key":"LiquidBronze"},{"floor":22,"key":"Explosive Potion"},{"floor":27,"key":"AttackPotion"},{"floor":30,"key":"Fire Potion"},{"floor":36,"key":"Dexterity Potion"},{"floor":41,"key":"PowerPotion"}],"is_trial":false,"path_per_floor":["M","M","?","$","M","E","R","E","T","E","?","R","M","M","R","B",null,"M","$","?","M","M","R","E","R","T","M","E","?","M","T","R","B",null,"M","?","M","$","$","R","E","?","T","R","?","R","E","M","R","B","B",null,"R","$","E","B",null],"character_chosen":"DEFECT","items_purchased":["Defragment","Poison Potion","Glacier","Membership Card","Capacitor","Oddly Smooth Stone","Apotheosis","Art of War","Ancient Tea Set","Master of Strategy+1","FocusPotion"],"campfire_rested":2,"item_purchase_floors":[4,4,4,19,19,19,38,38,38,54,54],"current_hp_per_floor":[57,56,49,49,49,29,50,21,21,22,22,41,44,47,47,53,61,64,64,64,64,51,51,59,69,69,74,64,64,76,76,76,76,76,71,71,76,76,76,76,76,70,70,70,70,70,78,78,78,78,78,78,78,78,71,43],"gold":32,"neow_bonus":"UPGRADE_CARD","is_prod":false,"is_daily":false,"chose_seed":false,"campfire_upgraded":1,"win_rate":0,"timestamp":1547836302,"path_taken":["M","M","?","$","?","E","R","E","T","E","?","R","M","M","R","BOSS","M","$","?","M","M","R","E","R","T","M","E","?","M","?","R","BOSS","M","?","M","?","$","R","E","?","T","R","?","R","E","M","R","BOSS","BOSS","R","$","E","BOSS"],"build_version":"2019-01-17v2","purchased_purges":3,"victory":true,"max_hp_per_floor":[71,71,71,71,71,71,71,71,71,71,64,64,64,64,64,64,64,64,64,64,64,64,64,64,74,74,74,74,74,76,76,76,76,76,76,76,76,76,76,76,76,80,80,80,76,76,78,78,78,78,78,78,78,78,80,80],"card_choices":[{"not_picked":["Barrage","Steam","Heatsinks"],"picked":"SKIP","floor":1},{"not_picked":["Leap","Coolheaded"],"picked":"Rebound","floor":2},{"not_picked":["Double Energy","Stack","Steam Power"],"picked":"SKIP","floor":5},{"not_picked":["Steam","Sweeping Beam"],"picked":"Doom and Gloom","floor":6},{"not_picked":["Skim","Turbo"],"picked":"Cold Snap","floor":8},{"not_picked":["Steam","Rip and Tear"],"picked":"Loop","floor":10},{"not_picked":["Ball Lightning","Steam"],"picked":"Defragment","floor":13},{"not_picked":["Beam Cell","Thunder Strike","Chaos"],"picked":"SKIP","floor":14},{"not_picked":["Go for the Eyes","Ball Lightning"],"picked":"Compile Driver","floor":18},{"not_picked":["Beam Cell+1","Gash","Go for the Eyes"],"picked":"SKIP","floor":21},{"not_picked":["Storm","Turbo"],"picked":"Coolheaded+1","floor":22},{"not_picked":["Rebound","FTL","Gash+1"],"picked":"SKIP","floor":24},{"not_picked":["Cold Snap","Stack"],"picked":"Undo","floor":27},{"not_picked":["Seek","Sweeping Beam"],"picked":"Coolheaded+1","floor":28},{"not_picked":["Stack+1","Sunder","Skim"],"picked":"Singing Bowl","floor":30},{"not_picked":["Fission","Multi-Cast"],"picked":"Core Surge","floor":33},{"not_picked":["Ball Lightning+1","Compile Driver"],"picked":"Defragment","floor":35},{"not_picked":["Beam Cell+1","Lockon"],"picked":"Sweeping Beam+1","floor":37},{"not_picked":["FTL","Streamline"],"picked":"Coolheaded+1","floor":41},{"not_picked":["PanicButton","Purity","Swift Strike"],"picked":"Singing Bowl","floor":42},{"not_picked":["Purity","Jack Of All Trades","Trip"],"picked":"Singing Bowl","floor":42},{"not_picked":["Dramatic Entrance","Jack Of All Trades"],"picked":"Blind","floor":42},{"not_picked":["BootSequence+1","Loop","Leap+1"],"picked":"Singing Bowl","floor":47},{"not_picked":["Leap+1","Ball Lightning"],"picked":"Fission+1","floor":48},{"not_picked":["Rainbow+1","Hello World","Static Discharge+1"],"picked":"Singing Bowl","floor":55}],"player_experience":756347,"relics_obtained":[{"floor":6,"key":"Bird Faced Urn"},{"floor":8,"key":"Pen Nib"},{"floor":10,"key":"Shovel"},{"floor":23,"key":"DataDisk"},{"floor":24,"key":"Letter Opener"},{"floor":25,"key":"Pear"},{"floor":26,"key":"The Courier"},{"floor":28,"key":"Singing Bowl"},{"floor":31,"key":"Vajra"},{"floor":32,"key":"Incense Burner"},{"floor":40,"key":"Pocketwatch"},{"floor":41,"key":"Bag of Marbles"},{"floor":43,"key":"Toxic Egg 2"},{"floor":44,"key":"Bottled Lightning"},{"floor":47,"key":"Gremlin Horn"},{"floor":49,"key":"War Paint"},{"floor":53,"key":"Ornamental Fan"},{"floor":55,"key":"Centennial Puzzle"}],"event_choices":[{"damage_healed":0,"gold_gain":50,"player_choice":"Touch","damage_taken":7,"max_hp_gain":0,"max_hp_loss":0,"event_name":"FaceTrader","floor":3,"gold_loss":0},{"damage_healed":0,"gold_gain":0,"player_choice":"Lose Max HP","damage_taken":0,"relics_obtained":["Golden Idol"],"max_hp_gain":0,"max_hp_loss":7,"event_name":"Golden Idol","floor":11,"gold_loss":0},{"damage_healed":0,"gold_gain":0,"cards_transformed":["Strike_B","Strike_B"],"player_choice":"Became Test Subject","damage_taken":0,"max_hp_gain":0,"max_hp_loss":0,"event_name":"Drug Dealer","floor":20,"gold_loss":0,"cards_obtained":["Echo Form","BootSequence"]},{"damage_healed":0,"gold_gain":0,"player_choice":"Simplicity","damage_taken":0,"max_hp_gain":0,"max_hp_loss":0,"event_name":"Back to Basics","floor":29,"gold_loss":0,"cards_upgraded":["Strike_B","Strike_B","Defend_B","Defend_B","Defend_B","Defend_B"]},{"damage_healed":0,"gold_gain":0,"player_choice":"Bought 1 Potion","damage_taken":0,"max_hp_gain":0,"max_hp_loss":0,"event_name":"The Woman in Blue","floor":36,"gold_loss":0},{"damage_healed":0,"gold_gain":0,"player_choice":"Memory 3","damage_taken":10,"max_hp_gain":0,"max_hp_loss":0,"event_name":"SensoryStone","floor":42,"gold_loss":0},{"damage_healed":0,"gold_gain":0,"player_choice":"Max HP","damage_taken":0,"max_hp_gain":0,"max_hp_loss":4,"event_name":"Winding Halls","floor":45,"gold_loss":0}],"is_beta":false,"boss_relics":[{"not_picked":["Calling Bell","Pandora\u0027s Box"],"picked":"Fusion Hammer"},{"not_picked":["Philosopher\u0027s Stone","Nuclear Battery"],"picked":"FrozenCore"}],"items_purged_floors":[38,39,54],"is_endless":false,"potions_floor_spawned":[2,5,6,8,13,22,27,30,41,48],"ascension_level":20}