{"gold_per_floor":[212,177,277,289,20,20,30,55,55,90,107,142,12,12,12,85,85,101,151,124,124,143,143,174,187,187,220,240,240,259,22,22,99,99,110,110,110,130,142,172,190,190,190,225,236,236,263,274,274,274,274,274,274,7,36,36],"floor_reached":56,"playtime":3891,"items_purged":["Strike_B","Strike_B"],"score":2119,"play_id":"ee90d0c5-e16d-4cec-8bbe-4414f9fe7373","local_time":"20190617203303","is_ascension_mode":true,"campfire_choices":[{"data":"Zap","floor":6,"key":"SMITH"},{"data":"Loop","floor":15,"key":"SMITH"},{"data":"Biased Cognition","floor":23,"key":"SMITH"},{"floor":29,"key":"REST"},{"data":"Coolheaded","floor":32,"key":"SMITH"},{"data":"Electrodynamics","floor":42,"key":"SMITH"},{"floor":46,"key":"RECALL"},{"floor":49,"key":"REST"},{"data":"Coolheaded","floor":53,"key":"SMITH"}],"neow_cost":"NONE","seed_source_timestamp":24736189629128,"circlet_count":0,"master_deck":["AscendersBane","Strike_B","Strike_B","Defend_B","Defend_B","Defend_B","Defend_B","Zap+1","Dualcast","Gash","Ball Lightning","Loop+1","Conserve Battery","Glacier","Gash","White Noise","Biased Cognition+1","BootSequence","Glacier","Genetic Algorithm","Glacier","Coolheaded+1","Coolheaded+1","Electrodynamics+1","Heatsinks+1","Chill+1","Go for the Eyes+1","Coolheaded+1"],"relics":["Cracked Core","ClockworkSouvenir","Gambling Chip","Dead Branch","Boot","Inserter","StoneCalendar","Bag of Preparation","Orichalcum","Sozu","Pen Nib","Emotion Chip","Darkstone Periapt","Bottled Tornado","Anchor"],"potions_floor_usage":[12,16,27,27,30,33,45,56],"damage_taken":[{"damage":14,"enemies":"Jaw Worm","floor":1,"turns":4},{"damage":1,"enemies":"Cultist","floor":4,"turns":4},{"damage":0,"enemies":"2 Louse","floor":7,"turns":3},{"damage":25,"enemies":"Lagavulin","floor":8,"turns":6},{"damage":23,"enemies":"3 Sentries","floor":10,"turns":6},{"damage":0,"enemies":"Looter","floor":11,"turns":4},{"damage":0,"enemies":"Lagavulin","floor":12,"turns":5},{"damage":7,"enemies":"Hexaghost","floor":16,"turns":6},{"damage":5,"enemies":"Shell Parasite","floor":18,"turns":4},{"damage":13,"enemies":"2 Thieves","floor":20,"turns":5},{"damage":0,"enemies":"Shelled Parasite and Fungi","floor":22,"turns":6},{"damage":7,"enemies":"Book of Stabbing","floor":24,"turns":6},{"damage":0,"enemies":"Snecko","floor":25,"turns":7},{"damage":19,"enemies":"Gremlin Leader","floor":27,"turns":7},{"damage":0,"enemies":"Chosen and Byrds","floor":28,"turns":5},{"damage":0,"enemies":"Centurion and Healer","floor":30,"turns":7},{"damage":26,"enemies":"Collector","floor":33,"turns":13},{"damage":0,"enemies":"3 Darklings","floor":35,"turns":2},{"damage":0,"enemies":"3 Shapes","floor":38,"turns":2},{"damage":1,"enemies":"Transient","floor":39,"turns":6},{"damage":10,"enemies":"Nemesis","floor":40,"turns":7},{"damage":0,"enemies":"4 Shapes","floor":41,"turns":3},{"damage":0,"enemies":"Reptomancer","floor":44,"turns":7},{"damage":0,"enemies":"Writhing Mass","floor":45,"turns":5},{"damage":0,"enemies":"Nemesis","floor":47,"turns":7},{"damage":12,"enemies":"Spire Growth","floor":48,"turns":4},{"damage":2,"enemies":"Donu and Deca","floor":50,"turns":6},{"damage":9,"enemies":"Time Eater","floor":51,"turns":11},{"damage":8,"enemies":"Shield and Spear","floor":55,"turns":8},{"damage":69,"enemies":"The Heart","floor":56,"turns":12}],"seed_played":"6178546834925865439","potions_obtained":[{"floor":8,"key":"FearPotion"},{"floor":16,"key":"Weak Potion"},{"floor":22,"key":"SteroidPotion"},{"floor":24,"key":"SpeedPotion"},{"floor":27,"key":"Swift Potion"},{"floor":28,"key":"Explosive Potion"},{"floor":33,"key":"Weak Potion"}],"is_trial":false,"path_per_floor":["M","?","?","M","$","R","M","E","T","E","M","E","$","?","R","B",null,"M","?","M","?","M","R","E","M","T","E","M","R","M","$","R","B",null,"M","$","?","M","M","E","M","R","T","E","M","R","E","M","R","B","B",null,"R","$","E","B"],"character_chosen":"DEFECT","items_purchased":["Ball Lightning","ClockworkSouvenir","Poison Potion","Coolheaded","Regen Potion","Bottled Tornado"],"campfire_rested":2,"item_purchase_floors":[5,5,13,31,31,54],"current_hp_per_floor":[50,67,67,66,66,66,66,41,41,18,18,18,18,23,23,16,61,56,56,43,43,43,43,36,36,36,17,17,39,39,39,39,28,64,64,64,64,64,63,53,53,53,53,53,53,53,53,41,63,61,52,70,70,70,62,0],"gold":36,"neow_bonus":"HUNDRED_GOLD","is_prod":false,"is_daily":false,"chose_seed":false,"campfire_upgraded":6,"win_rate":0,"timestamp":1560796383,"path_taken":["M","?","?","M","$","R","?","E","T","E","M","E","$","?","R","BOSS","M","?","M","?","M","R","E","?","T","E","M","R","M","$","R","BOSS","M","$","?","M","M","E","M","R","T","E","M","R","E","M","R","BOSS","BOSS","R","$","E","BOSS"],"build_version":"2019-01-23","purchased_purges":2,"victory":false,"max_hp_per_floor":[71,71,71,71,71,71,71,71,71,71,71,71,71,76,76,76,76,76,76,76,76,76,76,76,76,76,76,76,76,76,76,76,76,76,76,76,76,76,76,76,76,76,76,76,76,76,76,76,76,76,76,76,76,76,76,76],"card_choices":[{"not_picked":["Heatsinks","Turbo"],"picked":"Gash","floor":1},{"not_picked":["Lockon","Streamline","Sunder"],"picked":"SKIP","floor":4},{"not_picked":["Storm","Chaos"],"picked":"Loop","floor":7},{"not_picked":["Heatsinks","Storm"],"picked":"Conserve Battery","floor":8},{"not_picked":["Stack","Loop"],"picked":"Glacier","floor":10},{"not_picked":["Beam Cell","Self Repair"],"picked":"Gash","floor":11},{"not_picked":["Fusion","Sweeping Beam"],"picked":"White Noise","floor":12},{"not_picked":["Electrodynamics","Rainbow"],"picked":"Biased Cognition","floor":16},{"not_picked":["Go for the Eyes","Turbo","Streamline"],"picked":"SKIP","floor":18},{"not_picked":["Scrape","Sweeping Beam"],"picked":"BootSequence","floor":20},{"not_picked":["Barrage+1","Skim"],"picked":"Genetic Algorithm","floor":22},{"not_picked":["Lockon","Steam Power"],"picked":"Glacier","floor":24},{"not_picked":["Aggregate","BootSequence","Ball Lightning"],"picked":"SKIP","floor":25},{"not_picked":["Go for the Eyes","Steam","Machine Learning"],"picked":"SKIP","floor":27},{"not_picked":["Steam","FTL","Go for the Eyes"],"picked":"SKIP","floor":28},{"not_picked":["Rebound+1","Hologram"],"picked":"Coolheaded","floor":30},{"not_picked":["Buffer","Meteor Strike"],"picked":"Electrodynamics","floor":33},{"not_picked":["Leap","Compile Driver+1"],"picked":"Heatsinks+1","floor":35},{"not_picked":["Rebound+1","Sunder","Skim"],"picked":"SKIP","floor":38},{"not_picked":["Electrodynamics","Sweeping Beam","Sunder"],"picked":"SKIP","floor":39},{"not_picked":["Stack","Aggregate"],"picked":"Chill+1","floor":40},{"not_picked":["Lockon","Steam","Conserve Battery"],"picked":"SKIP","floor":41},{"not_picked":["Genetic Algorithm","Beam Cell+1"],"picked":"Go for the Eyes+1","floor":44},{"not_picked":["Cold Snap+1","Turbo","Reprogram"],"picked":"SKIP","floor":45},{"not_picked":["Cold Snap+1","Turbo","Reprogram"],"picked":"SKIP","floor":45},{"not_picked":["Stack","Rebound"],"picked":"Coolheaded+1","floor":47},{"not_picked":["Redo","Lockon+1","Reinforced Body"],"picked":"SKIP","floor":48},{"not_picked":["Streamline+1","Conserve Battery+1","Sweeping Beam+1"],"picked":"SKIP","floor":55}],"player_experience":1392786,"relics_obtained":[{"floor":8,"key":"Gambling Chip"},{"floor":10,"key":"Dead Branch"},{"floor":12,"key":"Boot"},{"floor":24,"key":"StoneCalendar"},{"floor":26,"key":"Bag of Preparation"},{"floor":27,"key":"Orichalcum"},{"floor":40,"key":"Pen Nib"},{"floor":44,"key":"Emotion Chip"},{"floor":47,"key":"Darkstone Periapt"},{"floor":55,"key":"Anchor"}],"event_choices":[{"damage_healed":17,"gold_gain":0,"player_choice":"Healed","damage_taken":0,"max_hp_gain":0,"max_hp_loss":0,"event_name":"The Cleric","floor":2,"gold_loss":35},{"damage_healed":0,"gold_gain":100,"player_choice":"Gold","damage_taken":0,"max_hp_gain":0,"max_hp_loss":0,"event_name":"Wheel of Change","floor":3,"gold_loss":0},{"damage_healed":0,"gold_gain":0,"player_choice":"Donut","damage_taken":0,"max_hp_gain":5,"max_hp_loss":0,"event_name":"Big Fish","floor":14,"gold_loss":0},{"damage_healed":0,"gold_gain":50,"player_choice":"Stole From Cult","damage_taken":0,"max_hp_gain":0,"max_hp_loss":0,"event_name":"Nest","floor":19,"gold_loss":0},{"damage_healed":0,"gold_gain":0,"player_choice":"Copied","damage_taken":0,"max_hp_gain":0,"max_hp_loss":0,"event_name":"Duplicator","floor":21,"gold_loss":0,"cards_obtained":["Glacier"]},{"damage_healed":0,"gold_gain":0,"player_choice":"Ignored","damage_taken":0,"max_hp_gain":0,"max_hp_loss":0,"event_name":"Tomb of Lord Red Mask","floor":37,"gold_loss":0}],"is_beta":false,"boss_relics":[{"not_picked":["Calling Bell","Lizard Tail"],"picked":"Inserter"},{"not_picked":["FrozenCore","Black Star"],"picked":"Sozu"}],"items_purged_floors":[13,31],"is_endless":false,"potions_floor_spawned":[8,16,22,24,27,28,33,35,39,44,55],"killed_by":"The Heart","ascension_level":20}