{"gold_per_floor":[110,110,120,120,140,171,171,204,228,263,275],"floor_reached":11,"playtime":305,"items_purged":[],"score":182,"play_id":"bf7b9269-294f-4a34-8ad0-20c77a2a9f6c","local_time":"20190214233840","is_ascension_mode":true,"campfire_choices":[{"data":"Zap","floor":7,"key":"SMITH"}],"neow_cost":"NONE","seed_source_timestamp":41486533028341,"circlet_count":0,"master_deck":["AscendersBane","Strike_B","Strike_B","Strike_B","Strike_B","Defend_B","Defend_B","Defend_B","Defend_B","Zap+1","Dualcast","Gash","Gash","Doom and Gloom","FTL"],"relics":["Cracked Core","NeowsBlessing","NlothsMask","Anchor","Ancient Tea Set","MawBank"],"potions_floor_usage":[4,6,6,10],"damage_taken":[{"damage":0,"enemies":"2 Louse","floor":1,"turns":1},{"damage":0,"enemies":"Cultist","floor":3,"turns":1},{"damage":0,"enemies":"Jaw Worm","floor":5,"turns":1},{"damage":11,"enemies":"Gremlin Nob","floor":6,"turns":3},{"damage":25,"enemies":"Lagavulin","floor":8,"turns":6},{"damage":31,"enemies":"Gremlin Nob","floor":10,"turns":4},{"damage":20,"enemies":"Gremlin Gang","floor":11,"turns":3}],"seed_played":"6317831080418843084","potions_obtained":[{"floor":1,"key":"AttackPotion"},{"floor":4,"key":"Fruit Juice"},{"floor":4,"key":"Explosive Potion"},{"floor":6,"key":"SneckoOil"},{"floor":10,"key":"Energy Potion"}],"is_trial":false,"path_per_floor":["M","?","M","?","M","E","R","E","T","E","M"],"character_chosen":"DEFECT","items_purchased":[],"campfire_rested":0,"item_purchase_floors":[],"current_hp_per_floor":[64,64,64,69,69,58,58,33,33,2,0],"gold":275,"neow_bonus":"THREE_ENEMY_KILL","is_prod":false,"is_daily":false,"chose_seed":false,"campfire_upgraded":1,"win_rate":0,"timestamp":1550183920,"path_taken":["M","?","?","?","M","E","R","E","T","E","?"],"build_version":"2019-01-23","purchased_purges":0,"victory":false,"max_hp_per_floor":[71,71,71,76,76,76,76,76,76,76,76],"card_choices":[{"not_picked":["Redo","Consume"],"picked":"Gash","floor":1},{"not_picked":["Recycle","Hologram"],"picked":"Gash","floor":3},{"not_picked":["Beam Cell","Capacitor","Steam"],"picked":"SKIP","floor":5},{"not_picked":["Creative AI","Go for the Eyes"],"picked":"Doom and Gloom","floor":6},{"not_picked":["Redo","Multi-Cast"],"picked":"FTL","floor":8},{"not_picked":["Loop","Sweeping Beam","Go for the Eyes"],"picked":"SKIP","floor":10}],"player_experience":972177,"relics_obtained":[{"floor":6,"key":"Anchor"},{"floor":8,"key":"Ancient Tea Set"},{"floor":10,"key":"MawBank"}],"event_choices":[{"damage_healed":0,"gold_gain":0,"player_choice":"Trade","damage_taken":0,"relics_obtained":["NlothsMask"],"max_hp_gain":0,"max_hp_loss":0,"event_name":"FaceTrader","floor":2,"gold_loss":0},{"damage_healed":0,"gold_gain":0,"player_choice":"Got Potions","damage_taken":0,"max_hp_gain":0,"max_hp_loss":0,"event_name":"Lab","floor":4,"gold_loss":0}],"is_beta":false,"boss_relics":[],"items_purged_floors":[],"is_endless":false,"potions_floor_spawned":[1,5,6,10],"killed_by":"Gremlin Gang","ascension_level":20}