{"gold_per_floor":[112,112,112,127,31,31,61,61,61,71,87,113,129,39,39,114,114,89,14,26,44,69,69,96,96],"floor_reached":25,"playtime":1403,"items_purged":[],"score":486,"play_id":"6ad7effe-53e3-45fb-95a3-88497d6bdf9f","local_time":"20190612195850","is_ascension_mode":true,"campfire_choices":[{"data":"Bash","floor":6,"key":"SMITH"},{"data":"Metallicize","floor":8,"key":"SMITH"},{"floor":15,"key":"REST"},{"floor":23,"key":"REST"}],"neow_cost":"NONE","seed_source_timestamp":2203493030651076,"circlet_count":0,"master_deck":["AscendersBane","Strike_R","Strike_R","Strike_R","Strike_R","Strike_R","Defend_R","Defend_R","Defend_R","Defend_R","Bash+1","Perfected Strike+1","Metallicize+1","Good Instincts","Metallicize","Spot Weakness","Perfected Strike","Wild Strike","Inflame","Pommel Strike","Infernal Blade+1","Body Slam+1"],"relics":["Burning Blood","NeowsBlessing","Ancient Tea Set","Dodecahedron","Question Card","The Courier","Runic Pyramid","Red Mask","Letter Opener"],"potions_floor_usage":[11,12,13,21,21,24,25],"damage_taken":[{"damage":0,"enemies":"Cultist","floor":1,"turns":1},{"damage":0,"enemies":"Jaw Worm","floor":4,"turns":1},{"damage":0,"enemies":"3 Sentries","floor":7,"turns":1},{"damage":0,"enemies":"2 Louse","floor":10,"turns":3},{"damage":0,"enemies":"Blue Slaver","floor":11,"turns":2},{"damage":11,"enemies":"Lagavulin","floor":12,"turns":5},{"damage":9,"enemies":"Exordium Wildlife","floor":13,"turns":4},{"damage":37,"enemies":"The Guardian","floor":16,"turns":11},{"damage":15,"enemies":"2 Thieves","floor":18,"turns":4},{"damage":10,"enemies":"Spheric Guardian","floor":20,"turns":5},{"damage":0,"enemies":"Cultist and Chosen","floor":21,"turns":4},{"damage":47,"enemies":"Masked Bandits","floor":22,"turns":5},{"damage":25,"enemies":"Slavers","floor":24,"turns":5},{"damage":22,"enemies":"Sentry and Sphere","floor":25,"turns":4}],"seed_played":"-5839812788172894004","potions_obtained":[{"floor":4,"key":"SpeedPotion"},{"floor":10,"key":"Strength Potion"},{"floor":12,"key":"SkillPotion"},{"floor":16,"key":"GamblersBrew"},{"floor":20,"key":"SkillPotion"},{"floor":22,"key":"Strength Potion"},{"floor":24,"key":"Ancient Potion"}],"is_trial":false,"path_per_floor":["M","?","T","M","$","R","E","R","T","M","M","E","M","$","R","B",null,"M","?","M","M","?","R","E","M"],"character_chosen":"IRONCLAD","items_purchased":["Good Instincts","Wild Strike","Inflame"],"campfire_rested":2,"item_purchase_floors":[5,14,14],"current_hp_per_floor":[74,74,74,75,75,75,75,75,75,75,75,70,67,67,75,44,67,58,58,54,60,19,41,22,0],"gold":96,"neow_bonus":"THREE_ENEMY_KILL","is_prod":false,"is_daily":false,"chose_seed":false,"campfire_upgraded":2,"win_rate":0,"timestamp":1560380330,"path_taken":["M","?","?","?","$","R","E","R","T","M","M","E","M","$","R","BOSS","M","?","M","M","?","R","E","M"],"build_version":"2019-01-23","purchased_purges":0,"victory":false,"max_hp_per_floor":[75,75,75,75,75,75,75,75,75,75,75,75,75,75,75,75,75,75,75,75,75,75,75,75,75],"card_choices":[{"not_picked":["Wild Strike","Pommel Strike"],"picked":"Perfected Strike","floor":1},{"not_picked":["Wild Strike","Sword Boomerang"],"picked":"Metallicize","floor":4},{"not_picked":["Evolve","Feed"],"picked":"Metallicize","floor":7},{"not_picked":["Sword Boomerang","Flex","Armaments"],"picked":"Cleave","floor":10},{"not_picked":["Rampage","Fire Breathing","Havoc"],"picked":"Spot Weakness","floor":11},{"not_picked":["Twin Strike","Blood for Blood","Pommel Strike","True Grit"],"picked":"SKIP","floor":12},{"not_picked":["Cleave","Headbutt","Shrug It Off"],"picked":"Perfected Strike","floor":13},{"not_picked":["Headbutt","Anger","Iron Wave"],"picked":"Pommel Strike","floor":18},{"not_picked":["Anger","Warcry","Corruption"],"picked":"Infernal Blade+1","floor":20},{"not_picked":["Havoc","Combust","Infernal Blade","Clash"],"picked":"SKIP","floor":21},{"not_picked":["Flex","Intimidate","Shockwave"],"picked":"Body Slam+1","floor":24}],"player_experience":1013823,"relics_obtained":[{"floor":3,"key":"Ancient Tea Set"},{"floor":7,"key":"Dodecahedron"},{"floor":9,"key":"Question Card"},{"floor":12,"key":"The Courier"},{"floor":22,"key":"Red Mask"},{"floor":24,"key":"Letter Opener"}],"event_choices":[{"damage_healed":0,"gold_gain":0,"player_choice":"Grow","damage_taken":0,"max_hp_gain":0,"max_hp_loss":0,"event_name":"Living Wall","floor":2,"gold_loss":0,"cards_upgraded":["Perfected Strike"]},{"cards_removed":["Cleave"],"damage_healed":0,"gold_gain":0,"player_choice":"Gave Gold","damage_taken":0,"max_hp_gain":0,"max_hp_loss":0,"event_name":"Beggar","floor":19,"gold_loss":75},{"damage_healed":0,"gold_gain":0,"player_choice":"Fought Bandits","damage_taken":0,"max_hp_gain":0,"max_hp_loss":0,"event_name":"Masked Bandits","floor":22,"gold_loss":0}],"is_beta":false,"boss_relics":[{"not_picked":["Sozu","Runic Cube"],"picked":"Runic Pyramid"}],"items_purged_floors":[],"is_endless":false,"potions_floor_spawned":[4,10,12,16,20,22,24],"killed_by":"Sentry and Sphere","ascension_level":18}