{"gold_per_floor":[114,124,140,140,140,140,166,184,237,293,307,272,58,58,58,161,161,174,187,201,215,233,233,259,259,259,272,287,287],"floor_reached":29,"playtime":1878,"items_purged":["Defend_R"],"score":299,"play_id":"4b7ce4ae-47e4-4afb-a874-c30189518157","local_time":"20190328110420","is_ascension_mode":false,"campfire_choices":[{"data":"Entrench","floor":6,"key":"SMITH"},{"data":"Rampage","floor":15,"key":"SMITH"},{"floor":23,"key":"REST"},{"floor":25,"key":"REST"}],"neow_cost":"TEN_PERCENT_HP_LOSS","seed_source_timestamp":347864199522133,"circlet_count":0,"master_deck":["Strike_R","Strike_R","Strike_R","Defend_R","Defend_R","Defend_R","Bash","Feed","Iron Wave","Shrug It Off","Entrench+1","Disarm","Rampage+1","Double Tap","Clothesline+1","Wild Strike+1","Flex+1","Body Slam+1"],"relics":["Burning Blood","The Courier","Bag of Marbles","Strawberry","Lee\u0027s Waffle","Empty Cage","Boot","Frozen Egg 2"],"potions_floor_usage":[7,14,16,19,19,20,20,22,24,27],"damage_taken":[{"damage":1,"enemies":"2 Louse","floor":1,"turns":3},{"damage":6,"enemies":"Jaw Worm","floor":2,"turns":4},{"damage":0,"enemies":"Small Slimes","floor":3,"turns":5},{"damage":54,"enemies":"Lagavulin","floor":7,"turns":12},{"damage":3,"enemies":"3 Louse","floor":8,"turns":4},{"damage":23,"enemies":"Gremlin Nob","floor":10,"turns":6},{"damage":28,"enemies":"Large Slime","floor":11,"turns":10},{"damage":7,"enemies":"The Guardian","floor":16,"turns":11},{"damage":40,"enemies":"3 Byrds","floor":18,"turns":8},{"damage":38,"enemies":"Spheric Guardian","floor":19,"turns":6},{"damage":32,"enemies":"Centurion and Healer","floor":20,"turns":7},{"damage":24,"enemies":"Snecko","floor":21,"turns":6},{"damage":21,"enemies":"Cultist and Chosen","floor":22,"turns":9},{"damage":51,"enemies":"Slavers","floor":24,"turns":7},{"damage":19,"enemies":"Centurion and Healer","floor":27,"turns":6},{"damage":12,"enemies":"3 Cultists","floor":28,"turns":6},{"damage":35,"enemies":"Colosseum Slavers","floor":29,"turns":3}],"seed_played":"5188514433731505960","potions_obtained":[{"floor":2,"key":"BloodPotion"},{"floor":3,"key":"Energy Potion"},{"floor":11,"key":"SkillPotion"},{"floor":14,"key":"Fruit Juice"},{"floor":14,"key":"EntropicBrew"},{"floor":14,"key":"Regen Potion"},{"floor":20,"key":"Ancient Potion"},{"floor":22,"key":"SkillPotion"},{"floor":24,"key":"Weak Potion"}],"is_trial":false,"path_per_floor":["M","M","M","?","?","R","E","M","T","?","M","?","$","?","R","B",null,"M","M","M","M","M","R","E","R","T","M","M","?"],"character_chosen":"IRONCLAD","items_purchased":["Lee\u0027s Waffle"],"campfire_rested":2,"item_purchase_floors":[13],"current_hp_per_floor":[75,78,81,81,86,86,41,47,47,37,18,43,109,114,114,113,114,83,69,46,31,16,53,11,49,49,36,33,0],"gold":287,"neow_bonus":"THREE_RARE_CARDS","is_prod":false,"is_daily":false,"chose_seed":false,"campfire_upgraded":2,"win_rate":0,"timestamp":1553781860,"path_taken":["M","M","M","?","?","R","E","M","T","?","M","?","$","?","R","BOSS","M","M","M","M","?","R","E","R","T","M","M","?"],"build_version":"2019-01-23","purchased_purges":1,"victory":false,"max_hp_per_floor":[75,78,81,81,86,86,89,92,92,99,102,102,109,114,114,114,114,117,120,123,126,126,126,129,129,129,129,132,132],"card_choices":[{"not_picked":["Exhume","Offering"],"picked":"Feed","floor":0},{"not_picked":["Pommel Strike","Wild Strike"],"picked":"Iron Wave","floor":1},{"not_picked":["Clash","Bloodletting"],"picked":"Shrug It Off","floor":2},{"not_picked":["Heavy Blade","Dual Wield"],"picked":"Entrench","floor":3},{"not_picked":["Armaments","Perfected Strike"],"picked":"Disarm","floor":7},{"not_picked":["Sentinel","Power Through","Blood for Blood"],"picked":"SKIP","floor":8},{"not_picked":["Blood for Blood","Shrug It Off"],"picked":"Rampage","floor":11},{"not_picked":["Reaper","Bludgeon"],"picked":"Double Tap","floor":16},{"not_picked":["Flex+1","Perfected Strike"],"picked":"Clothesline+1","floor":18},{"not_picked":["Iron Wave","Anger","Armaments+1"],"picked":"SKIP","floor":19},{"not_picked":["Pommel Strike","Infernal Blade"],"picked":"Wild Strike+1","floor":20},{"not_picked":["Thunderclap","Pummel","Body Slam"],"picked":"SKIP","floor":21},{"not_picked":["Wild Strike","Carnage"],"picked":"Flex+1","floor":22},{"not_picked":["Limit Break","Heavy Blade"],"picked":"Body Slam+1","floor":24},{"not_picked":["Heavy Blade","Clothesline","Warcry"],"picked":"SKIP","floor":27},{"not_picked":["Iron Wave","Rupture+1","Perfected Strike"],"picked":"SKIP","floor":28}],"player_experience":544296,"relics_obtained":[{"floor":7,"key":"The Courier"},{"floor":9,"key":"Bag of Marbles"},{"floor":10,"key":"Strawberry"},{"floor":24,"key":"Boot"},{"floor":26,"key":"Frozen Egg 2"}],"event_choices":[{"damage_healed":0,"gold_gain":0,"player_choice":"Ignored","damage_taken":0,"max_hp_gain":0,"max_hp_loss":0,"event_name":"Liars Game","floor":4,"gold_loss":0},{"damage_healed":0,"gold_gain":0,"player_choice":"Donut","damage_taken":0,"max_hp_gain":5,"max_hp_loss":0,"event_name":"Big Fish","floor":5,"gold_loss":0},{"damage_healed":0,"gold_gain":0,"player_choice":"Searched \u00271\u0027 times","damage_taken":0,"max_hp_gain":0,"max_hp_loss":0,"event_name":"Dead Adventurer","floor":10,"gold_loss":0},{"damage_healed":25,"gold_gain":0,"player_choice":"Healed","damage_taken":0,"max_hp_gain":0,"max_hp_loss":0,"event_name":"The Cleric","floor":12,"gold_loss":35},{"damage_healed":0,"gold_gain":0,"player_choice":"Got Potions","damage_taken":0,"max_hp_gain":0,"max_hp_loss":0,"event_name":"Lab","floor":14,"gold_loss":0},{"damage_healed":0,"gold_gain":0,"player_choice":"Fight","damage_taken":0,"max_hp_gain":0,"max_hp_loss":0,"event_name":"Colosseum","floor":29,"gold_loss":0}],"is_beta":false,"boss_relics":[{"not_picked":["Mark of Pain","Lizard Tail"],"picked":"Empty Cage"}],"items_purged_floors":[13],"is_endless":false,"potions_floor_spawned":[2,3,11,20,22,24],"killed_by":"Colosseum Slavers","ascension_level":0}