{"gold_per_floor":[119,149,159,177,232,263,263,294,343,343],"floor_reached":10,"playtime":357,"items_purged":[],"score":152,"play_id":"443004ad-de03-4468-97a0-59e2ebfe7858","local_time":"20190416154129","is_ascension_mode":true,"campfire_choices":[{"floor":7,"key":"REST"}],"neow_cost":"NONE","seed_source_timestamp":11917866954761,"circlet_count":0,"master_deck":["AscendersBane","Strike_B","Strike_B","Strike_B","Strike_B","Defend_B","Defend_B","Defend_B","Defend_B+1","Zap+1","Dualcast","Hologram","Streamline","Darkness","Coolheaded"],"relics":["Cracked Core","Happy Flower","Tiny Chest","Bag of Marbles","Pen Nib","War Paint","Art of War"],"potions_floor_usage":[6,8],"damage_taken":[{"damage":1,"enemies":"Cultist","floor":1,"turns":3},{"damage":2,"enemies":"Jaw Worm","floor":3,"turns":5},{"damage":0,"enemies":"2 Louse","floor":4,"turns":2},{"damage":32,"enemies":"Gremlin Nob","floor":6,"turns":4},{"damage":26,"enemies":"3 Sentries","floor":8,"turns":7},{"damage":6,"enemies":"Lots of Slimes","floor":10,"turns":2}],"seed_played":"-7045878744240881379","potions_obtained":[{"floor":1,"key":"SkillPotion"},{"floor":4,"key":"Dexterity Potion"}],"is_trial":false,"path_per_floor":["M","?","M","M","T","E","R","E","T","M"],"character_chosen":"DEFECT","items_purchased":[],"campfire_rested":1,"item_purchase_floors":[],"current_hp_per_floor":[63,45,43,43,43,11,32,6,6,0],"gold":343,"neow_bonus":"RANDOM_COMMON_RELIC","is_prod":false,"is_daily":false,"chose_seed":false,"campfire_upgraded":0,"win_rate":0,"timestamp":1555422089,"path_taken":["M","?","M","M","?","E","R","E","T","M"],"build_version":"2019-01-23","purchased_purges":0,"victory":false,"max_hp_per_floor":[71,71,71,71,71,71,71,71,71,71],"card_choices":[{"not_picked":["Scrape","Chill"],"picked":"Hologram","floor":1},{"not_picked":["Self Repair","Conserve Battery"],"picked":"Streamline","floor":3},{"not_picked":["Redo","Streamline"],"picked":"Darkness","floor":4},{"not_picked":["Steam","Static Discharge","Reprogram"],"picked":"SKIP","floor":6},{"not_picked":["Sunder","Hologram"],"picked":"Coolheaded","floor":8}],"player_experience":1142737,"relics_obtained":[{"floor":5,"key":"Bag of Marbles"},{"floor":6,"key":"Pen Nib"},{"floor":8,"key":"War Paint"},{"floor":9,"key":"Art of War"}],"event_choices":[{"damage_healed":0,"gold_gain":0,"player_choice":"Success","damage_taken":18,"relics_obtained":["Tiny Chest"],"max_hp_gain":0,"max_hp_loss":0,"event_name":"Scrap Ooze","floor":2,"gold_loss":0}],"is_beta":false,"boss_relics":[],"items_purged_floors":[],"is_endless":false,"potions_floor_spawned":[1,4],"killed_by":"Lots of Slimes","ascension_level":20}