{"gold_per_floor":[110,110,125,146,71,71,114,114,186,210,235,235,235,276,276,365,365,385,385,310,326,345,386,386,429,429,429,453,453,466,120,120,213,213,226,126,149,149,172,172,172],"floor_reached":41,"playtime":2231,"items_purged":["Strike_R","Strike_R"],"score":1082,"play_id":"9ea57de6-d781-4680-a51b-d2917dcab1ba","local_time":"20190118161424","is_ascension_mode":true,"campfire_choices":[{"data":"Wild Strike","floor":6,"key":"SMITH"},{"data":"Bash","floor":8,"key":"SMITH"},{"data":"Armaments","floor":13,"key":"SMITH"},{"data":"Shrug It Off","floor":15,"key":"SMITH"},{"floor":24,"key":"REST"},{"floor":27,"key":"REST"},{"data":"Demon Form","floor":29,"key":"SMITH"},{"floor":32,"key":"REST"},{"floor":40,"key":"REST"}],"neow_cost":"NONE","seed_source_timestamp":9353363223942,"circlet_count":0,"master_deck":["AscendersBane","Defend_R","Defend_R","Defend_R","Defend_R","Bash+1","Wild Strike+1","Flame Barrier+1","Iron Wave","Shrug It Off+1","Armaments+1","Demon Form+1","Disarm","Uppercut","Heavy Blade","Disarm+1","Ghostly Armor+1","Feed","Disarm","Evolve","Pommel Strike+1"],"relics":["Burning Blood","Happy Flower","Golden Idol","Omamori","Pantograph","Gambling Chip","Sozu","PreservedInsect","Sundial","Self Forming Clay","Paper Frog","Fusion Hammer"],"potions_floor_usage":[7,14,18,23],"damage_taken":[{"damage":12,"enemies":"Small Slimes","floor":1,"turns":4},{"damage":1,"enemies":"Cultist","floor":3,"turns":3},{"damage":6,"enemies":"2 Louse","floor":4,"turns":2},{"damage":31,"enemies":"Gremlin Nob","floor":7,"turns":4},{"damage":11,"enemies":"Looter","floor":10,"turns":2},{"damage":2,"enemies":"Exordium Wildlife","floor":11,"turns":6},{"damage":0,"enemies":"Lagavulin","floor":14,"turns":7},{"damage":44,"enemies":"The Guardian","floor":16,"turns":19},{"damage":0,"enemies":"Spheric Guardian","floor":18,"turns":4},{"damage":21,"enemies":"Shell Parasite","floor":21,"turns":4},{"damage":13,"enemies":"Sentry and Sphere","floor":22,"turns":7},{"damage":21,"enemies":"Gremlin Leader","floor":23,"turns":6},{"damage":36,"enemies":"Book of Stabbing","floor":25,"turns":6},{"damage":10,"enemies":"Snake Plant","floor":28,"turns":4},{"damage":15,"enemies":"Centurion and Healer","floor":30,"turns":6},{"damage":0,"enemies":"Champ","floor":33,"turns":9},{"damage":23,"enemies":"Orb Walker","floor":35,"turns":5},{"damage":8,"enemies":"3 Shapes","floor":37,"turns":5},{"damage":23,"enemies":"Transient","floor":39,"turns":6},{"damage":56,"enemies":"Reptomancer","floor":41,"turns":3}],"seed_played":"3400268467965115099","potions_obtained":[{"floor":4,"key":"Fire Potion"},{"floor":11,"key":"PowerPotion"},{"floor":14,"key":"Poison Potion"},{"floor":16,"key":"Swift Potion"}],"is_trial":false,"path_per_floor":["M","?","M","M","?","R","E","R","T","M","M","?","R","E","R","B",null,"M","T","?","M","M","E","R","E","T","R","M","R","M","$","R","B",null,"M","$","M","?","M","R","E"],"character_chosen":"IRONCLAD","items_purchased":["Paper Frog"],"campfire_rested":4,"item_purchase_floors":[31],"current_hp_per_floor":[62,62,67,67,67,67,42,42,42,37,41,41,41,47,47,30,59,65,65,65,50,43,28,48,18,18,38,34,34,25,25,45,68,68,51,51,52,52,35,56,0],"gold":172,"neow_bonus":"RANDOM_COMMON_RELIC","is_prod":false,"is_daily":false,"chose_seed":false,"campfire_upgraded":5,"win_rate":0,"timestamp":1547824464,"path_taken":["M","?","M","M","?","R","E","R","T","M","M","?","R","E","R","BOSS","M","?","?","M","M","E","R","E","T","R","M","R","M","$","R","BOSS","M","$","M","?","M","R","E"],"build_version":"2019-01-17v2","purchased_purges":2,"victory":false,"max_hp_per_floor":[75,68,68,68,68,68,68,68,68,68,68,68,68,68,68,68,68,68,68,68,68,68,68,68,68,68,68,68,68,68,68,68,68,68,68,68,71,71,71,71,71],"card_choices":[{"not_picked":["Reckless Charge","Armaments"],"picked":"Wild Strike","floor":1},{"not_picked":["Flex","Armaments"],"picked":"Flame Barrier","floor":3},{"not_picked":["Warcry","Havoc"],"picked":"Iron Wave","floor":4},{"not_picked":["Second Wind","Cleave","Perfected Strike"],"picked":"SKIP","floor":7},{"not_picked":["Rage","Burning Pact"],"picked":"Shrug It Off","floor":10},{"not_picked":["Exhume","Iron Wave"],"picked":"Armaments","floor":11},{"not_picked":["Pommel Strike","Power Through","Rage"],"picked":"SKIP","floor":14},{"not_picked":["Limit Break","Exhume"],"picked":"Demon Form","floor":16},{"not_picked":["Twin Strike","Hemokinesis"],"picked":"Disarm","floor":18},{"not_picked":["Flex","Perfected Strike","Anger+1"],"picked":"SKIP","floor":21},{"not_picked":["Seeing Red","Carnage","Anger"],"picked":"SKIP","floor":22},{"not_picked":["Flex","Inflame"],"picked":"Uppercut","floor":23},{"not_picked":["Berserk","Headbutt"],"picked":"Heavy Blade","floor":25},{"not_picked":["Anger","Twin Strike+1"],"picked":"Disarm+1","floor":28},{"not_picked":["Searing Blow","Hemokinesis+1"],"picked":"Ghostly Armor+1","floor":30},{"not_picked":["Exhume","Brutality"],"picked":"Feed","floor":33},{"not_picked":["Pummel+1","Flex"],"picked":"Disarm","floor":35},{"not_picked":["Havoc","Sentinel"],"picked":"Evolve","floor":37},{"not_picked":["Twin Strike","Warcry"],"picked":"Pommel Strike+1","floor":39}],"player_experience":752591,"relics_obtained":[{"floor":7,"key":"Omamori"},{"floor":9,"key":"Pantograph"},{"floor":14,"key":"Gambling Chip"},{"floor":19,"key":"PreservedInsect"},{"floor":23,"key":"Sundial"},{"floor":25,"key":"Self Forming Clay"}],"event_choices":[{"damage_healed":0,"gold_gain":0,"player_choice":"Lose Max HP","damage_taken":0,"relics_obtained":["Golden Idol"],"max_hp_gain":0,"max_hp_loss":7,"event_name":"Golden Idol","floor":2,"gold_loss":0},{"cards_removed":["Strike_R"],"damage_healed":0,"gold_gain":0,"player_choice":"Card Removal","damage_taken":0,"max_hp_gain":0,"max_hp_loss":0,"event_name":"The Cleric","floor":5,"gold_loss":75},{"damage_healed":0,"gold_gain":0,"player_choice":"Upgraded","damage_taken":0,"max_hp_gain":0,"max_hp_loss":0,"event_name":"Upgrade Shrine","floor":12,"gold_loss":0,"cards_upgraded":["Flame Barrier"]},{"cards_removed":["Strike_R"],"damage_healed":0,"gold_gain":0,"player_choice":"Gave Gold","damage_taken":0,"max_hp_gain":0,"max_hp_loss":0,"event_name":"Beggar","floor":20,"gold_loss":75},{"cards_removed":["Strike_R"],"damage_healed":0,"gold_gain":0,"player_choice":"Removed Attack","damage_taken":0,"max_hp_gain":0,"max_hp_loss":0,"event_name":"Falling","floor":38,"gold_loss":0}],"is_beta":false,"boss_relics":[{"not_picked":["Black Star","Astrolabe"],"picked":"Sozu"},{"not_picked":["Runic Cube","Mark of Pain"],"picked":"Fusion Hammer"}],"items_purged_floors":[31,36],"is_endless":false,"potions_floor_spawned":[4,11,14,16,23,25,28,39],"killed_by":"Reptomancer","ascension_level":20}