{"gold_per_floor":[118,118,118,118,130,162,162,193,193,24,24,55,87,125,137,223,285,308,331,359,382,394,439,451,497,562,20,20,30,40,73,73,145,145,156,5,20,32,51,81,92,124,124,142,92,117,117,117,117,117,117,117,117,12,41,41],"floor_reached":56,"playtime":4844,"items_purged":["Pain","Strike_R","Strike_R","Strike_R"],"score":2150,"play_id":"c1716171-cb2b-465e-ba4a-9ac5701355b8","local_time":"20190531192629","is_ascension_mode":true,"campfire_choices":[{"data":"Uppercut","floor":11.0,"key":"SMITH"},{"data":"Disarm","floor":15.0,"key":"SMITH"},{"floor":24.0,"key":"REST"},{"data":"Inflame","floor":28.0,"key":"SMITH"},{"data":"True Grit","floor":32.0,"key":"SMITH"},{"floor":47.0,"key":"RECALL"},{"data":"True Grit","floor":49.0,"key":"SMITH"},{"data":"Feel No Pain","floor":53.0,"key":"SMITH"}],"neow_cost":"NONE","seed_source_timestamp":18777779731109,"circlet_count":0,"master_deck":["AscendersBane","Strike_R+1","Strike_R","Defend_R","Defend_R","Defend_R+1","Defend_R+1","Bash","Hemokinesis+1","Feel No Pain+1","Uppercut+1","Corruption","Disarm+1","Inflame+1","Feed","Immolate+1","Sentinel","Rampage","True Grit+1","Metallicize","Dark Embrace","Burning Pact+1","Offering","True Grit+1","Fiend Fire","Burning Pact","Master of Strategy","The Bomb","Pommel Strike+1"],"special_seed":0,"relics":["Burning Blood","NeowsBlessing","Pantograph","WarpedTongs","Smiling Mask","Meat on the Bone","MawBank","Blue Candle","Tiny House","Bag of Preparation","Mercury Hourglass","Strawberry","Vajra","Magic Flower","Gremlin Horn","Coffee Dripper","War Paint","Ancient Tea Set","Anchor","Mummified Hand"],"potions_floor_usage":[56],"damage_taken":[{"damage":0.0,"enemies":"Small Slimes","floor":1.0,"turns":1.0},{"damage":0.0,"enemies":"2 Louse","floor":5.0,"turns":1.0},{"damage":0.0,"enemies":"Gremlin Nob","floor":6.0,"turns":1.0},{"damage":21.0,"enemies":"3 Sentries","floor":8.0,"turns":8.0},{"damage":17.0,"enemies":"Gremlin Nob","floor":12.0,"turns":4.0},{"damage":0.0,"enemies":"Cultist","floor":13.0,"turns":3.0},{"damage":21.0,"enemies":"3 Sentries","floor":14.0,"turns":7.0},{"damage":40.0,"enemies":"Hexaghost","floor":16.0,"turns":9.0},{"damage":38.0,"enemies":"Spheric Guardian","floor":18.0,"turns":5.0},{"damage":23.0,"enemies":"Shell Parasite","floor":19.0,"turns":6.0},{"damage":47.0,"enemies":"Sentry and Sphere","floor":20.0,"turns":8.0},{"damage":18.0,"enemies":"Snake Plant","floor":21.0,"turns":5.0},{"damage":47.0,"enemies":"Book of Stabbing","floor":23.0,"turns":7.0},{"damage":36.0,"enemies":"Gremlin Leader","floor":25.0,"turns":7.0},{"damage":0.0,"enemies":"Centurion and Healer","floor":29.0,"turns":5.0},{"damage":49.0,"enemies":"Shelled Parasite and Fungi","floor":30.0,"turns":8.0},{"damage":46.0,"enemies":"Book of Stabbing","floor":31.0,"turns":7.0},{"damage":36.0,"enemies":"Champ","floor":33.0,"turns":21.0},{"damage":27.0,"enemies":"Orb Walker","floor":35.0,"turns":6.0},{"damage":28.0,"enemies":"3 Darklings","floor":37.0,"turns":5.0},{"damage":20.0,"enemies":"Jaw Worm Horde","floor":38.0,"turns":3.0},{"damage":27.0,"enemies":"Sphere and 2 Shapes","floor":39.0,"turns":9.0},{"damage":46.0,"enemies":"Nemesis","floor":40.0,"turns":7.0},{"damage":17.0,"enemies":"Spire Growth","floor":41.0,"turns":4.0},{"damage":44.0,"enemies":"Reptomancer","floor":42.0,"turns":6.0},{"damage":41.0,"enemies":"4 Shapes","floor":44.0,"turns":13.0},{"damage":45.0,"enemies":"Giant Head","floor":46.0,"turns":9.0},{"damage":65.0,"enemies":"Awakened One","floor":50.0,"turns":19.0},{"damage":39.0,"enemies":"Donu and Deca","floor":51.0,"turns":9.0},{"damage":22,"enemies":"Shield and Spear","floor":55,"turns":6},{"damage":139,"enemies":"The Heart","floor":56,"turns":8}],"seed_played":"6124887403437854134","potions_obtained":[{"floor":1.0,"key":"SkillPotion"},{"floor":4.0,"key":"Regen Potion"},{"floor":4.0,"key":"Poison Potion"},{"floor":14.0,"key":"GamblersBrew"},{"floor":17.0,"key":"FairyPotion"},{"floor":18.0,"key":"BloodPotion"},{"floor":19.0,"key":"LiquidBronze"},{"floor":23.0,"key":"Swift Potion"},{"floor":38.0,"key":"SkillPotion"},{"floor":41.0,"key":"FearPotion"},{"floor":42.0,"key":"Swift Potion"}],"is_trial":false,"path_per_floor":["M","?","?","?","M","E","?","E","T","$","R","E","M","E","R","B",null,"M","M","M","M","?","E","R","E","T","$","R","M","M","E","R","B",null,"M","$","M","M","M","E","M","E","T","M","$","E","R","?","R","B","B",null,"R","$","E","B"],"character_chosen":"IRONCLAD","items_purchased":["Corruption","Disarm","Vajra","Magic Flower","Offering","Dexterity Potion"],"campfire_rested":1,"item_purchase_floors":[10,10,27,27,36,54],"current_hp_per_floor":[74,51,51,51,57,63,63,63,63,63,63,52,58,55,55,53,75,59,58,41,45,95,54,82,64,71,71,71,85,68,49,49,78,101,88,88,75,69,74,55,71,60,60,51,51,33,33,23,23,28,54,115,115,115,107,0],"gold":41,"neow_bonus":"THREE_ENEMY_KILL","is_prod":false,"is_daily":false,"chose_seed":false,"campfire_upgraded":6,"win_rate":0,"timestamp":1559323589,"path_taken":["M","?","?","?","?","E","?","E","T","$","R","E","?","E","R","BOSS","M","M","?","M","?","E","R","E","T","$","R","M","M","E","R","BOSS","M","$","M","?","M","E","M","E","T","M","$","E","R","?","R","BOSS","BOSS","R","$","E","BOSS"],"build_version":"2019-01-23","purchased_purges":4,"victory":false,"max_hp_per_floor":[75,75,75,75,75,75,75,75,75,75,75,75,75,75,75,75,80,84,88,91,95,95,95,95,95,102,102,102,105,108,108,108,108,108,111,111,115,118,121,121,125,129,129,132,132,132,132,132,132,135,135,135,135,135,138,138],"card_choices":[{"not_picked":["Perfected Strike","Clash"],"picked":"Hemokinesis","floor":1.0},{"not_picked":["True Grit","Sever Soul"],"picked":"Feel No Pain","floor":5.0},{"not_picked":["Sword Boomerang","Rage"],"picked":"Uppercut","floor":6.0},{"not_picked":["Perfected Strike","Armaments","Searing Blow"],"picked":"SKIP","floor":8.0},{"not_picked":["Havoc","Warcry","Blood for Blood"],"picked":"SKIP","floor":12.0},{"not_picked":["Clash","Headbutt"],"picked":"Inflame","floor":13.0},{"not_picked":["Spot Weakness","Rampage"],"picked":"Feed","floor":14.0},{"not_picked":["Limit Break","Demon Form"],"picked":"Immolate","floor":16.0},{"not_picked":["Headbutt","Clothesline","Rupture"],"picked":"SKIP","floor":18.0},{"not_picked":["Armaments","Searing Blow"],"picked":"Sentinel","floor":19.0},{"not_picked":["Sword Boomerang","Combust"],"picked":"Rampage","floor":20.0},{"not_picked":["Reckless Charge","Searing Blow"],"picked":"Seeing Red","floor":21.0},{"not_picked":["Bloodletting","Perfected Strike","Cleave+1"],"picked":"SKIP","floor":23.0},{"not_picked":["Bloodletting","Perfected Strike","Cleave+1"],"picked":"SKIP","floor":23.0},{"not_picked":["Body Slam+1","Rupture","Pummel"],"picked":"SKIP","floor":25.0},{"not_picked":["Perfected Strike","Power Through+1"],"picked":"True Grit","floor":29.0},{"not_picked":["Flex","Rage"],"picked":"Metallicize","floor":30.0},{"not_picked":["Fire Breathing+1","Blood for Blood","Hemokinesis"],"picked":"SKIP","floor":31.0},{"not_picked":["Fiend Fire","Juggernaut"],"picked":"Dark Embrace","floor":33.0},{"not_picked":["Clothesline","Infernal Blade"],"picked":"Burning Pact","floor":35.0},{"not_picked":["Rupture","Intimidate","Havoc"],"picked":"SKIP","floor":37.0},{"not_picked":["Anger","Iron Wave","Bloodletting"],"picked":"SKIP","floor":38.0},{"not_picked":["Clothesline","Combust","Havoc"],"picked":"SKIP","floor":39.0},{"not_picked":["Armaments","Anger","Seeing Red"],"picked":"SKIP","floor":40.0},{"not_picked":["Body Slam","Pommel Strike"],"picked":"True Grit","floor":41.0},{"not_picked":["Heavy Blade+1","Anger","Armaments"],"picked":"SKIP","floor":42.0},{"not_picked":["Body Slam","Pommel Strike"],"picked":"Fiend Fire","floor":44.0},{"not_picked":["Iron Wave+1","Clash"],"picked":"Burning Pact","floor":46.0},{"not_picked":["Violence","Forethought"],"picked":"Master of Strategy","floor":48.0},{"not_picked":["Apotheosis","Violence"],"picked":"The Bomb","floor":48.0},{"not_picked":["Anger","Thunderclap"],"picked":"Pommel Strike+1","floor":55}],"player_experience":1265822,"relics_obtained":[{"floor":6.0,"key":"Pantograph"},{"floor":8.0,"key":"Smiling Mask"},{"floor":9.0,"key":"Meat on the Bone"},{"floor":12.0,"key":"MawBank"},{"floor":14.0,"key":"Blue Candle"},{"floor":23.0,"key":"Bag of Preparation"},{"floor":25.0,"key":"Mercury Hourglass"},{"floor":26.0,"key":"Strawberry"},{"floor":31.0,"key":"Gremlin Horn"},{"floor":40.0,"key":"War Paint"},{"floor":42.0,"key":"Ancient Tea Set"},{"floor":46.0,"key":"Anchor"},{"floor":55,"key":"Mummified Hand"}],"event_choices":[{"damage_healed":0.0,"max_hp_gain":0.0,"max_hp_loss":0.0,"gold_gain":0.0,"event_name":"Shining Light","player_choice":"Entered Light","floor":2.0,"gold_loss":0.0,"damage_taken":23.0,"cards_upgraded":["Defend_R","Strike_R"]},{"damage_healed":0.0,"max_hp_gain":0.0,"max_hp_loss":0.0,"gold_gain":0.0,"event_name":"Living Wall","player_choice":"Grow","floor":3.0,"gold_loss":0.0,"damage_taken":0.0,"cards_upgraded":["Hemokinesis"]},{"damage_healed":0.0,"max_hp_gain":0.0,"max_hp_loss":0.0,"gold_gain":0.0,"event_name":"Lab","player_choice":"Got Potions","floor":4.0,"gold_loss":0.0,"damage_taken":0.0},{"damage_healed":0.0,"max_hp_gain":0.0,"max_hp_loss":0.0,"gold_gain":0.0,"event_name":"Accursed Blacksmith","player_choice":"Rummage","floor":7.0,"gold_loss":0.0,"damage_taken":0.0,"relics_obtained":["WarpedTongs"],"cards_obtained":["Pain"]},{"cards_removed":["Seeing Red"],"damage_healed":50.0,"max_hp_gain":0.0,"max_hp_loss":0.0,"gold_gain":0.0,"event_name":"Bonfire Elementals","player_choice":"Offered Uncommon","floor":22.0,"gold_loss":0.0,"damage_taken":0.0},{"damage_healed":0.0,"max_hp_gain":0.0,"max_hp_loss":0.0,"gold_gain":0.0,"event_name":"SensoryStone","player_choice":"Memory 3","floor":48.0,"gold_loss":0.0,"damage_taken":10.0}],"is_beta":false,"boss_relics":[{"not_picked":["Runic Dome","Pandora\u0027s Box"],"picked":"Tiny House"},{"not_picked":["Lizard Tail","Orrery"],"picked":"Coffee Dripper"}],"items_purged_floors":[10,27,45,54],"is_endless":false,"potions_floor_spawned":[1,5,14,18,19,23,38,41,42],"killed_by":"The Heart","ascension_level":20}