{"gold_per_floor":[113,126,76,76,151,151,177,187,187,198,198,49,49,61,61,158,158,169,186,186,86,86,86,86,111,111,111,111,131,6,281,281,386,386,399,67,67,86,86,86,86],"floor_reached":41,"playtime":1709,"items_purged":["Defend_B","Decay","Defend_B","Clumsy"],"score":455,"play_id":"ad00fc7b-91c4-4a12-8526-bd99c558c97e","local_time":"20190324112842","is_ascension_mode":false,"campfire_choices":[{"data":"Zap","floor":6,"key":"SMITH"},{"data":"Loop","floor":13,"key":"SMITH"},{"data":"Rip and Tear","floor":15,"key":"SMITH"},{"floor":23,"key":"REST"},{"floor":27,"key":"REST"},{"floor":32,"key":"RECALL"},{"data":"Creative AI","floor":40,"key":"SMITH"}],"neow_cost":"NONE","seed_source_timestamp":3898471930601,"circlet_count":0,"master_deck":["Strike_B","Strike_B","Defend_B+1","Defend_B+1","Zap+1","Dualcast","BootSequence","Rip and Tear+1","Ball Lightning","Loop+1","Rip and Tear","Loop","Conserve Battery","Machine Learning","Rebound+1","Leap+1","Creative AI+1","Panache","Redo+1"],"relics":["Cracked Core","NeowsBlessing","Darkstone Periapt","Torii","Calling Bell","Omamori","Molten Egg 2","Girya","Calipers","Nuclear Battery"],"potions_floor_usage":[16,16,19,25,25,41],"damage_taken":[{"damage":0,"enemies":"Cultist","floor":1,"turns":1},{"damage":0,"enemies":"Small Slimes","floor":2,"turns":1},{"damage":0,"enemies":"Lagavulin","floor":7,"turns":1},{"damage":0,"enemies":"2 Louse","floor":8,"turns":1},{"damage":0,"enemies":"Blue Slaver","floor":10,"turns":2},{"damage":0,"enemies":"Large Slime","floor":14,"turns":4},{"damage":8,"enemies":"Slime Boss","floor":16,"turns":7},{"damage":16,"enemies":"Shell Parasite","floor":18,"turns":5},{"damage":16,"enemies":"Spheric Guardian","floor":19,"turns":4},{"damage":45,"enemies":"Gremlin Leader","floor":25,"turns":6},{"damage":9,"enemies":"Centurion and Healer","floor":29,"turns":6},{"damage":51,"enemies":"Automaton","floor":33,"turns":11},{"damage":28,"enemies":"3 Shapes","floor":35,"turns":6},{"damage":17,"enemies":"3 Darklings","floor":38,"turns":5},{"damage":90,"enemies":"Reptomancer","floor":41,"turns":3}],"seed_played":"-618368011048167702","potions_obtained":[{"floor":1,"key":"SpeedPotion"},{"floor":14,"key":"Dexterity Potion"},{"floor":16,"key":"Explosive Potion"},{"floor":18,"key":"AttackPotion"},{"floor":19,"key":"Explosive Potion"},{"floor":38,"key":"Block Potion"}],"is_trial":false,"path_per_floor":["M","M","?","?","?","R","E","M","T","M","?","$","R","M","R","B",null,"M","M","?","$","?","R","?","E","T","R","?","M","$","?","R","B",null,"M","$","?","M","?","R","E"],"character_chosen":"DEFECT","items_purchased":["Loop","Panache"],"campfire_rested":2,"item_purchase_floors":[12,36],"current_hp_per_floor":[75,75,75,60,49,49,49,49,49,49,42,42,42,42,42,34,93,77,61,61,61,43,72,72,27,27,56,88,79,79,79,79,28,98,70,70,70,53,78,78,0],"gold":86,"neow_bonus":"THREE_ENEMY_KILL","is_prod":false,"is_daily":false,"chose_seed":false,"campfire_upgraded":4,"win_rate":0,"timestamp":1553437722,"path_taken":["M","M","?","?","?","R","E","M","T","M","?","$","R","M","R","BOSS","M","M","?","$","?","R","?","E","T","R","?","?","$","?","R","BOSS","M","$","?","M","?","R","E"],"build_version":"2019-01-23","purchased_purges":4,"victory":false,"max_hp_per_floor":[75,75,75,75,75,75,75,75,75,75,75,75,75,75,75,75,93,93,93,93,93,98,98,98,98,98,98,98,98,98,98,98,98,98,98,98,98,98,98,98,98],"card_choices":[{"not_picked":["Doom and Gloom","Barrage"],"picked":"BootSequence","floor":1},{"not_picked":["Tempest","Melter"],"picked":"Rip and Tear","floor":2},{"not_picked":["Rebound","Compile Driver"],"picked":"Ball Lightning","floor":7},{"not_picked":["Compile Driver","Undo"],"picked":"Loop","floor":8},{"not_picked":["Ball Lightning","Biased Cognition"],"picked":"Rip and Tear","floor":10},{"not_picked":["Compile Driver","Fusion"],"picked":"Conserve Battery","floor":14},{"not_picked":["Core Surge","Hyperbeam"],"picked":"Machine Learning","floor":16},{"not_picked":["Genetic Algorithm","Tempest","Steam"],"picked":"SKIP","floor":18},{"not_picked":["Reinforced Body","Compile Driver+1"],"picked":"Rebound+1","floor":19},{"not_picked":["Rip and Tear+1","Turbo"],"picked":"Echo Form","floor":25},{"not_picked":["Ball Lightning+1","Genetic Algorithm"],"picked":"Leap+1","floor":29},{"not_picked":["Hyperbeam+1","Amplify"],"picked":"Creative AI","floor":33},{"not_picked":["Gash+1","Hologram","Glacier"],"picked":"SKIP","floor":35},{"not_picked":["Heatsinks","Force Field+1"],"picked":"Redo+1","floor":38}],"player_experience":525515,"relics_obtained":[{"floor":7,"key":"Darkstone Periapt"},{"floor":9,"key":"Torii"},{"floor":17,"key":"Omamori"},{"floor":17,"key":"Molten Egg 2"},{"floor":17,"key":"Girya"},{"floor":25,"key":"Calipers"}],"event_choices":[{"cards_removed":["Strike_B"],"damage_healed":0,"gold_gain":0,"player_choice":"Card Removal","damage_taken":0,"max_hp_gain":0,"max_hp_loss":0,"event_name":"The Cleric","floor":3,"gold_loss":50},{"damage_healed":0,"gold_gain":0,"player_choice":"Entered Light","damage_taken":15,"max_hp_gain":0,"max_hp_loss":0,"event_name":"Shining Light","floor":4,"gold_loss":0,"cards_upgraded":["Defend_B","Defend_B"]},{"damage_healed":0,"gold_gain":75,"player_choice":"Gather Gold","damage_taken":11,"max_hp_gain":0,"max_hp_loss":0,"event_name":"World of Goop","floor":5,"gold_loss":0},{"cards_removed":["Strike_B"],"damage_healed":0,"gold_gain":0,"player_choice":"Card Removal","damage_taken":7,"max_hp_gain":0,"max_hp_loss":0,"event_name":"Golden Wing","floor":11,"gold_loss":0},{"damage_healed":0,"gold_gain":0,"player_choice":"Ignored","damage_taken":0,"max_hp_gain":0,"max_hp_loss":0,"event_name":"Vampires","floor":20,"gold_loss":0},{"damage_healed":0,"gold_gain":0,"player_choice":"Shed Blood","damage_taken":23,"max_hp_gain":5,"max_hp_loss":0,"event_name":"Forgotten Altar","floor":22,"gold_loss":0},{"cards_removed":["Writhe"],"damage_healed":0,"gold_gain":0,"player_choice":"Elegance","damage_taken":0,"max_hp_gain":0,"max_hp_loss":0,"event_name":"Back to Basics","floor":24,"gold_loss":0},{"damage_healed":32,"gold_gain":0,"player_choice":"Heal","damage_taken":0,"max_hp_gain":0,"max_hp_loss":0,"event_name":"The Library","floor":28,"gold_loss":0},{"damage_healed":0,"gold_gain":275,"player_choice":"Desecrate","damage_taken":0,"max_hp_gain":0,"max_hp_loss":0,"event_name":"Golden Shrine","floor":31,"gold_loss":0,"cards_obtained":["Regret"]},{"cards_removed":["Echo Form"],"damage_healed":0,"gold_gain":0,"player_choice":"Removed Power","damage_taken":0,"max_hp_gain":0,"max_hp_loss":0,"event_name":"Falling","floor":37,"gold_loss":0},{"damage_healed":25,"gold_gain":0,"player_choice":"Writhe","damage_taken":0,"max_hp_gain":0,"max_hp_loss":0,"event_name":"Winding Halls","floor":39,"gold_loss":0,"cards_obtained":["Writhe"]}],"is_beta":false,"boss_relics":[{"not_picked":["Snecko Eye","Cursed Key"],"picked":"Calling Bell"},{"not_picked":["Eternal Feather","Black Star"],"picked":"Nuclear Battery"}],"items_purged_floors":[12,21,30,36],"is_endless":false,"potions_floor_spawned":[1,14,16,18,19,38],"killed_by":"Reptomancer","ascension_level":0}