{"gold_per_floor":[119,131,131,81,93,93,93,119,119,119,47,59,93,93,93,170,170,183,154,154],"floor_reached":20,"playtime":858,"items_purged":["Pain"],"score":346,"play_id":"a629202e-3d9b-462e-9c96-36bf1c20e407","local_time":"20190613134726","is_ascension_mode":true,"campfire_choices":[{"data":"Anger","floor":6,"key":"SMITH"},{"data":"True Grit","floor":10,"key":"SMITH"},{"floor":15,"key":"REST"}],"neow_cost":"NONE","seed_source_timestamp":2268154647449202,"circlet_count":0,"master_deck":["AscendersBane","Strike_R","Strike_R","Strike_R","Strike_R","Strike_R","Defend_R","Defend_R","Defend_R","Defend_R","Bash","Cleave","True Grit+1","Anger+1","Disarm","Feed"],"relics":["Burning Blood","Smiling Mask","WarpedTongs","Mummified Hand","Singing Bowl","Oddly Smooth Stone","Anchor","Mark of Pain"],"potions_floor_usage":[8,13,16],"damage_taken":[{"damage":15,"enemies":"Small Slimes","floor":1,"turns":5},{"damage":1,"enemies":"Cultist","floor":2,"turns":3},{"damage":0,"enemies":"2 Louse","floor":5,"turns":3},{"damage":18,"enemies":"Gremlin Nob","floor":8,"turns":4},{"damage":16,"enemies":"Exordium Wildlife","floor":12,"turns":5},{"damage":34,"enemies":"Lagavulin","floor":13,"turns":8},{"damage":37,"enemies":"The Guardian","floor":16,"turns":11},{"damage":60,"enemies":"Spheric Guardian","floor":18,"turns":8},{"damage":19,"enemies":"2 Thieves","floor":19,"turns":5},{"damage":18,"enemies":"Centurion and Healer","floor":20,"turns":2}],"seed_played":"3831356973360336298","potions_obtained":[{"floor":5,"key":"SpeedPotion"},{"floor":8,"key":"Poison Potion"},{"floor":13,"key":"GamblersBrew"},{"floor":16,"key":"Energy Potion"},{"floor":19,"key":"PowerPotion"}],"is_trial":false,"path_per_floor":["M","M","?","$","M","R","?","E","T","R","?","M","E","?","R","B",null,"M","M","M"],"character_chosen":"IRONCLAD","items_purchased":[],"campfire_rested":1,"item_purchase_floors":[],"current_hp_per_floor":[59,64,64,64,70,70,70,60,60,60,60,52,24,29,54,23,69,20,9,0],"gold":154,"neow_bonus":"RANDOM_COMMON_RELIC","is_prod":false,"is_daily":false,"chose_seed":false,"campfire_upgraded":2,"win_rate":0,"timestamp":1560444446,"path_taken":["M","M","?","?","M","R","?","E","T","R","?","M","E","?","R","BOSS","M","M","M"],"build_version":"2019-01-23","purchased_purges":1,"victory":false,"max_hp_per_floor":[75,75,75,75,75,75,75,77,77,77,77,79,79,84,84,84,84,89,91,91],"card_choices":[{"not_picked":["Clash","Pummel"],"picked":"Cleave","floor":1},{"not_picked":["Searing Blow","Wild Strike"],"picked":"True Grit","floor":2},{"not_picked":["Shrug It Off","Sword Boomerang"],"picked":"Anger","floor":5},{"not_picked":["True Grit","Reckless Charge","Double Tap"],"picked":"Singing Bowl","floor":8},{"not_picked":["Twin Strike","Perfected Strike","Warcry"],"picked":"Singing Bowl","floor":12},{"not_picked":["Double Tap","Burning Pact"],"picked":"Disarm","floor":13},{"not_picked":["Offering","Juggernaut"],"picked":"Feed","floor":16},{"not_picked":["Flex","Warcry","Uppercut"],"picked":"Singing Bowl","floor":18},{"not_picked":["Havoc","Anger","Bloodletting"],"picked":"Singing Bowl","floor":19}],"player_experience":1020627,"relics_obtained":[{"floor":8,"key":"Singing Bowl"},{"floor":9,"key":"Oddly Smooth Stone"},{"floor":13,"key":"Anchor"}],"event_choices":[{"damage_healed":0,"gold_gain":0,"player_choice":"Rummage","damage_taken":0,"relics_obtained":["WarpedTongs"],"max_hp_gain":0,"max_hp_loss":0,"event_name":"Accursed Blacksmith","floor":3,"gold_loss":0,"cards_obtained":["Pain"]},{"damage_healed":0,"gold_gain":0,"player_choice":"Searched \u00271\u0027 times","damage_taken":0,"relics_obtained":["Mummified Hand"],"max_hp_gain":0,"max_hp_loss":0,"event_name":"Dead Adventurer","floor":7,"gold_loss":0},{"damage_healed":0,"gold_gain":0,"player_choice":"Left Gold","damage_taken":0,"max_hp_gain":0,"max_hp_loss":0,"event_name":"World of Goop","floor":11,"gold_loss":72},{"damage_healed":0,"gold_gain":0,"player_choice":"Donut","damage_taken":0,"max_hp_gain":5,"max_hp_loss":0,"event_name":"Big Fish","floor":14,"gold_loss":0}],"is_beta":false,"boss_relics":[{"not_picked":["Runic Cube","Black Star"],"picked":"Mark of Pain"}],"items_purged_floors":[4],"is_endless":false,"potions_floor_spawned":[5,8,13,16,19],"killed_by":"Centurion and Healer","ascension_level":18}