{"gold_per_floor":[112,127,52,52,68,99,274,284,284,284,302,302,157,167,167,262,262,277,287,15,115,131,158,8,8,8,8,18,18,38,38,38,140,140,154,154,167,180,5,5,22,122,145,177,177,197,211,229,229,229,229,229,15,47,47],"floor_reached":55,"playtime":2687,"items_purged":["Strike_R","Strike_R","Strike_R","Strike_R","Sword Boomerang"],"score":696,"play_id":"bef02f97-267e-4274-a146-f638e367b526","local_time":"20190312091304","is_ascension_mode":false,"campfire_choices":[{"floor":15.0,"key":"REST"},{"floor":25.0,"key":"REST"},{"floor":27.0,"key":"RECALL"},{"data":"Rampage","floor":32.0,"key":"SMITH"},{"data":"Double Tap","floor":40,"key":"SMITH"},{"floor":45,"key":"REST"},{"data":"Rage","floor":49,"key":"SMITH"},{"data":"Ghostly Armor","floor":52,"key":"SMITH"}],"neow_cost":"TEN_PERCENT_HP_LOSS","seed_source_timestamp":0,"circlet_count":0,"master_deck":["Defend_R+1","Defend_R+1","Rampage+1","Clash","Headbutt","Double Tap+1","Uppercut+1","Ghostly Armor+1","Clash","Rage+1","Inflame"],"special_seed":0,"relics":["Burning Blood","Strawberry","Kunai","Black Star","Bag of Marbles","Pocketwatch","Regal Pillow","Busted Crown","Pen Nib","Mummified Hand","War Paint","Oddly Smooth Stone","Bottled Lightning","Vajra"],"potions_floor_usage":[44,47,47,48,50],"damage_taken":[{"damage":6.0,"enemies":"Cultist","floor":1.0,"turns":3.0},{"damage":6.0,"enemies":"Jaw Worm","floor":2.0,"turns":4.0},{"damage":0.0,"enemies":"Small Slimes","floor":5.0,"turns":3.0},{"damage":32.0,"enemies":"Gremlin Nob","floor":6.0,"turns":4.0},{"damage":10.0,"enemies":"2 Fungi Beasts","floor":8.0,"turns":4.0},{"damage":13.0,"enemies":"Blue Slaver","floor":11.0,"turns":3.0},{"damage":6.0,"enemies":"Red Slaver","floor":14.0,"turns":4.0},{"damage":60.0,"enemies":"Hexaghost","floor":16.0,"turns":9.0},{"damage":19.0,"enemies":"2 Thieves","floor":18.0,"turns":3.0},{"damage":20.0,"enemies":"Spheric Guardian","floor":19.0,"turns":4.0},{"damage":2.0,"enemies":"Chosen and Byrds","floor":22.0,"turns":6.0},{"damage":29.0,"enemies":"Gremlin Leader","floor":23.0,"turns":6.0},{"damage":12.0,"enemies":"Centurion and Healer","floor":28.0,"turns":8.0},{"damage":7.0,"enemies":"Snecko","floor":30.0,"turns":5.0},{"damage":18.0,"enemies":"Champ","floor":33.0,"turns":8.0},{"damage":7,"enemies":"3 Darklings","floor":35,"turns":4},{"damage":0,"enemies":"3 Shapes","floor":37,"turns":4},{"damage":4,"enemies":"3 Darklings","floor":38,"turns":5},{"damage":1,"enemies":"Spire Growth","floor":41,"turns":3},{"damage":57,"enemies":"Reptomancer","floor":44,"turns":7},{"damage":0,"enemies":"Sphere and 2 Shapes","floor":46,"turns":3},{"damage":34,"enemies":"Writhing Mass","floor":47,"turns":5},{"damage":0,"enemies":"Jaw Worm Horde","floor":48,"turns":2},{"damage":46,"enemies":"Time Eater","floor":50,"turns":9},{"damage":45,"enemies":"Shield and Spear","floor":54,"turns":6},{"damage":78,"enemies":"The Heart","floor":55,"turns":3}],"seed_played":"-1916801699326793531","potions_obtained":[{"floor":5.0,"key":"Fire Potion"},{"floor":8.0,"key":"Swift Potion"},{"floor":14.0,"key":"Fire Potion"},{"floor":19.0,"key":"Weak Potion"},{"floor":28.0,"key":"EssenceOfSteel"},{"floor":30.0,"key":"Energy Potion"},{"floor":33.0,"key":"BloodPotion"},{"floor":38,"key":"Dexterity Potion"},{"floor":44,"key":"Poison Potion"},{"floor":46,"key":"SteroidPotion"},{"floor":47,"key":"PowerPotion"}],"is_trial":false,"path_per_floor":["M","M","$","$","M","E","?","M","T","?","M","?","$","M","R","B",null,"M","M","$","?","M","E","$","R","T","R","M","?","M","?","R","B",null,"M","?","M","M","$","R","M","?","T","E","R","M","M","M","R","B",null,"R","$","E","B"],"character_chosen":"IRONCLAD","items_purchased":["Clash","Bag of Marbles","Oddly Smooth Stone","Inflame"],"campfire_rested":3,"item_purchase_floors":[13,20,53,53],"current_hp_per_floor":[72,72,72,72,72,53,53,49,49,49,42,47,47,47,72,18,84,71,57,57,57,61,38,38,78,78,78,72,72,71,71,71,59,84,83,83,84,84,84,84,84,84,84,41,81,84,56,62,62,22,84,84,84,45,0],"gold":47,"neow_bonus":"REMOVE_TWO","is_prod":false,"is_daily":false,"chose_seed":false,"campfire_upgraded":4,"win_rate":0,"timestamp":1552392784,"path_taken":["M","M","?","$","M","E","?","M","T","?","M","?","$","M","R","BOSS","M","M","$","?","?","E","?","R","T","R","?","?","M","?","R","BOSS","M","?","M","M","$","R","M","?","T","E","R","?","M","M","R","BOSS","R","$","E","BOSS"],"build_version":"2019-01-23","purchased_purges":5,"victory":false,"max_hp_per_floor":[72,72,72,72,72,79,79,79,79,79,79,84,84,84,84,84,84,84,84,84,84,84,84,84,84,84,84,84,84,84,84,84,84,84,84,84,84,84,84,84,84,84,84,84,84,84,84,84,84,84,84,84,84,84,84],"card_choices":[{"not_picked":["Anger","Havoc","Perfected Strike"],"picked":"SKIP","floor":1.0},{"not_picked":["Heavy Blade","Seeing Red","Feel No Pain"],"picked":"SKIP","floor":2.0},{"not_picked":["Armaments","Infernal Blade"],"picked":"Sword Boomerang","floor":5.0},{"not_picked":["Heavy Blade","Wild Strike","True Grit"],"picked":"SKIP","floor":6.0},{"not_picked":["Bludgeon","True Grit","Iron Wave"],"picked":"SKIP","floor":8.0},{"not_picked":["Combust","Fire Breathing"],"picked":"Rampage","floor":11.0},{"not_picked":["Perfected Strike","Shrug It Off"],"picked":"Headbutt","floor":14.0},{"not_picked":["Immolate","Offering"],"picked":"Double Tap","floor":16.0},{"not_picked":["Thunderclap+1","Cleave","Twin Strike+1"],"picked":"SKIP","floor":18.0},{"not_picked":["Headbutt","Cleave","Clothesline"],"picked":"SKIP","floor":19.0},{"not_picked":["Cleave","Shrug It Off","Flex"],"picked":"SKIP","floor":22.0},{"not_picked":["Flex","Blood for Blood","Wild Strike"],"picked":"SKIP","floor":23.0},{"not_picked":["Flame Barrier","Immolate"],"picked":"Uppercut+1","floor":28.0},{"not_picked":["Wild Strike","Evolve","Iron Wave"],"picked":"SKIP","floor":30.0},{"not_picked":["Pommel Strike+1"],"picked":"SKIP","floor":35},{"not_picked":["Cleave+1"],"picked":"SKIP","floor":37},{"not_picked":["True Grit+1"],"picked":"SKIP","floor":38},{"not_picked":["Twin Strike+1"],"picked":"SKIP","floor":41},{"not_picked":["Pommel Strike+1"],"picked":"SKIP","floor":44},{"not_picked":["Armaments"],"picked":"SKIP","floor":46},{"not_picked":[],"picked":"Clash","floor":47},{"not_picked":[],"picked":"Rage","floor":48},{"not_picked":["Searing Blow"],"picked":"SKIP","floor":54}],"player_experience":496503,"relics_obtained":[{"floor":6.0,"key":"Strawberry"},{"floor":9.0,"key":"Kunai"},{"floor":23.0,"key":"Pocketwatch"},{"floor":23.0,"key":"Regal Pillow"},{"floor":43,"key":"Pen Nib"},{"floor":44,"key":"Mummified Hand"},{"floor":44,"key":"War Paint"},{"floor":54,"key":"Bottled Lightning"},{"floor":54,"key":"Vajra"}],"event_choices":[{"damage_healed":0.0,"max_hp_gain":0.0,"max_hp_loss":0.0,"gold_gain":175.0,"event_name":"Liars Game","player_choice":"AGREE","floor":7.0,"gold_loss":0.0,"damage_taken":0.0,"cards_obtained":["Doubt"]},{"cards_removed":["Doubt"],"damage_healed":0.0,"max_hp_gain":0.0,"max_hp_loss":0.0,"gold_gain":0.0,"event_name":"Living Wall","player_choice":"Forget","floor":10.0,"gold_loss":0.0,"damage_taken":0.0},{"damage_healed":0.0,"max_hp_gain":5.0,"max_hp_loss":0.0,"gold_gain":0.0,"event_name":"Big Fish","player_choice":"Donut","floor":12.0,"gold_loss":0.0,"damage_taken":0.0},{"damage_healed":0.0,"max_hp_gain":0.0,"max_hp_loss":0.0,"gold_gain":100.0,"event_name":"Golden Shrine","player_choice":"Pray","floor":21.0,"gold_loss":0.0,"damage_taken":0.0},{"damage_healed":0.0,"max_hp_gain":0.0,"max_hp_loss":0.0,"gold_gain":0.0,"event_name":"The Library","player_choice":"Read","floor":29.0,"gold_loss":0.0,"damage_taken":0.0,"cards_obtained":["Ghostly Armor"]},{"cards_removed":["Bash"],"damage_healed":0.0,"max_hp_gain":0.0,"max_hp_loss":0.0,"gold_gain":0.0,"event_name":"Bonfire Elementals","player_choice":"Offered Basic","floor":31.0,"gold_loss":0.0,"damage_taken":0.0},{"cards_removed":["Defend_R"],"damage_healed":0,"gold_gain":0,"player_choice":"Removed Skill","damage_taken":0,"max_hp_gain":0,"max_hp_loss":0,"event_name":"Falling","floor":36,"gold_loss":0},{"damage_healed":0,"gold_gain":100,"player_choice":"Pray","damage_taken":0,"max_hp_gain":0,"max_hp_loss":0,"event_name":"Golden Shrine","floor":42,"gold_loss":0}],"is_beta":false,"boss_relics":[{"not_picked":["White Beast Statue","Runic Cube"],"picked":"Black Star"},{"not_picked":["Eternal Feather","Orrery"],"picked":"Busted Crown"}],"items_purged_floors":[3,13,20,24,39],"is_endless":false,"potions_floor_spawned":[5,8,14,19,28,30,33,38,44,46,47],"killed_by":"The Heart","ascension_level":0}