{"gold_per_floor":[109,34,48,61,78,78,105,123,123,135,135,146,146,175,175,274,274,256,256,308,47,59,87,87,113,113,113,138,153,153,16,16,112,112,125,347,367,136,136,136,155,165,165,165,183,183,26,44,44,44],"floor_reached":50,"playtime":2998,"items_purged":["Strike_G","Defend_G"],"score":492,"play_id":"46bc967a-142e-48ca-a45d-bc4b1b6ae6bd","local_time":"20190309165359","is_ascension_mode":false,"campfire_choices":[{"floor":6.0,"key":"RECALL"},{"floor":11.0,"key":"REST"},{"data":"Glass Knife","floor":15.0,"key":"SMITH"},{"data":"Envenom","floor":24.0,"key":"SMITH"},{"data":"Catalyst","floor":27.0,"key":"SMITH"},{"floor":30.0,"key":"REST"},{"floor":32.0,"key":"REST"},{"floor":40,"key":"REST"},{"floor":44,"key":"REST"},{"floor":46,"key":"REST"},{"data":"Noxious Fumes","floor":49,"key":"SMITH"}],"neow_cost":"NONE","seed_source_timestamp":0,"circlet_count":0,"master_deck":["Defend_G","Defend_G","Defend_G","Strike_G","Survivor","Neutralize","Dagger Spray","Glass Knife+1","Adrenaline","Footwork","Flying Knee","Terror","Caltrops","Envenom+1","Well Laid Plans","Blade Dance+1","Catalyst+1","Accuracy","Footwork","Corpse Explosion","Accuracy+1","Noxious Fumes+1"],"special_seed":0,"relics":["Ring of the Snake","NeowsBlessing","Art of War","Bird Faced Urn","WristBlade","Omamori","Shuriken","Blue Candle","Red Mask","Bottled Flame","Dodecahedron","Empty Cage","Orichalcum","Mummified Hand","Oddly Smooth Stone"],"potions_floor_usage":[50,50],"damage_taken":[{"damage":0.0,"enemies":"Cultist","floor":1.0,"turns":1.0},{"damage":0.0,"enemies":"Jaw Worm","floor":3.0,"turns":1.0},{"damage":0.0,"enemies":"Small Slimes","floor":4.0,"turns":1.0},{"damage":0.0,"enemies":"Looter","floor":5.0,"turns":4.0},{"damage":20.0,"enemies":"Gremlin Nob","floor":7.0,"turns":5.0},{"damage":0.0,"enemies":"2 Fungi Beasts","floor":8.0,"turns":2.0},{"damage":10.0,"enemies":"Exordium Wildlife","floor":10.0,"turns":8.0},{"damage":4.0,"enemies":"Red Slaver","floor":12.0,"turns":3.0},{"damage":2.0,"enemies":"Lagavulin","floor":14.0,"turns":5.0},{"damage":15.0,"enemies":"Slime Boss","floor":16.0,"turns":12.0},{"damage":19.0,"enemies":"2 Thieves","floor":18.0,"turns":4.0},{"damage":8.0,"enemies":"Shell Parasite","floor":22.0,"turns":5.0},{"damage":14.0,"enemies":"Gremlin Leader","floor":23.0,"turns":5.0},{"damage":9.0,"enemies":"Masked Bandits","floor":25.0,"turns":4.0},{"damage":42.0,"enemies":"Slavers","floor":28.0,"turns":6.0},{"damage":15.0,"enemies":"Cultist and Chosen","floor":29.0,"turns":7.0},{"damage":59.0,"enemies":"Champ","floor":33.0,"turns":9.0},{"damage":3,"enemies":"3 Darklings","floor":35,"turns":3},{"damage":27,"enemies":"Orb Walker","floor":37,"turns":4},{"damage":18,"enemies":"Sphere and 2 Shapes","floor":41,"turns":5},{"damage":35,"enemies":"Spire Growth","floor":42,"turns":4},{"damage":15,"enemies":"Jaw Worm Horde","floor":45,"turns":3},{"damage":12,"enemies":"Writhing Mass","floor":48,"turns":5},{"damage":115,"enemies":"Awakened One","floor":50,"turns":6}],"seed_played":"2022405640163340185","potions_obtained":[{"floor":4.0,"key":"GamblersBrew"},{"floor":5.0,"key":"Block Potion"},{"floor":7.0,"key":"Regen Potion"},{"floor":12.0,"key":"SpeedPotion"},{"floor":23.0,"key":"Weak Potion"},{"floor":25.0,"key":"PowerPotion"},{"floor":35,"key":"Strength Potion"},{"floor":48,"key":"SteroidPotion"}],"is_trial":false,"path_per_floor":["M","$","M","M","M","R","E","M","T","M","R","M","?","E","R","B",null,"M","?","T","$","M","E","R","?","T","R","E","M","R","$","R","B",null,"M","?","M","$","?","R","M","M","T","R","M","R","$","M","R","B"],"character_chosen":"THE_SILENT","items_purchased":["Shuriken","Footwork","Noxious Fumes","Orichalcum","Oddly Smooth Stone"],"campfire_rested":6,"item_purchase_floors":[21,31,38,38,47],"current_hp_per_floor":[70,70,70,70,70,70,50,50,50,40,61,57,57,69,69,55,70,57,70,70,70,62,56,56,55,55,55,23,18,39,39,60,13,70,67,67,47,47,47,68,56,37,37,58,53,70,70,68,68,0],"gold":44,"neow_bonus":"THREE_ENEMY_KILL","is_prod":false,"is_daily":false,"chose_seed":false,"campfire_upgraded":4,"win_rate":0,"timestamp":1552164839,"path_taken":["M","$","M","?","M","R","E","M","T","M","R","M","?","E","R","BOSS","M","?","?","$","M","E","R","?","T","R","E","M","R","$","R","BOSS","M","?","M","$","?","R","M","M","T","R","M","R","$","M","R","BOSS"],"build_version":"2019-01-23","purchased_purges":2,"victory":false,"max_hp_per_floor":[70,70,70,70,70,70,70,70,70,70,70,70,70,70,70,70,70,70,70,70,70,70,70,70,70,70,70,70,70,70,70,70,70,70,70,70,70,70,70,70,70,70,70,70,70,70,70,70,70,70],"card_choices":[{"not_picked":["Outmaneuver","Bane"],"picked":"Dagger Spray","floor":1.0},{"not_picked":["Outmaneuver","Underhanded Strike","Slice"],"picked":"SKIP","floor":3.0},{"not_picked":["Outmaneuver","Underhanded Strike","Slice"],"picked":"SKIP","floor":3.0},{"not_picked":["Predator","Dagger Throw","Acrobatics"],"picked":"SKIP","floor":4.0},{"not_picked":["Acrobatics","Dagger Throw"],"picked":"Glass Knife","floor":5.0},{"not_picked":["Slice","Deflect"],"picked":"Adrenaline","floor":7.0},{"not_picked":["Deadly Poison","Acrobatics"],"picked":"Footwork","floor":8.0},{"not_picked":["Outmaneuver","Dagger Throw"],"picked":"Flying Knee","floor":10.0},{"not_picked":["Calculated Gamble","Dagger Throw"],"picked":"Terror","floor":12.0},{"not_picked":["Cloak And Dagger","Deadly Poison"],"picked":"Caltrops","floor":14.0},{"not_picked":["Bullet Time","Storm of Steel"],"picked":"Envenom","floor":16.0},{"not_picked":["Deflect+1","Bouncing Flask"],"picked":"Well Laid Plans","floor":18.0},{"not_picked":["Sucker Punch","Footwork"],"picked":"Blade Dance+1","floor":22.0},{"not_picked":["Wraith Form v2","Flechettes","Concentrate"],"picked":"SKIP","floor":23.0},{"not_picked":["Dodge and Roll+1","Flying Knee"],"picked":"Catalyst","floor":25.0},{"not_picked":["Flechettes","Dagger Throw"],"picked":"Accuracy","floor":28.0},{"not_picked":["Backflip","Distraction","Prepared"],"picked":"SKIP","floor":29.0},{"not_picked":["A Thousand Cuts","Wraith Form v2"],"picked":"Corpse Explosion","floor":33.0},{"not_picked":["Dagger Spray+1","Backflip+1"],"picked":"Accuracy+1","floor":35},{"not_picked":["Flying Knee+1","Slice+1","Poisoned Stab+1"],"picked":"SKIP","floor":37},{"not_picked":["Poisoned Stab","Dash","Choke+1"],"picked":"SKIP","floor":41},{"not_picked":["Wraith Form v2","Quick Slash+1","Reflex"],"picked":"SKIP","floor":42},{"not_picked":["Sucker Punch","Flying Knee","Dagger Throw"],"picked":"SKIP","floor":45},{"not_picked":["Sucker Punch","Flying Knee","Dagger Throw"],"picked":"SKIP","floor":45},{"not_picked":["Setup","Night Terror","Prepared"],"picked":"SKIP","floor":48}],"player_experience":483826,"relics_obtained":[{"floor":7.0,"key":"Art of War"},{"floor":14.0,"key":"Bird Faced Urn"},{"floor":20.0,"key":"Omamori"},{"floor":23.0,"key":"Blue Candle"},{"floor":25.0,"key":"Red Mask"},{"floor":26.0,"key":"Bottled Flame"},{"floor":28.0,"key":"Dodecahedron"},{"floor":43,"key":"Mummified Hand"}],"event_choices":[{"cards_removed":["Strike_G"],"damage_healed":0.0,"max_hp_gain":0.0,"max_hp_loss":0.0,"gold_gain":0.0,"event_name":"Living Wall","player_choice":"Forget","floor":13.0,"gold_loss":0.0,"damage_taken":0.0},{"damage_healed":23.0,"max_hp_gain":0.0,"max_hp_loss":0.0,"gold_gain":0.0,"event_name":"The Library","player_choice":"Heal","floor":19.0,"gold_loss":0.0,"damage_taken":0.0},{"damage_healed":0.0,"max_hp_gain":0.0,"max_hp_loss":0.0,"gold_gain":0.0,"event_name":"Masked Bandits","player_choice":"Fought Bandits","floor":25.0,"gold_loss":0.0,"damage_taken":0.0},{"damage_healed":0,"gold_gain":222,"player_choice":"Wore Mask","damage_taken":0,"max_hp_gain":0,"max_hp_loss":0,"event_name":"Tomb of Lord Red Mask","floor":36,"gold_loss":0},{"cards_removed":["Strike_G"],"damage_healed":0,"gold_gain":0,"player_choice":"Removed Attack","damage_taken":0,"max_hp_gain":0,"max_hp_loss":0,"event_name":"Falling","floor":39,"gold_loss":0}],"is_beta":false,"boss_relics":[{"not_picked":["HoveringKite","Runic Dome"],"picked":"WristBlade"},{"not_picked":["White Beast Statue","Runic Pyramid"],"picked":"Empty Cage"}],"items_purged_floors":[2,31],"is_endless":false,"potions_floor_spawned":[4,5,7,12,23,25,35,48],"killed_by":"Awakened One","ascension_level":0}