{"gold_per_floor":[18,18,93,105,105,105,120,149,175,175,7,27,55,74,74,152,152,163,263,183],"floor_reached":20,"playtime":978,"items_purged":[],"score":364,"play_id":"17f7e029-93ae-42b5-af45-60f157691a13","local_time":"20181119204219","is_ascension_mode":true,"campfire_choices":[{"data":"Bash","floor":6,"key":"SMITH"},{"floor":10,"key":"REST"},{"data":"Disarm","floor":15,"key":"SMITH"}],"neow_cost":"NO_GOLD","seed_source_timestamp":28554476463654,"circlet_count":0,"master_deck":["AscendersBane","Strike_R","Strike_R","Strike_R","Strike_R+1","Defend_R","Defend_R","Defend_R+1","Bash+1","Clothesline","Bludgeon","Anger","Combust","Disarm+1","Spot Weakness","True Grit","True Grit","Offering","Shrug It Off","Armaments"],"relics":["Burning Blood","Boot","Bag of Preparation","PreservedInsect","Juzu Bracelet","Cursed Key","Turnip","Singing Bowl"],"potions_floor_usage":[13,20],"damage_taken":[{"damage":6,"enemies":"2 Louse","floor":1,"turns":3},{"damage":2,"enemies":"Jaw Worm","floor":4,"turns":3},{"damage":0,"enemies":"Cultist","floor":7,"turns":3},{"damage":26,"enemies":"Lagavulin","floor":8,"turns":5},{"damage":3,"enemies":"Blue Slaver","floor":12,"turns":5},{"damage":6,"enemies":"Gremlin Nob","floor":13,"turns":3},{"damage":3,"enemies":"Large Slime","floor":14,"turns":6},{"damage":28,"enemies":"Hexaghost","floor":16,"turns":10},{"damage":27,"enemies":"Spheric Guardian","floor":18,"turns":4},{"damage":21,"enemies":"Colosseum Slavers","floor":19,"turns":5},{"damage":24,"enemies":"Colosseum Nobs","floor":19,"turns":4},{"damage":19,"enemies":"2 Thieves","floor":20,"turns":2}],"seed_played":"2854162070648111960","potions_obtained":[{"floor":8,"key":"AttackPotion"},{"floor":12,"key":"SpeedPotion"},{"floor":18,"key":"Dexterity Potion"}],"is_trial":false,"path_per_floor":["M","?","?","M","?","R","M","E","T","R","$","M","E","M","R","B",null,"M","?","M"],"character_chosen":"IRONCLAD","items_purchased":["PreservedInsect"],"campfire_rested":1,"item_purchase_floors":[11],"current_hp_per_floor":[68,68,57,61,38,38,44,24,24,46,46,49,49,52,52,30,64,43,10,0],"gold":183,"neow_bonus":"TRANSFORM_TWO_CARDS","is_prod":false,"is_daily":false,"chose_seed":false,"campfire_upgraded":2,"win_rate":0,"timestamp":1542656539,"path_taken":["M","?","?","M","?","R","M","E","T","R","?","?","E","M","R","BOSS","M","?","M"],"build_version":"2018-11-15","purchased_purges":0,"victory":false,"max_hp_per_floor":[75,75,75,75,75,75,75,75,75,75,75,75,75,75,75,75,75,75,75,75],"card_choices":[{"not_picked":["Clothesline","Cleave"],"picked":"Anger","floor":1},{"not_picked":["Seeing Red","Warcry"],"picked":"Combust","floor":4},{"not_picked":["Fire Breathing","Wild Strike"],"picked":"Disarm","floor":7},{"not_picked":["Clash","Wild Strike","Clothesline"],"picked":"SKIP","floor":8},{"not_picked":["Havoc","Wild Strike"],"picked":"Spot Weakness","floor":12},{"not_picked":["Infernal Blade","Cleave"],"picked":"True Grit","floor":13},{"not_picked":["Headbutt","Warcry"],"picked":"True Grit","floor":14},{"not_picked":["Juggernaut","Dark Embrace"],"picked":"Offering","floor":16},{"not_picked":["Perfected Strike","Pommel Strike"],"picked":"Shrug It Off","floor":18},{"not_picked":["Evolve+1","Inflame"],"picked":"Armaments","floor":19}],"player_experience":588124,"relics_obtained":[{"floor":8,"key":"Boot"},{"floor":9,"key":"Bag of Preparation"},{"floor":13,"key":"Juzu Bracelet"},{"floor":19,"key":"Turnip"},{"floor":19,"key":"Singing Bowl"}],"event_choices":[{"damage_healed":0,"gold_gain":0,"player_choice":"Ignored","damage_taken":0,"max_hp_gain":0,"max_hp_loss":0,"event_name":"Liars Game","floor":2,"gold_loss":0},{"damage_healed":0,"gold_gain":75,"player_choice":"Gather Gold","damage_taken":11,"max_hp_gain":0,"max_hp_loss":0,"event_name":"World of Goop","floor":3,"gold_loss":0},{"damage_healed":0,"gold_gain":0,"player_choice":"Entered Light","damage_taken":23,"max_hp_gain":0,"max_hp_loss":0,"event_name":"Shining Light","floor":5,"gold_loss":0,"cards_upgraded":["Strike_R","Defend_R"]},{"damage_healed":0,"gold_gain":0,"player_choice":"Fight","damage_taken":0,"max_hp_gain":0,"max_hp_loss":0,"event_name":"Colosseum","floor":19,"gold_loss":0},{"damage_healed":0,"gold_gain":0,"player_choice":"Fought Nobs","damage_taken":0,"max_hp_gain":0,"max_hp_loss":0,"event_name":"Colosseum","floor":19,"gold_loss":0}],"is_beta":false,"boss_relics":[{"not_picked":["Philosopher\u0027s Stone","Pandora\u0027s Box"],"picked":"Cursed Key"}],"items_purged_floors":[],"is_endless":false,"potions_floor_spawned":[8,12,18],"killed_by":"2 Thieves","ascension_level":20}