{"gold_per_floor":[110,128,146,146,146,171,171,190,190,225,225,243,243,254,254,357,357,372,387,52,72,72,72,106,106,106,106,141,157,157,187,187,284,284,302,302,321,321,333,362,374,406,473,585,615,680,721,752,764,776],"floor_reached":50,"playtime":2898,"items_purged":[],"score":676,"play_id":"6370dba1-277f-43fc-a636-946be6d8294f","local_time":"20190511170454","is_ascension_mode":true,"campfire_choices":[{"data":"Sunder","floor":7.0,"key":"SMITH"},{"data":"Dualcast","floor":13.0,"key":"SMITH"},{"data":"Conserve Battery","floor":15.0,"key":"SMITH"},{"data":"BootSequence","floor":23.0,"key":"SMITH"},{"data":"FTL","floor":25.0,"key":"SMITH"},{"data":"Conserve Battery","floor":27.0,"key":"SMITH"},{"data":"Ghostly","floor":32.0,"key":"SMITH"},{"data":"Echo Form","floor":41.0,"key":"SMITH"},{"floor":49,"key":"REST"}],"neow_cost":"NONE","seed_source_timestamp":1897199502337100,"circlet_count":0,"master_deck":["Strike_B","Strike_B","Defend_B","Defend_B","Defend_B","Zap+1","Dualcast+1","Leap","Cold Snap","Conserve Battery+1","Sunder+1","BootSequence+1","Self Repair","Melter","Core Surge","Cold Snap+1","Cold Snap","Conserve Battery+1","Ball Lightning","FTL+1","Ghostly+1","Ghostly","Ghostly","Ghostly","Ghostly","Beam Cell+1","Echo Form+1","Loop","Madness","Madness","Go for the Eyes","Undo","Defragment+1","Double Energy","Beam Cell+1","Blizzard+1","Hologram","Sweeping Beam+1","Stack+1"],"special_seed":0,"relics":["Cracked Core","Centennial Puzzle","Ancient Tea Set","Gremlin Horn","Inserter","Emotion Chip","Calipers","Dodecahedron","Cables","Turnip","Empty Cage","MawBank","Strawberry","Du-Vu Doll","Pocketwatch","The Courier"],"potions_floor_usage":[42,46,47],"damage_taken":[{"damage":5.0,"enemies":"Small Slimes","floor":1.0,"turns":3.0},{"damage":5.0,"enemies":"Jaw Worm","floor":2.0,"turns":4.0},{"damage":0.0,"enemies":"Cultist","floor":3.0,"turns":3.0},{"damage":33.0,"enemies":"Gremlin Nob","floor":6.0,"turns":6.0},{"damage":1.0,"enemies":"Red Slaver","floor":8.0,"turns":2.0},{"damage":6.0,"enemies":"3 Sentries","floor":10.0,"turns":6.0},{"damage":0.0,"enemies":"Blue Slaver","floor":12.0,"turns":2.0},{"damage":0.0,"enemies":"Exordium Wildlife","floor":14.0,"turns":4.0},{"damage":17.0,"enemies":"The Guardian","floor":16.0,"turns":12.0},{"damage":0.0,"enemies":"Chosen","floor":18.0,"turns":4.0},{"damage":0.0,"enemies":"2 Thieves","floor":19.0,"turns":3.0},{"damage":10.0,"enemies":"Centurion and Healer","floor":21.0,"turns":4.0},{"damage":12.0,"enemies":"Slavers","floor":24.0,"turns":4.0},{"damage":13.0,"enemies":"Book of Stabbing","floor":28.0,"turns":6.0},{"damage":2.0,"enemies":"Chosen and Byrds","floor":29.0,"turns":5.0},{"damage":1.0,"enemies":"Slavers","floor":31.0,"turns":9.0},{"damage":23.0,"enemies":"Automaton","floor":33.0,"turns":15.0},{"damage":0.0,"enemies":"3 Shapes","floor":35.0,"turns":5.0},{"damage":1.0,"enemies":"3 Darklings","floor":37.0,"turns":8.0},{"damage":8.0,"enemies":"Jaw Worm Horde","floor":39.0,"turns":6.0},{"damage":38.0,"enemies":"Nemesis","floor":40.0,"turns":11.0},{"damage":1,"enemies":"Transient","floor":42,"turns":5},{"damage":11,"enemies":"Mind Bloom Boss Battle","floor":44,"turns":10},{"damage":1,"enemies":"Writhing Mass","floor":45,"turns":10},{"damage":18,"enemies":"2 Orb Walkers","floor":46,"turns":5},{"damage":7,"enemies":"Reptomancer","floor":47,"turns":8},{"damage":3,"enemies":"Sphere and 2 Shapes","floor":48,"turns":7},{"damage":45,"enemies":"Donu and Deca","floor":50,"turns":10}],"seed_played":"3764678439130949581","potions_obtained":[{"floor":2.0,"key":"GamblersBrew"},{"floor":8.0,"key":"SneckoOil"},{"floor":10.0,"key":"GamblersBrew"},{"floor":14.0,"key":"AttackPotion"},{"floor":16.0,"key":"Fire Potion"},{"floor":19.0,"key":"LiquidBronze"},{"floor":24.0,"key":"SpeedPotion"},{"floor":28.0,"key":"LiquidBronze"},{"floor":31.0,"key":"FearPotion"},{"floor":40.0,"key":"Regen Potion"},{"floor":44,"key":"FearPotion"},{"floor":46,"key":"Fire Potion"},{"floor":47,"key":"SteroidPotion"}],"is_trial":false,"path_per_floor":["M","M","M","?","?","E","R","M","T","E","?","M","R","M","R","B",null,"M","M","$","M","?","R","E","R","T","R","E","M","?","E","R","B",null,"M","?","M","?","M","E","R","M","T","?","M","?","E","M","R","B"],"character_chosen":"DEFECT","items_purchased":["Emotion Chip","Conserve Battery"],"campfire_rested":1,"item_purchase_floors":[20,20],"current_hp_per_floor":[77,72,72,65,65,32,32,31,31,25,92,92,92,92,92,82,92,92,92,92,89,89,89,84,84,84,84,78,83,46,46,46,30,46,46,40,46,46,45,14,14,34,41,37,43,25,25,22,37,0],"gold":776,"neow_bonus":"TEN_PERCENT_HP_BONUS","is_prod":false,"is_daily":false,"chose_seed":false,"campfire_upgraded":8,"win_rate":0,"timestamp":1557608694,"path_taken":["M","M","M","?","?","E","R","M","T","E","?","M","R","?","R","BOSS","M","M","$","M","?","R","E","R","T","R","E","M","?","E","R","BOSS","M","?","M","?","M","E","R","M","T","?","M","?","E","M","R","BOSS"],"build_version":"2019-01-23","purchased_purges":0,"victory":false,"max_hp_per_floor":[82,82,82,82,82,82,82,82,82,82,92,92,92,92,92,92,92,92,92,92,92,92,92,92,92,92,92,92,92,46,46,46,46,46,46,46,46,46,46,46,46,46,53,53,53,53,53,53,53,53],"card_choices":[{"not_picked":["Compile Driver","Barrage"],"picked":"Leap","floor":1.0},{"not_picked":["Go for the Eyes","Gash"],"picked":"Cold Snap","floor":2.0},{"not_picked":["Steam","Leap"],"picked":"Conserve Battery","floor":3.0},{"not_picked":["All For One","Conserve Battery"],"picked":"Sunder","floor":6.0},{"not_picked":["Hologram","Turbo"],"picked":"BootSequence","floor":8.0},{"not_picked":["Skim","Turbo"],"picked":"Buffer","floor":10.0},{"not_picked":["Aggregate","Streamline"],"picked":"Self Repair","floor":12.0},{"not_picked":["Streamline","Gash"],"picked":"Melter","floor":14.0},{"not_picked":["Reboot","Meteor Strike"],"picked":"Core Surge","floor":16.0},{"not_picked":["Tempest+1","BootSequence+1"],"picked":"Cold Snap+1","floor":18.0},{"not_picked":["Scrape","Streamline"],"picked":"Cold Snap","floor":19.0},{"not_picked":["Double Energy","Melter+1"],"picked":"Ball Lightning","floor":21.0},{"not_picked":["Melter+1","Hologram+1"],"picked":"FTL","floor":24.0},{"not_picked":["Hello World","Redo+1","Turbo"],"picked":"SKIP","floor":28.0},{"not_picked":["Cold Snap","Reprogram"],"picked":"Beam Cell","floor":29.0},{"not_picked":["Redo+1","Leap"],"picked":"Beam Cell+1","floor":31.0},{"not_picked":["Hyperbeam","Core Surge"],"picked":"Echo Form","floor":33.0},{"not_picked":["Cold Snap+1","Beam Cell"],"picked":"Loop","floor":35.0},{"not_picked":["Rebound","Streamline"],"picked":"Go for the Eyes","floor":37.0},{"not_picked":["Leap+1","Streamline"],"picked":"Undo","floor":39.0},{"not_picked":["Undo","Barrage"],"picked":"Defragment+1","floor":40.0},{"not_picked":["Genetic Algorithm+1","Capacitor"],"picked":"Double Energy","floor":42},{"not_picked":["Redo+1","Compile Driver+1"],"picked":"Beam Cell+1","floor":44},{"not_picked":["Gash+1","Rebound+1"],"picked":"Blizzard+1","floor":45},{"not_picked":["Genetic Algorithm","Sunder+1"],"picked":"Hologram","floor":46},{"not_picked":["Auto Shields+1","Amplify"],"picked":"Sweeping Beam+1","floor":47},{"not_picked":["Melter","Compile Driver+1"],"picked":"Stack+1","floor":48}],"player_experience":571259,"relics_obtained":[{"floor":6.0,"key":"Centennial Puzzle"},{"floor":9.0,"key":"Ancient Tea Set"},{"floor":10.0,"key":"Gremlin Horn"},{"floor":24.0,"key":"Calipers"},{"floor":26.0,"key":"Dodecahedron"},{"floor":28.0,"key":"Cables"},{"floor":31.0,"key":"Turnip"},{"floor":40.0,"key":"MawBank"},{"floor":43,"key":"Strawberry"},{"floor":44,"key":"Du-Vu Doll"},{"floor":46,"key":"Pocketwatch"},{"floor":47,"key":"The Courier"}],"event_choices":[{"cards_removed":["Defend_B"],"damage_healed":0.0,"max_hp_gain":0.0,"max_hp_loss":0.0,"gold_gain":0.0,"event_name":"Golden Wing","player_choice":"Card Removal","floor":4.0,"gold_loss":0.0,"damage_taken":7.0},{"damage_healed":0.0,"max_hp_gain":0.0,"max_hp_loss":0.0,"gold_gain":0.0,"event_name":"Living Wall","player_choice":"Grow","floor":5.0,"gold_loss":0.0,"damage_taken":0.0,"cards_upgraded":["Zap"]},{"cards_removed":["Buffer"],"damage_healed":57.0,"max_hp_gain":10.0,"max_hp_loss":0.0,"gold_gain":0.0,"event_name":"Bonfire Elementals","player_choice":"Offered Rare","floor":11.0,"gold_loss":0.0,"damage_taken":0.0},{"damage_healed":0.0,"max_hp_gain":0.0,"max_hp_loss":0.0,"gold_gain":0.0,"event_name":"Beggar","player_choice":"Ignored","floor":22.0,"gold_loss":0.0,"damage_taken":0.0},{"damage_healed":0.0,"max_hp_gain":0.0,"max_hp_loss":46.0,"gold_gain":0.0,"event_name":"Ghosts","player_choice":"Became a Ghost","floor":30.0,"gold_loss":0.0,"damage_taken":0.0,"cards_obtained":["Ghostly","Ghostly","Ghostly","Ghostly","Ghostly"]},{"damage_healed":0.0,"max_hp_gain":0.0,"max_hp_loss":0.0,"gold_gain":0.0,"event_name":"Winding Halls","player_choice":"Embrace Madness","floor":36.0,"gold_loss":0.0,"damage_taken":6.0,"cards_obtained":["Madness","Madness"]},{"cards_removed":["Beam Cell"],"damage_healed":0.0,"max_hp_gain":0.0,"max_hp_loss":0.0,"gold_gain":0.0,"event_name":"Falling","player_choice":"Removed Attack","floor":38.0,"gold_loss":0.0,"damage_taken":0.0},{"damage_healed":0,"gold_gain":0,"player_choice":"Fight","damage_taken":0,"max_hp_gain":0,"max_hp_loss":0,"event_name":"MindBloom","floor":44,"gold_loss":0},{"damage_healed":0,"gold_gain":0,"player_choice":"Fight","damage_taken":0,"max_hp_gain":0,"max_hp_loss":0,"event_name":"Mysterious Sphere","floor":46,"gold_loss":0}],"is_beta":false,"boss_relics":[{"not_picked":["Sozu","Fusion Hammer"],"picked":"Inserter"},{"not_picked":["Velvet Choker","Philosopher\u0027s Stone"],"picked":"Empty Cage"}],"items_purged_floors":[],"is_endless":false,"potions_floor_spawned":[2,8,10,14,16,19,24,28,31,40,44,46,47],"killed_by":"Donu and Deca","ascension_level":1}