{"gold_per_floor":[116,116,8,8,21,51,51,84,108,120,151,71,71,91,91,189,189,204,204,32,50,50,50,60,80,80,96,96],"floor_reached":28,"playtime":1691,"items_purged":["Regret","Strike_G+1"],"score":274,"play_id":"23c9e9df-10a4-4d40-8f63-1a338997fe02","local_time":"20190526164922","is_ascension_mode":true,"campfire_choices":[{"data":"Noxious Fumes","floor":7,"key":"SMITH"},{"data":"Dagger Spray","floor":13,"key":"SMITH"},{"floor":15,"key":"REST"},{"data":"After Image","floor":23,"key":"SMITH"}],"neow_cost":"NONE","seed_source_timestamp":723054023049385,"circlet_count":0,"master_deck":["Defend_G","Defend_G","Defend_G","Defend_G","Defend_G","Strike_G","Strike_G","Strike_G","Strike_G","Survivor","Neutralize+1","Dagger Throw+1","Noxious Fumes+1","Dagger Spray+1","Underhanded Strike","Slice","Prepared","Caltrops","Deadly Poison+1","After Image+1","Underhanded Strike","Caltrops","Quick Slash+1","Noxious Fumes","Cloak And Dagger+1","Slice+1"],"relics":["Ring of the Snake","Blood Vial","FaceOfCleric","Whetstone","Ice Cream","Ancient Tea Set","Toxic Egg 2","Runic Pyramid","Shuriken"],"potions_floor_usage":[6,14,18,18,25,28],"damage_taken":[{"damage":0,"enemies":"2 Louse","floor":1,"turns":2},{"damage":0,"enemies":"Small Slimes","floor":5,"turns":3},{"damage":18,"enemies":"Lagavulin","floor":6,"turns":7},{"damage":11,"enemies":"Gremlin Nob","floor":8,"turns":4},{"damage":0,"enemies":"Cultist","floor":10,"turns":3},{"damage":12,"enemies":"3 Sentries","floor":11,"turns":6},{"damage":11,"enemies":"2 Fungi Beasts","floor":14,"turns":3},{"damage":20,"enemies":"Slime Boss","floor":16,"turns":6},{"damage":0,"enemies":"Spheric Guardian","floor":18,"turns":4},{"damage":0,"enemies":"Chosen","floor":21,"turns":5},{"damage":14,"enemies":"Snake Plant","floor":24,"turns":4},{"damage":16,"enemies":"3 Cultists","floor":25,"turns":5},{"damage":10,"enemies":"Centurion and Healer","floor":27,"turns":6},{"damage":58,"enemies":"Book of Stabbing","floor":28,"turns":5}],"seed_played":"-4280780516940775991","potions_obtained":[{"floor":1,"key":"Energy Potion"},{"floor":5,"key":"Weak Potion"},{"floor":10,"key":"Regen Potion"},{"floor":11,"key":"Dexterity Potion"},{"floor":16,"key":"Swift Potion"},{"floor":19,"key":"GhostInAJar"},{"floor":19,"key":"Block Potion"},{"floor":21,"key":"Fruit Juice"}],"is_trial":false,"path_per_floor":["M","?","$","?","M","E","R","E","T","M","E","$","R","M","R","B",null,"M","?","$","M","?","R","M","M","T","M","E"],"character_chosen":"THE_SILENT","items_purchased":["Noxious Fumes","Caltrops","Caltrops"],"campfire_rested":1,"item_purchase_floors":[3,12,20],"current_hp_per_floor":[70,70,70,70,71,54,54,46,46,49,40,40,40,32,54,37,77,78,78,78,79,79,79,66,53,53,46,0],"gold":96,"neow_bonus":"UPGRADE_CARD","is_prod":false,"is_daily":false,"chose_seed":false,"campfire_upgraded":3,"win_rate":0,"timestamp":1558900162,"path_taken":["M","?","$","?","?","E","R","E","T","M","E","$","R","M","R","BOSS","M","?","$","?","?","R","M","M","T","M","E"],"build_version":"2019-01-23","purchased_purges":2,"victory":false,"max_hp_per_floor":[70,70,70,70,71,72,72,73,73,74,75,75,75,76,76,77,77,78,78,78,79,79,79,80,81,81,82,82],"card_choices":[{"not_picked":["Tactician","Setup"],"picked":"Dagger Throw","floor":1},{"not_picked":["Underhanded Strike","Dodge and Roll"],"picked":"Dagger Spray","floor":5},{"not_picked":["Bane","Blade Dance"],"picked":"Underhanded Strike","floor":6},{"not_picked":["Riddle With Holes","Dash"],"picked":"Slice","floor":8},{"not_picked":["Dagger Throw","Infinite Blades"],"picked":"Prepared","floor":10},{"not_picked":["Blur","Riddle With Holes","Masterful Stab"],"picked":"SKIP","floor":11},{"not_picked":["Flechettes","Outmaneuver+1"],"picked":"Deadly Poison+1","floor":14},{"not_picked":["Night Terror+1","Die Die Die"],"picked":"After Image","floor":16},{"not_picked":["Dodge and Roll+1","Cloak And Dagger+1"],"picked":"Underhanded Strike","floor":18},{"not_picked":["Bane+1","Dodge and Roll+1"],"picked":"Quick Slash+1","floor":21},{"not_picked":["Eviscerate+1","Outmaneuver+1"],"picked":"Cloak And Dagger+1","floor":24},{"not_picked":["Flying Knee","Well Laid Plans"],"picked":"Slice+1","floor":25},{"not_picked":["Deadly Poison+1","Choke","Deflect+1"],"picked":"SKIP","floor":27}],"player_experience":789154,"relics_obtained":[{"floor":6,"key":"Whetstone"},{"floor":8,"key":"Ice Cream"},{"floor":9,"key":"Ancient Tea Set"},{"floor":11,"key":"Toxic Egg 2"},{"floor":26,"key":"Shuriken"}],"event_choices":[{"damage_healed":0,"gold_gain":0,"player_choice":"Box","damage_taken":0,"relics_obtained":["Blood Vial"],"max_hp_gain":0,"max_hp_loss":0,"event_name":"Big Fish","floor":2,"gold_loss":0,"cards_obtained":["Regret"]},{"damage_healed":0,"gold_gain":0,"player_choice":"Trade","damage_taken":0,"relics_obtained":["FaceOfCleric"],"max_hp_gain":0,"max_hp_loss":0,"event_name":"FaceTrader","floor":4,"gold_loss":0},{"damage_healed":0,"gold_gain":0,"player_choice":"Got Potions","damage_taken":0,"max_hp_gain":0,"max_hp_loss":0,"event_name":"Lab","floor":19,"gold_loss":0},{"damage_healed":0,"gold_gain":0,"player_choice":"Read","damage_taken":0,"max_hp_gain":0,"max_hp_loss":0,"event_name":"The Library","floor":22,"gold_loss":0,"cards_obtained":["Noxious Fumes"]}],"is_beta":false,"boss_relics":[{"not_picked":["Tiny House","Pandora\u0027s Box"],"picked":"Runic Pyramid"}],"items_purged_floors":[3,20],"is_endless":false,"potions_floor_spawned":[1,5,10,11,16,21,24],"killed_by":"Book of Stabbing","ascension_level":3}