{"gold_per_floor":[369,384,384,384,384,420,420,451,451,0,0,0,0,0,0,121,121,161,201,8,49,49,49,82,127,127,145,145,220,263,263,263,357,357,406,406,455,474,493,493],"floor_reached":40,"playtime":2775,"items_purged":["Strike_G","Strike_G"],"score":857,"play_id":"5f4ef907-9fe8-46ea-9f96-7be0a7d21d91","local_time":"20190129185658","is_ascension_mode":true,"campfire_choices":[{"floor":7,"key":"REST"},{"floor":11,"key":"REST"},{"data":"Neutralize","floor":13,"key":"SMITH"},{"data":"Noxious Fumes","floor":15,"key":"SMITH"},{"floor":23,"key":"REST"},{"floor":28,"key":"RECALL"},{"floor":32,"key":"REST"}],"neow_cost":"TEN_PERCENT_HP_LOSS","seed_source_timestamp":20991055095198,"circlet_count":0,"master_deck":["AscendersBane","Defend_G","Defend_G","Defend_G","Defend_G","Defend_G","Survivor","Neutralize+1","Terror","Heel Hook","Poisoned Stab+1","Well Laid Plans","Noxious Fumes+1","Noxious Fumes","Noxious Fumes","Dagger Spray+1","HandOfGreed+1","Poisoned Stab+1","Adrenaline","Dash+1","Leg Sweep","PiercingWail","Well Laid Plans","PiercingWail","Backflip+1","Burst","Masterful Stab+1","Prepared+1","Backstab+1","Leg Sweep","Well Laid Plans","Backflip","PiercingWail+1"],"relics":["Ring of the Snake","Golden Idol","Meat on the Bone","Whetstone","The Courier","Molten Egg 2","Membership Card","Vajra","Fusion Hammer","Prayer Wheel","Regal Pillow","Orichalcum","Astrolabe"],"potions_floor_usage":[6,8,16,33,39,40],"damage_taken":[{"damage":0,"enemies":"2 Louse","floor":1,"turns":4},{"damage":3,"enemies":"Small Slimes","floor":2,"turns":5},{"damage":52,"enemies":"Gremlin Nob","floor":6,"turns":5},{"damage":25,"enemies":"Lagavulin","floor":8,"turns":5},{"damage":15,"enemies":"Hexaghost","floor":16,"turns":8},{"damage":0,"enemies":"Chosen","floor":18,"turns":3},{"damage":32,"enemies":"Shell Parasite","floor":19,"turns":4},{"damage":4,"enemies":"3 Cultists","floor":21,"turns":4},{"damage":4,"enemies":"Gremlin Leader","floor":24,"turns":6},{"damage":10,"enemies":"Sentry and Sphere","floor":25,"turns":5},{"damage":13,"enemies":"Snecko","floor":27,"turns":6},{"damage":9,"enemies":"Centurion and Healer","floor":29,"turns":6},{"damage":5,"enemies":"Sentry and Sphere","floor":30,"turns":5},{"damage":32,"enemies":"Champ","floor":33,"turns":11},{"damage":25,"enemies":"3 Darklings","floor":35,"turns":5},{"damage":0,"enemies":"Orb Walker","floor":37,"turns":2},{"damage":13,"enemies":"Sphere and 2 Shapes","floor":38,"turns":6},{"damage":28,"enemies":"Transient","floor":39,"turns":6},{"damage":21,"enemies":"Giant Head","floor":40,"turns":7}],"seed_played":"2985361907985535038","potions_obtained":[{"floor":1,"key":"Dexterity Potion"},{"floor":2,"key":"Regen Potion"},{"floor":6,"key":"SteroidPotion"},{"floor":18,"key":"PowerPotion"},{"floor":21,"key":"Weak Potion"},{"floor":24,"key":"Block Potion"},{"floor":33,"key":"Weak Potion"}],"is_trial":false,"path_per_floor":["M","M","?","?","?","E","R","E","T","$","R","?","R","$","R","B",null,"M","M","$","M","?","R","E","M","T","M","R","M","M","?","R","B",null,"M","?","M","M","M","E"],"character_chosen":"THE_SILENT","items_purchased":["Membership Card","Well Laid Plans","Noxious Fumes","Noxious Fumes","Noxious Fumes","Dagger Spray+1","HandOfGreed+1","Poisoned Stab+1","Prayer Wheel","Leg Sweep"],"campfire_rested":4,"item_purchase_floors":[10,10,10,10,10,10,10,10,20,20],"current_hp_per_floor":[59,56,54,54,49,21,37,24,24,24,40,40,40,40,40,37,50,50,30,30,38,38,54,50,40,40,39,39,30,37,37,54,34,49,36,36,36,35,19,0],"gold":493,"neow_bonus":"TWO_FIFTY_GOLD","is_prod":false,"is_daily":false,"chose_seed":false,"campfire_upgraded":2,"win_rate":0,"timestamp":1548784618,"path_taken":["M","M","?","?","?","E","R","E","T","?","R","?","R","?","R","BOSS","M","M","$","M","?","R","E","M","T","M","R","M","M","?","R","BOSS","M","?","M","M","M","E"],"build_version":"2019-01-23","purchased_purges":2,"victory":false,"max_hp_per_floor":[60,60,54,54,54,54,54,54,54,54,54,54,54,54,54,54,54,54,54,54,54,54,54,54,54,54,54,54,54,54,54,54,54,54,54,51,51,51,51,51],"card_choices":[{"not_picked":["Blade Dance","Dodge and Roll"],"picked":"Terror","floor":1},{"not_picked":["Choke","Riddle With Holes"],"picked":"Heel Hook","floor":2},{"not_picked":["Sucker Punch","Deadly Poison"],"picked":"Poisoned Stab","floor":6},{"not_picked":["Underhanded Strike","Slice","Terror"],"picked":"SKIP","floor":8},{"not_picked":["Envenom","Wraith Form v2"],"picked":"Adrenaline","floor":16},{"not_picked":["Reflex","Poisoned Stab+1","Choke+1"],"picked":"SKIP","floor":18},{"not_picked":["Dodge and Roll","Flying Knee+1"],"picked":"Dash+1","floor":19},{"not_picked":["Dagger Spray+1","Backflip"],"picked":"PiercingWail","floor":21},{"not_picked":["Infinite Blades","Cloak And Dagger","Skewer+1"],"picked":"SKIP","floor":21},{"not_picked":["Outmaneuver","Dagger Throw+1","Noxious Fumes"],"picked":"SKIP","floor":24},{"not_picked":["Concentrate","All Out Attack+1","Setup"],"picked":"SKIP","floor":25},{"not_picked":["Cloak And Dagger","Flying Knee+1","Prepared"],"picked":"SKIP","floor":25},{"not_picked":["Storm of Steel","Sucker Punch+1","Outmaneuver+1"],"picked":"SKIP","floor":27},{"not_picked":["Quick Slash+1","Accuracy","Infinite Blades"],"picked":"SKIP","floor":27},{"not_picked":["Cloak And Dagger","Expertise"],"picked":"Well Laid Plans","floor":29},{"not_picked":["Poisoned Stab+1","Acrobatics"],"picked":"PiercingWail","floor":29},{"not_picked":["Deflect","Dagger Spray+1"],"picked":"Backflip+1","floor":30},{"not_picked":["Dagger Throw+1","Poisoned Stab+1","Bane+1"],"picked":"SKIP","floor":30},{"not_picked":["Bullet Time","Envenom"],"picked":"Burst","floor":33},{"not_picked":["Poisoned Stab+1","Caltrops+1"],"picked":"Leg Sweep","floor":35},{"not_picked":["Underhanded Strike+1","Caltrops","Bane+1"],"picked":"SKIP","floor":35},{"not_picked":["Deadly Poison+1","Outmaneuver"],"picked":"Well Laid Plans","floor":37},{"not_picked":["Dagger Throw+1","Poisoned Stab+1","Masterful Stab+1"],"picked":"SKIP","floor":37},{"not_picked":["Quick Slash+1","Skewer+1"],"picked":"Backflip","floor":38},{"not_picked":["Sucker Punch+1","Dagger Throw+1"],"picked":"PiercingWail+1","floor":38},{"not_picked":["Prepared","Distraction","Cloak And Dagger+1"],"picked":"SKIP","floor":39},{"not_picked":["Distraction","Flying Knee+1","Quick Slash+1"],"picked":"SKIP","floor":39}],"player_experience":801924,"relics_obtained":[{"floor":6,"key":"Whetstone"},{"floor":8,"key":"The Courier"},{"floor":9,"key":"Molten Egg 2"},{"floor":24,"key":"Regal Pillow"},{"floor":26,"key":"Orichalcum"}],"event_choices":[{"damage_healed":0,"gold_gain":0,"player_choice":"Lose Max HP","damage_taken":0,"relics_obtained":["Golden Idol"],"max_hp_gain":0,"max_hp_loss":6,"event_name":"Golden Idol","floor":3,"gold_loss":0},{"damage_healed":0,"gold_gain":0,"player_choice":"Ignored","damage_taken":0,"max_hp_gain":0,"max_hp_loss":0,"event_name":"Liars Game","floor":4,"gold_loss":0},{"damage_healed":0,"gold_gain":0,"player_choice":"Success","damage_taken":5,"relics_obtained":["Meat on the Bone"],"max_hp_gain":0,"max_hp_loss":0,"event_name":"Scrap Ooze","floor":5,"gold_loss":0},{"damage_healed":0,"gold_gain":0,"player_choice":"Searched \u00271\u0027 times","damage_taken":0,"relics_obtained":["Vajra"],"max_hp_gain":0,"max_hp_loss":0,"event_name":"Dead Adventurer","floor":12,"gold_loss":0},{"damage_healed":0,"gold_gain":0,"player_choice":"Ignored","damage_taken":0,"max_hp_gain":0,"max_hp_loss":0,"event_name":"The Mausoleum","floor":22,"gold_loss":0},{"damage_healed":0,"gold_gain":0,"player_choice":"Ignored","damage_taken":0,"max_hp_gain":0,"max_hp_loss":0,"event_name":"Vampires","floor":31,"gold_loss":0},{"damage_healed":0,"gold_gain":0,"player_choice":"Max HP","damage_taken":0,"max_hp_gain":0,"max_hp_loss":3,"event_name":"Winding Halls","floor":36,"gold_loss":0}],"is_beta":false,"boss_relics":[{"not_picked":["Tiny House","White Beast Statue"],"picked":"Fusion Hammer"},{"not_picked":["Cursed Key","Black Star"],"picked":"Astrolabe"}],"items_purged_floors":[10,20],"is_endless":false,"potions_floor_spawned":[1,2,6,18,21,24,33],"killed_by":"Giant Head","ascension_level":20}