{"gold_per_floor":[114,37,56,56,67,93,168,168,193,210,60,89,89,117,117,217,217,217],"floor_reached":18,"playtime":916,"items_purged":[],"score":168,"play_id":"fd4cced7-98da-435e-8368-22821cc26a0c","local_time":"20190201202114","is_ascension_mode":false,"campfire_choices":[{"floor":8,"key":"REST"},{"floor":15,"key":"REST"}],"neow_cost":"NONE","seed_source_timestamp":154472687530000,"circlet_count":0,"master_deck":["Strike_B","Strike_B","Strike_B","Defend_B","Defend_B+1","Defend_B+1","Defend_B+1","Zap","Dualcast+1","Conserve Battery","Defragment","Gash","Auto Shields","Capacitor","Loop","Undo","Self Repair","Coolheaded","Creative AI"],"relics":["Cracked Core","Regal Pillow","Anchor","War Paint","Bottled Tornado","Odd Mushroom","Lizard Tail"],"potions_floor_usage":[14],"damage_taken":[{"damage":0,"enemies":"2 Louse","floor":1,"turns":3},{"damage":2,"enemies":"Jaw Worm","floor":3,"turns":4},{"damage":0,"enemies":"Small Slimes","floor":5,"turns":3},{"damage":16,"enemies":"3 Sentries","floor":6,"turns":12},{"damage":0,"enemies":"Exordium Wildlife","floor":10,"turns":3},{"damage":39,"enemies":"Lagavulin","floor":12,"turns":7},{"damage":5,"enemies":"The Mushroom Lair","floor":14,"turns":5},{"damage":15,"enemies":"The Guardian","floor":16,"turns":13},{"damage":34,"enemies":"3 Byrds","floor":18,"turns":6}],"seed_played":"-4484385617528679474","potions_obtained":[{"floor":3,"key":"Weak Potion"},{"floor":5,"key":"Block Potion"},{"floor":14,"key":"PowerPotion"},{"floor":16,"key":"Fire Potion"}],"is_trial":false,"path_per_floor":["M","$","M","?","M","E","?","R","T","M","$","E","?","?","R","B",null,"M"],"character_chosen":"DEFECT","items_purchased":["Defragment","War Paint"],"campfire_rested":2,"item_purchase_floors":[2,11],"current_hp_per_floor":[82,82,80,64,64,48,37,76,76,76,76,37,37,39,78,70,82,48],"gold":217,"neow_bonus":"TEN_PERCENT_HP_BONUS","is_prod":false,"is_daily":false,"chose_seed":false,"campfire_upgraded":0,"win_rate":0,"timestamp":1549070474,"path_taken":["M","$","M","?","M","E","?","R","T","M","$","E","?","?","R","BOSS","M"],"build_version":"2019-01-23","purchased_purges":0,"victory":false,"max_hp_per_floor":[82,82,82,82,82,82,82,82,82,82,82,82,82,82,82,82,82,82],"card_choices":[{"not_picked":["Hologram","Chill"],"picked":"Conserve Battery","floor":1},{"not_picked":["Turbo","Sweeping Beam"],"picked":"Gash","floor":3},{"not_picked":["Lockon","BootSequence"],"picked":"Auto Shields","floor":5},{"not_picked":["Chill","Hologram"],"picked":"Capacitor","floor":6},{"not_picked":["Barrage","Beam Cell"],"picked":"Loop","floor":10},{"not_picked":["Tempest","Consume"],"picked":"Undo","floor":12},{"not_picked":["Leap","Lockon"],"picked":"Coolheaded","floor":14},{"not_picked":["Machine Learning","Amplify"],"picked":"Creative AI","floor":16}],"player_experience":258965,"relics_obtained":[{"floor":6,"key":"Regal Pillow"},{"floor":9,"key":"Anchor"},{"floor":12,"key":"Bottled Tornado"},{"floor":14,"key":"Odd Mushroom"}],"event_choices":[{"damage_healed":0,"gold_gain":0,"player_choice":"Entered Light","damage_taken":16,"max_hp_gain":0,"max_hp_loss":0,"event_name":"Shining Light","floor":4,"gold_loss":0,"cards_upgraded":["Defend_B","Defend_B"]},{"damage_healed":0,"gold_gain":75,"player_choice":"Gather Gold","damage_taken":11,"max_hp_gain":0,"max_hp_loss":0,"event_name":"World of Goop","floor":7,"gold_loss":0},{"damage_healed":0,"gold_gain":0,"cards_transformed":["Strike_B"],"player_choice":"Change","damage_taken":0,"max_hp_gain":0,"max_hp_loss":0,"event_name":"Living Wall","floor":13,"gold_loss":0,"cards_obtained":["Self Repair"]},{"damage_healed":0,"gold_gain":0,"player_choice":"Fought Mushrooms","damage_taken":0,"max_hp_gain":0,"max_hp_loss":0,"event_name":"Mushrooms","floor":14,"gold_loss":0}],"is_beta":false,"boss_relics":[{"not_picked":["White Beast Statue","Coffee Dripper"],"picked":"Lizard Tail"}],"items_purged_floors":[],"is_endless":false,"potions_floor_spawned":[3,5,14,16],"killed_by":"3 Byrds","ascension_level":0}