{"gold_per_floor":[13,23,23,23,36,36,36,62,87,103,103,129,146,175,175,247,247,263,274,63,63,63,63,88,88,88,88,117,117,130,141,141,219,219,233,248,248,260,278,278,312,312,312,326,339,356,356,372,372,372,372,372,372,24,49,49],"floor_reached":56,"playtime":5931,"items_purged":[],"score":2228,"play_id":"164fd36e-e953-45b2-ac74-9ad01c670cc9","local_time":"20190415182258","is_ascension_mode":true,"campfire_choices":[{"data":"Consume","floor":6.0,"key":"SMITH"},{"data":"Redo","floor":11.0,"key":"SMITH"},{"data":"Doom and Gloom","floor":15.0,"key":"SMITH"},{"data":"Fission","floor":23.0,"key":"SMITH"},{"data":"Ghostly","floor":25.0,"key":"SMITH"},{"data":"Ghostly","floor":27.0,"key":"SMITH"},{"floor":32,"key":"REST"},{"data":"Loop","floor":40,"key":"SMITH"},{"data":"Ghostly","floor":42,"key":"SMITH"},{"floor":47,"key":"RECALL"},{"floor":49,"key":"REST"},{"data":"Coolheaded","floor":53,"key":"SMITH"}],"neow_cost":"NO_GOLD","seed_source_timestamp":0,"circlet_count":0,"master_deck":["AscendersBane","Defend_B","Defend_B","Defend_B","Defend_B","Zap+1","Dualcast","Redo+1","Glacier","Compile Driver","Doom and Gloom+1","Consume+1","Cold Snap","Fission+1","Go for the Eyes+1","Ghostly+1","Ghostly+1","Ghostly+1","Hologram+1","Compile Driver","Coolheaded+1","Creative AI","Loop+1","Blizzard+1","Coolheaded+1","Glacier","Capacitor","Biased Cognition"],"special_seed":0,"relics":["Cracked Core","Centennial Puzzle","Strawberry","Dead Branch","Gambling Chip","Cursed Key","OrangePellets","Thread and Needle","Dodecahedron","Empty Cage","Ice Cream","Pear","Lantern"],"potions_floor_usage":[55,56],"damage_taken":[{"damage":0.0,"enemies":"Cultist","floor":1.0,"turns":4.0},{"damage":0.0,"enemies":"Jaw Worm","floor":2.0,"turns":6.0},{"damage":4.0,"enemies":"Small Slimes","floor":5.0,"turns":3.0},{"damage":0.0,"enemies":"Lagavulin","floor":8.0,"turns":9.0},{"damage":10.0,"enemies":"3 Louse","floor":10.0,"turns":3.0},{"damage":0.0,"enemies":"Gremlin Nob","floor":12.0,"turns":3.0},{"damage":0.0,"enemies":"Blue Slaver","floor":13.0,"turns":3.0},{"damage":5.0,"enemies":"3 Sentries","floor":14.0,"turns":4.0},{"damage":11.0,"enemies":"Slime Boss","floor":16.0,"turns":15.0},{"damage":5.0,"enemies":"Chosen","floor":18.0,"turns":4.0},{"damage":0.0,"enemies":"3 Byrds","floor":19.0,"turns":5.0},{"damage":1.0,"enemies":"Book of Stabbing","floor":24.0,"turns":4.0},{"damage":15.0,"enemies":"Slavers","floor":28.0,"turns":7.0},{"damage":0.0,"enemies":"Sentry and Sphere","floor":30.0,"turns":4.0},{"damage":0.0,"enemies":"Chosen and Byrds","floor":31.0,"turns":6.0},{"damage":25,"enemies":"Automaton","floor":33,"turns":14},{"damage":0,"enemies":"Orb Walker","floor":35,"turns":5},{"damage":0,"enemies":"3 Darklings","floor":36,"turns":9},{"damage":0,"enemies":"Maw","floor":38,"turns":12},{"damage":0,"enemies":"4 Shapes","floor":39,"turns":7},{"damage":0,"enemies":"Nemesis","floor":41,"turns":27},{"damage":0,"enemies":"Jaw Worm Horde","floor":44,"turns":5},{"damage":0,"enemies":"Spire Growth","floor":45,"turns":10},{"damage":0,"enemies":"4 Shapes","floor":46,"turns":6},{"damage":0,"enemies":"Maw","floor":48,"turns":10},{"damage":0,"enemies":"Awakened One","floor":50,"turns":20},{"damage":0,"enemies":"Donu and Deca","floor":51,"turns":12},{"damage":37,"enemies":"Shield and Spear","floor":55,"turns":14},{"damage":17,"enemies":"The Heart","floor":56,"turns":3}],"seed_played":"1735756284534392258","potions_obtained":[{"floor":1.0,"key":"SteroidPotion"},{"floor":8.0,"key":"SkillPotion"},{"floor":10.0,"key":"PowerPotion"},{"floor":13.0,"key":"Explosive Potion"},{"floor":14.0,"key":"Poison Potion"},{"floor":24.0,"key":"LiquidBronze"},{"floor":28.0,"key":"FairyPotion"},{"floor":33,"key":"FocusPotion"},{"floor":41,"key":"FocusPotion"}],"is_trial":false,"path_per_floor":["M","M","?","$","M","R","?","E","T","M","R","E","M","E","R","B",null,"M","M","$","?","?","R","E","R","T","R","E","?","M","M","R","B",null,"M","M","?","M","M","R","E","R","T","M","M","M","R","M","R","B","B",null,"R","$","E","B"],"character_chosen":"DEFECT","items_purchased":["OrangePellets","Capacitor","Pear"],"campfire_rested":2,"item_purchase_floors":[20,54,54],"current_hp_per_floor":[64,64,64,64,60,60,53,53,60,50,50,50,50,45,45,34,67,62,62,62,62,39,39,38,38,38,38,23,14,14,14,27,2,34,34,34,34,34,34,34,34,34,34,34,34,34,34,34,44,44,44,44,44,54,17,0],"gold":49,"neow_bonus":"TRANSFORM_TWO_CARDS","is_prod":false,"is_daily":false,"chose_seed":false,"campfire_upgraded":9,"win_rate":0,"timestamp":1555345378,"path_taken":["M","M","?","?","M","R","?","E","T","M","R","E","M","E","R","BOSS","M","M","$","?","?","R","E","R","T","R","E","?","M","M","R","BOSS","M","M","?","M","M","R","E","R","T","M","M","M","R","M","R","BOSS","BOSS","R","$","E","BOSS"],"build_version":"2019-01-23","purchased_purges":0,"victory":false,"max_hp_per_floor":[71,71,71,71,71,71,71,71,78,78,78,78,78,78,78,78,78,78,78,78,78,39,39,39,39,39,39,39,44,44,44,44,44,44,44,44,44,44,44,44,44,44,44,44,44,44,44,44,44,44,44,44,44,54,54,54],"card_choices":[{"not_picked":["Skim","Auto Shields"],"picked":"Compile Driver","floor":1.0},{"not_picked":["Coolheaded","FTL"],"picked":"Doom and Gloom","floor":2.0},{"not_picked":["Gash","Steam"],"picked":"Consume","floor":5.0},{"not_picked":["Streamline","Conserve Battery","Turbo"],"picked":"SKIP","floor":8.0},{"not_picked":["Static Discharge","Undo"],"picked":"Cold Snap","floor":10.0},{"not_picked":["Go for the Eyes","Storm","Ball Lightning"],"picked":"SKIP","floor":12.0},{"not_picked":["Go for the Eyes","Recycle"],"picked":"Chill","floor":13.0},{"not_picked":["Ball Lightning","Go for the Eyes","Redo"],"picked":"SKIP","floor":14.0},{"not_picked":["Hyperbeam","Rainbow"],"picked":"Fission","floor":16.0},{"not_picked":["Ball Lightning","Cold Snap"],"picked":"Go for the Eyes+1","floor":18.0},{"not_picked":["Leap","Hello World","Redo"],"picked":"SKIP","floor":19.0},{"not_picked":["Streamline","Machine Learning"],"picked":"Hologram+1","floor":24.0},{"not_picked":["Conserve Battery","Steam"],"picked":"Compile Driver","floor":28.0},{"not_picked":["Leap","Rip and Tear","Go for the Eyes"],"picked":"SKIP","floor":30.0},{"not_picked":["Ball Lightning","Lockon"],"picked":"Coolheaded","floor":31.0},{"not_picked":["Multi-Cast","Machine Learning"],"picked":"Creative AI","floor":33},{"not_picked":["Streamline","Cold Snap"],"picked":"Loop","floor":35},{"not_picked":["Reprogram","Double Energy","Streamline"],"picked":"SKIP","floor":36},{"not_picked":["Streamline","Redo"],"picked":"Blizzard+1","floor":38},{"not_picked":["Reinforced Body","Stack+1","BootSequence"],"picked":"SKIP","floor":39},{"not_picked":["Capacitor","Conserve Battery+1"],"picked":"Coolheaded+1","floor":41},{"not_picked":["Rebound","Fission"],"picked":"Glacier","floor":44},{"not_picked":["Fusion","Ball Lightning","Reprogram"],"picked":"SKIP","floor":45},{"not_picked":["Aggregate","Rebound+1","Genetic Algorithm+1"],"picked":"SKIP","floor":46},{"not_picked":["Steam","Beam Cell","Gash"],"picked":"SKIP","floor":48},{"not_picked":["Cold Snap","Gash"],"picked":"Biased Cognition","floor":55}],"player_experience":1132475,"relics_obtained":[{"floor":8.0,"key":"Centennial Puzzle"},{"floor":9.0,"key":"Strawberry"},{"floor":12.0,"key":"Dead Branch"},{"floor":14.0,"key":"Gambling Chip"},{"floor":24.0,"key":"Thread and Needle"},{"floor":28.0,"key":"Dodecahedron"},{"floor":41,"key":"Ice Cream"},{"floor":55,"key":"Lantern"}],"event_choices":[{"damage_healed":0.0,"max_hp_gain":0.0,"max_hp_loss":0.0,"gold_gain":0.0,"event_name":"Living Wall","player_choice":"Grow","floor":3.0,"gold_loss":0.0,"damage_taken":0.0,"cards_upgraded":["Zap"]},{"cards_removed":["Strike_B"],"damage_healed":0.0,"max_hp_gain":0.0,"max_hp_loss":0.0,"gold_gain":0.0,"event_name":"Golden Wing","player_choice":"Card Removal","floor":7.0,"gold_loss":0.0,"damage_taken":7.0},{"damage_healed":0.0,"max_hp_gain":0.0,"max_hp_loss":0.0,"gold_gain":0.0,"event_name":"The Mausoleum","player_choice":"Ignored","floor":21.0,"gold_loss":0.0,"damage_taken":0.0},{"damage_healed":0.0,"max_hp_gain":0.0,"max_hp_loss":39.0,"gold_gain":0.0,"event_name":"Ghosts","player_choice":"Became a Ghost","floor":22.0,"gold_loss":0.0,"damage_taken":0.0,"cards_obtained":["Ghostly","Ghostly","Ghostly"]},{"damage_healed":0.0,"max_hp_gain":5.0,"max_hp_loss":0.0,"gold_gain":0.0,"event_name":"Forgotten Altar","player_choice":"Shed Blood","floor":29.0,"gold_loss":0.0,"damage_taken":14.0},{"cards_removed":["Chill"],"damage_healed":0,"gold_gain":0,"player_choice":"Removed Skill","damage_taken":0,"max_hp_gain":0,"max_hp_loss":0,"event_name":"Falling","floor":37,"gold_loss":0}],"is_beta":false,"boss_relics":[{"not_picked":["Snecko Eye","Astrolabe"],"picked":"Cursed Key"},{"not_picked":["Velvet Choker","White Beast Statue"],"picked":"Empty Cage"}],"items_purged_floors":[],"is_endless":false,"potions_floor_spawned":[1,8,10,13,14,24,28,33,41,46,48],"killed_by":"The Heart","ascension_level":20}