{"gold_per_floor":[112,132,132,78,92,132,57,57,57,57,96,116,130,144,144,269,269,289,289,308,208,224,224,265,281,304,316,328,350,388,67,67,67],"floor_reached":33,"playtime":2173,"items_purged":["Defend_G","Grand Finale+1"],"score":322,"play_id":"9fe61cba-aac7-4e4a-93a9-3240b08a009b","local_time":"20190412093241","is_ascension_mode":false,"campfire_choices":[{"data":"Neutralize","floor":8.0,"key":"SMITH"},{"data":"Blur","floor":10.0,"key":"SMITH"},{"floor":15,"key":"REST"},{"floor":23,"key":"RECALL"},{"data":"Leg Sweep","floor":27,"key":"SMITH"},{"floor":32,"key":"REST"}],"neow_cost":"NONE","seed_source_timestamp":0,"circlet_count":0,"master_deck":["Defend_G","Defend_G","Defend_G","Strike_G","Strike_G","Strike_G","Survivor","Neutralize+1","Poisoned Stab","Prepared","Blur+1","Slice+1","Slice+1","Leg Sweep+1","Dagger Spray+1","Glass Knife+1","Bullet Time+1","Deadly Poison+1","Outmaneuver","Tactician","Blade Dance+1","Blur+1","Skewer+1","Slice+1","Dagger Spray+1","Caltrops"],"special_seed":0,"relics":["Ring of the Snake","Regal Pillow","Gremlin Horn","Molten Egg 2","Astrolabe","Mango","MawBank","Nloth\u0027s Gift","Boot","Ice Cream"],"potions_floor_usage":[24,25,25,30,33],"damage_taken":[{"damage":1.0,"enemies":"Cultist","floor":1.0,"turns":4.0},{"damage":5.0,"enemies":"Jaw Worm","floor":2.0,"turns":6.0},{"damage":0.0,"enemies":"2 Louse","floor":5.0,"turns":3.0},{"damage":32.0,"enemies":"3 Sentries","floor":6.0,"turns":14.0},{"damage":26.0,"enemies":"Lagavulin","floor":11.0,"turns":11.0},{"damage":0.0,"enemies":"Gremlin Gang","floor":12.0,"turns":6.0},{"damage":0,"enemies":"Blue Slaver","floor":13,"turns":3},{"damage":6,"enemies":"Exordium Wildlife","floor":14,"turns":5},{"damage":16,"enemies":"The Guardian","floor":16,"turns":19},{"damage":2,"enemies":"Shell Parasite","floor":18,"turns":5},{"damage":0,"enemies":"Spheric Guardian","floor":20,"turns":5},{"damage":23,"enemies":"Snake Plant","floor":22,"turns":4},{"damage":9,"enemies":"Gremlin Leader","floor":24,"turns":6},{"damage":2,"enemies":"Centurion and Healer","floor":25,"turns":6},{"damage":3,"enemies":"Chosen and Byrds","floor":29,"turns":6},{"damage":13,"enemies":"Book of Stabbing","floor":30,"turns":6},{"damage":98,"enemies":"Automaton","floor":33,"turns":12}],"seed_played":"3255690933685674969","potions_obtained":[{"floor":5.0,"key":"Block Potion"},{"floor":11.0,"key":"SneckoOil"},{"floor":14,"key":"Energy Potion"},{"floor":22,"key":"Explosive Potion"},{"floor":25,"key":"SpeedPotion"},{"floor":29,"key":"Fire Potion"}],"is_trial":false,"path_per_floor":["M","M","?","?","M","E","$","R","T","R","E","M","M","M","R","B",null,"M","?","M","$","M","R","E","M","T","R","?","M","E","$","R","B"],"character_chosen":"THE_SILENT","items_purchased":["Ice Cream","Caltrops"],"campfire_rested":2,"item_purchase_floors":[31,31],"current_hp_per_floor":[76,71,71,71,71,39,39,39,39,39,13,13,13,7,43,27,71,69,71,71,71,48,48,53,51,51,51,51,48,35,35,75,0],"gold":67,"neow_bonus":"TEN_PERCENT_HP_BONUS","is_prod":false,"is_daily":false,"chose_seed":false,"campfire_upgraded":3,"win_rate":0,"timestamp":1555072361,"path_taken":["M","?","?","?","M","E","$","R","T","R","E","M","?","M","R","BOSS","M","?","M","$","M","R","E","M","T","R","?","?","E","$","R","BOSS"],"build_version":"2019-01-23","purchased_purges":2,"victory":false,"max_hp_per_floor":[77,77,71,71,71,71,71,71,71,71,71,71,71,71,71,71,71,71,71,71,71,71,71,85,85,85,85,85,85,85,85,85,85],"card_choices":[{"not_picked":["Underhanded Strike","Deflect"],"picked":"Poisoned Stab","floor":1.0},{"not_picked":["Acrobatics","Concentrate","Dagger Throw"],"picked":"SKIP","floor":2.0},{"not_picked":["Leg Sweep","Flying Knee"],"picked":"Prepared","floor":5.0},{"not_picked":["Deflect","PiercingWail"],"picked":"Blur","floor":6.0},{"not_picked":["Flechettes","All Out Attack"],"picked":"Slice","floor":11.0},{"not_picked":["PiercingWail","Backflip"],"picked":"Slice+1","floor":12},{"not_picked":["Night Terror","Concentrate"],"picked":"Leg Sweep","floor":13},{"not_picked":["Quick Slash+1","Terror"],"picked":"Dagger Spray+1","floor":14},{"not_picked":["A Thousand Cuts","Unload+1"],"picked":"Glass Knife+1","floor":16},{"not_picked":["Blade Dance","Dodge and Roll"],"picked":"Outmaneuver","floor":18},{"not_picked":["Blade Dance","Cloak And Dagger"],"picked":"Tactician","floor":20},{"not_picked":["Dagger Throw+1","Masterful Stab+1"],"picked":"Blade Dance+1","floor":22},{"not_picked":["All Out Attack+1","Wraith Form v2"],"picked":"Blur+1","floor":24},{"not_picked":["Choke+1","All Out Attack+1"],"picked":"Skewer+1","floor":25},{"not_picked":["Night Terror","Dagger Throw+1"],"picked":"Slice+1","floor":29},{"not_picked":["Bullet Time","Blade Dance"],"picked":"Dagger Spray+1","floor":30}],"player_experience":587585,"relics_obtained":[{"floor":6.0,"key":"Gremlin Horn"},{"floor":11.0,"key":"Molten Egg 2"},{"floor":24,"key":"Mango"},{"floor":26,"key":"MawBank"},{"floor":30,"key":"Boot"}],"event_choices":[{"damage_healed":0.0,"max_hp_gain":0.0,"max_hp_loss":6.0,"gold_gain":0.0,"event_name":"Golden Idol","player_choice":"Lose Max HP","floor":3.0,"gold_loss":0.0,"damage_taken":0.0,"relics_obtained":["Golden Idol"]},{"damage_healed":0.0,"max_hp_gain":0.0,"max_hp_loss":0.0,"gold_gain":0.0,"event_name":"WeMeetAgain","player_choice":"Paid Gold","floor":4.0,"gold_loss":54.0,"damage_taken":0.0,"relics_obtained":["Regal Pillow"]},{"damage_healed":23,"gold_gain":0,"player_choice":"Heal","damage_taken":0,"max_hp_gain":0,"max_hp_loss":0,"event_name":"The Library","floor":19,"gold_loss":0},{"damage_healed":0,"gold_gain":0,"player_choice":"Traded Relic","damage_taken":0,"relics_obtained":["Nloth\u0027s Gift"],"max_hp_gain":0,"max_hp_loss":0,"event_name":"N\u0027loth","floor":28,"relics_lost":["Golden Idol"],"gold_loss":0}],"is_beta":false,"boss_relics":[{"not_picked":["Coffee Dripper","Orrery"],"picked":"Astrolabe"}],"items_purged_floors":[7,21],"is_endless":false,"potions_floor_spawned":[5,11,14,22,25,29],"killed_by":"Automaton","ascension_level":0}