{"gold_per_floor":[117,130,130,144,12,41,41,70,70,133,152,167,190,201,201,273,273,285,285,285,121,132,132,151,210,289,289,289,300,300,312,312,312],"floor_reached":33,"playtime":2317,"items_purged":["Writhe"],"score":554,"play_id":"2b545481-9b85-4c9c-b0d1-8ee723ed839b","local_time":"20190130193237","is_ascension_mode":true,"campfire_choices":[{"floor":7.0,"key":"REST"},{"data":"Skewer","floor":15.0,"key":"SMITH"},{"data":"Infinite Blades","floor":23.0,"key":"SMITH"},{"floor":27.0,"key":"REST"},{"data":"Phantasmal Killer","floor":30,"key":"SMITH"},{"floor":32,"key":"REST"}],"neow_cost":"NONE","seed_source_timestamp":21448019155877,"circlet_count":0,"master_deck":["AscendersBane","Defend_G","Defend_G","Defend_G","Defend_G","Defend_G","Strike_G","Strike_G","Strike_G","Strike_G","Strike_G","Survivor","Neutralize","Well Laid Plans","Backstab","Terror","Infinite Blades+1","PiercingWail","Footwork","Skewer+1","Leg Sweep","Flying Knee","Leg Sweep","Phantasmal Killer+1","Parasite","Backflip","RitualDagger+1","Infinite Blades+1","Dash+1","Deflect","Dodge and Roll","Dash+1"],"special_seed":0,"relics":["Ring of the Snake","Vajra","Gremlin Horn","Pen Nib","Tingsha","Frozen Egg 2","Omamori","Ancient Tea Set","Calling Bell","Juzu Bracelet","Molten Egg 2","Gambling Chip","Oddly Smooth Stone","Tiny Chest","Ninja Scroll"],"potions_floor_usage":[33,33],"damage_taken":[{"damage":0.0,"enemies":"Small Slimes","floor":1.0,"turns":4.0},{"damage":0.0,"enemies":"Jaw Worm","floor":2.0,"turns":4.0},{"damage":0.0,"enemies":"Cultist","floor":4.0,"turns":3.0},{"damage":17.0,"enemies":"Lagavulin","floor":6.0,"turns":5.0},{"damage":8.0,"enemies":"3 Sentries","floor":8.0,"turns":7.0},{"damage":10.0,"enemies":"3 Sentries","floor":10.0,"turns":8.0},{"damage":1.0,"enemies":"Exordium Wildlife","floor":11.0,"turns":4.0},{"damage":3.0,"enemies":"Large Slime","floor":12.0,"turns":7.0},{"damage":1.0,"enemies":"Blue Slaver","floor":14.0,"turns":4.0},{"damage":8.0,"enemies":"Slime Boss","floor":16.0,"turns":5.0},{"damage":11.0,"enemies":"Shell Parasite","floor":18.0,"turns":8.0},{"damage":0.0,"enemies":"Chosen","floor":22.0,"turns":5.0},{"damage":0.0,"enemies":"Snake Plant","floor":24.0,"turns":7.0},{"damage":20.0,"enemies":"Book of Stabbing","floor":25.0,"turns":5.0},{"damage":0.0,"enemies":"Cultist and Chosen","floor":29.0,"turns":3.0},{"damage":0,"enemies":"Centurion and Healer","floor":31,"turns":2},{"damage":86,"enemies":"Collector","floor":33,"turns":9}],"seed_played":"-8381900903532625075","potions_obtained":[{"floor":4.0,"key":"FearPotion"},{"floor":6.0,"key":"EssenceOfSteel"},{"floor":10.0,"key":"SteroidPotion"},{"floor":14.0,"key":"Strength Potion"},{"floor":16.0,"key":"Poison Potion"},{"floor":18.0,"key":"GamblersBrew"},{"floor":25.0,"key":"Explosive Potion"},{"floor":31,"key":"Energy Potion"}],"is_trial":false,"path_per_floor":["M","M","?","M","$","E","R","E","T","?","M","M","T","M","R","B",null,"M","?","?","$","M","R","M","E","T","R","T","M","R","M","R","B"],"character_chosen":"THE_SILENT","items_purchased":["Infinite Blades","AttackPotion","Infinite Blades+1"],"campfire_rested":3,"item_purchase_floors":[5,5,21],"current_hp_per_floor":[59,59,41,41,41,24,43,35,35,25,24,21,21,20,20,12,53,42,42,36,36,36,36,36,16,16,35,35,35,35,35,54,0],"gold":312,"neow_bonus":"RANDOM_COMMON_RELIC","is_prod":false,"is_daily":false,"chose_seed":false,"campfire_upgraded":3,"win_rate":0,"timestamp":1548873157,"path_taken":["M","M","?","M","$","E","R","E","T","?","M","M","?","?","R","BOSS","M","?","?","$","M","R","M","E","T","R","?","M","R","M","R","BOSS"],"build_version":"2019-01-23","purchased_purges":1,"victory":false,"max_hp_per_floor":[66,66,66,66,66,66,66,66,66,66,66,66,66,66,66,66,66,66,66,66,66,66,66,66,66,66,66,66,66,66,66,66,66],"card_choices":[{"not_picked":["Deadly Poison","Slice"],"picked":"Well Laid Plans","floor":1.0},{"not_picked":["Distraction","Acrobatics"],"picked":"Backstab","floor":2.0},{"not_picked":["Slice","Bouncing Flask"],"picked":"Terror","floor":4.0},{"not_picked":["Outmaneuver","Acrobatics"],"picked":"PiercingWail","floor":6.0},{"not_picked":["Dodge and Roll","Acrobatics"],"picked":"Footwork","floor":8.0},{"not_picked":["Bane","Outmaneuver"],"picked":"Skewer","floor":10.0},{"not_picked":["Dagger Throw","Predator"],"picked":"Leg Sweep","floor":11.0},{"not_picked":["Skewer","Poisoned Stab"],"picked":"Flying Knee","floor":12.0},{"not_picked":["Eviscerate","Distraction"],"picked":"Leg Sweep","floor":14.0},{"not_picked":["Night Terror","Burst"],"picked":"Phantasmal Killer","floor":16.0},{"not_picked":["Expertise+1","Deflect"],"picked":"Backflip","floor":18.0},{"not_picked":["Underhanded Strike+1","Bane+1"],"picked":"Dash+1","floor":22.0},{"not_picked":["Acrobatics","Underhanded Strike+1"],"picked":"Deflect","floor":24.0},{"not_picked":["Cloak And Dagger","Sucker Punch+1","Poisoned Stab+1"],"picked":"SKIP","floor":25.0},{"not_picked":["Dagger Spray+1","Quick Slash+1"],"picked":"Dodge and Roll","floor":29.0},{"not_picked":["Acrobatics","Dodge and Roll"],"picked":"Dash+1","floor":31}],"player_experience":810617,"relics_obtained":[{"floor":6.0,"key":"Pen Nib"},{"floor":8.0,"key":"Tingsha"},{"floor":9.0,"key":"Frozen Egg 2"},{"floor":10.0,"key":"Omamori"},{"floor":13.0,"key":"Ancient Tea Set"},{"floor":17.0,"key":"Juzu Bracelet"},{"floor":17.0,"key":"Molten Egg 2"},{"floor":17.0,"key":"Gambling Chip"},{"floor":25.0,"key":"Tiny Chest"},{"floor":26.0,"key":"Ninja Scroll"}],"event_choices":[{"damage_healed":0.0,"max_hp_gain":0.0,"max_hp_loss":0.0,"gold_gain":0.0,"event_name":"Scrap Ooze","player_choice":"Success","floor":3.0,"gold_loss":0.0,"damage_taken":18.0,"relics_obtained":["Gremlin Horn"]},{"damage_healed":0.0,"max_hp_gain":0.0,"max_hp_loss":0.0,"gold_gain":0.0,"event_name":"Dead Adventurer","player_choice":"Searched \u00272\u0027 times","floor":10.0,"gold_loss":0.0,"damage_taken":0.0},{"damage_healed":0.0,"max_hp_gain":0.0,"max_hp_loss":0.0,"gold_gain":0.0,"event_name":"The Mausoleum","player_choice":"Opened","floor":19.0,"gold_loss":0.0,"damage_taken":0.0,"relics_obtained":["Oddly Smooth Stone"],"cards_obtained":["Writhe"]},{"damage_healed":0.0,"max_hp_gain":0.0,"max_hp_loss":0.0,"gold_gain":0.0,"event_name":"Nest","player_choice":"Joined the Cult","floor":20.0,"gold_loss":0.0,"damage_taken":6.0,"cards_obtained":["RitualDagger"]}],"is_beta":false,"boss_relics":[{"not_picked":["Busted Crown","Tiny House"],"picked":"Calling Bell"}],"items_purged_floors":[21],"is_endless":false,"potions_floor_spawned":[4,6,10,14,16,18,25,31],"killed_by":"Collector","ascension_level":20}