{"gold_per_floor":[115,125,72,92,92,92,122,134,169,181,238,268,310,336,348,434,446,477,404,434,463,495,507,519],"floor_reached":24,"playtime":1197,"items_purged":[],"score":416,"play_id":"b5e34163-87d1-435c-80ff-c472a9114d65","local_time":"20190129155106","is_ascension_mode":true,"campfire_choices":[{"floor":6,"key":"REST"},{"data":"Strike_B","floor":8,"key":"SMITH"},{"floor":10,"key":"REST"},{"data":"Sweeping Beam","floor":15,"key":"SMITH"},{"data":"Chaos","floor":23,"key":"SMITH"}],"neow_cost":"NONE","seed_source_timestamp":11415101710217,"circlet_count":0,"master_deck":["AscendersBane","Strike_B+1","Strike_B+1","Strike_B+1","Strike_B+1","Defend_B","Defend_B","Defend_B","Defend_B","Zap+1","Dualcast","Conserve Battery","Genetic Algorithm","FTL","Sweeping Beam+1","Biased Cognition","Defragment+1","Hologram+1","Chaos+1"],"relics":["FrozenCore","MawBank","Whetstone","Centennial Puzzle","Bronze Scales","Singing Bowl"],"potions_floor_usage":[7,16,16,24,24],"damage_taken":[{"damage":4,"enemies":"Small Slimes","floor":1,"turns":3},{"damage":5,"enemies":"Jaw Worm","floor":2,"turns":4},{"damage":3,"enemies":"2 Louse","floor":4,"turns":3},{"damage":27,"enemies":"Lagavulin","floor":7,"turns":8},{"damage":5,"enemies":"Blue Slaver","floor":12,"turns":5},{"damage":23,"enemies":"3 Sentries","floor":13,"turns":7},{"damage":0,"enemies":"2 Fungi Beasts","floor":14,"turns":3},{"damage":1,"enemies":"Slime Boss","floor":16,"turns":6},{"damage":14,"enemies":"2 Thieves","floor":18,"turns":4},{"damage":0,"enemies":"Spheric Guardian","floor":20,"turns":5},{"damage":5,"enemies":"Centurion and Healer","floor":21,"turns":5},{"damage":4,"enemies":"Snecko","floor":22,"turns":9},{"damage":44,"enemies":"Slavers","floor":24,"turns":3}],"seed_played":"-4312495383595013716","potions_obtained":[{"floor":4,"key":"Swift Potion"},{"floor":7,"key":"AttackPotion"},{"floor":18,"key":"SkillPotion"},{"floor":21,"key":"SteroidPotion"}],"is_trial":false,"path_per_floor":["M","M","$","M","?","R","E","R","T","R","T","M","E","M","R","B",null,"M","?","M","M","M","R","E"],"character_chosen":"DEFECT","items_purchased":["Fire Potion"],"campfire_rested":2,"item_purchase_floors":[3],"current_hp_per_floor":[67,62,62,59,36,59,32,32,32,55,55,50,27,27,27,26,65,51,51,51,46,44,44,0],"gold":519,"neow_bonus":"TEN_PERCENT_HP_BONUS","is_prod":false,"is_daily":false,"chose_seed":false,"campfire_upgraded":3,"win_rate":0,"timestamp":1548773466,"path_taken":["M","M","$","M","?","R","E","R","T","R","?","M","E","M","R","BOSS","M","?","M","M","M","R","E"],"build_version":"2019-01-23","purchased_purges":0,"victory":false,"max_hp_per_floor":[78,78,78,78,78,78,78,78,78,78,78,78,78,78,78,78,78,78,78,78,78,80,80,80],"card_choices":[{"not_picked":["Steam","BootSequence"],"picked":"Conserve Battery","floor":1},{"not_picked":["Stack","Steam","Redo"],"picked":"SKIP","floor":2},{"not_picked":["Redo","Auto Shields","Turbo"],"picked":"SKIP","floor":4},{"not_picked":["Aggregate","Machine Learning"],"picked":"Genetic Algorithm","floor":7},{"not_picked":["Fusion","Steam"],"picked":"FTL","floor":12},{"not_picked":["Force Field","Capacitor"],"picked":"Sweeping Beam","floor":13},{"not_picked":["Skim","Fusion","Go for the Eyes"],"picked":"SKIP","floor":14},{"not_picked":["Multi-Cast","Core Surge"],"picked":"Biased Cognition","floor":16},{"not_picked":["Reprogram","Genetic Algorithm+1"],"picked":"Defragment+1","floor":18},{"not_picked":["Steam","Conserve Battery"],"picked":"Hologram+1","floor":20},{"not_picked":["Storm","Doom and Gloom"],"picked":"Chaos","floor":21},{"not_picked":["Compile Driver","Gash","Rebound"],"picked":"Singing Bowl","floor":22}],"player_experience":798346,"relics_obtained":[{"floor":7,"key":"MawBank"},{"floor":9,"key":"Whetstone"},{"floor":11,"key":"Centennial Puzzle"},{"floor":13,"key":"Bronze Scales"}],"event_choices":[{"damage_healed":0,"gold_gain":0,"player_choice":"Entered Light","damage_taken":23,"max_hp_gain":0,"max_hp_loss":0,"event_name":"Shining Light","floor":5,"gold_loss":0,"cards_upgraded":["Strike_B","Zap"]},{"damage_healed":0,"gold_gain":0,"player_choice":"Obtained Relic","damage_taken":0,"relics_obtained":["Singing Bowl"],"max_hp_gain":0,"max_hp_loss":0,"event_name":"Addict","floor":19,"gold_loss":85}],"is_beta":false,"boss_relics":[{"not_picked":["Calling Bell","Sozu"],"picked":"FrozenCore"}],"items_purged_floors":[],"is_endless":false,"potions_floor_spawned":[4,7,12,13,18,21],"killed_by":"Slavers","ascension_level":20}