{"path_per_floor":["M","M","M","$","M","R","?","R","T","M","E","M","M","M","R","B",null,"M","?","$","?","M","R","?","E","T","R","M","M","R","E","R","B",null,"M","M","?","?","$","E","M","M","T","R","M","M","?","?","R"],"character_chosen":"THE_SILENT","items_purchased":["Panache","Noxious Fumes","Medical Kit","Bandage Up","PiercingWail","Deadly Poison"],"gold_per_floor":[109,119,132,132,151,151,151,151,151,170,202,213,224,239,239,342,342,360,275,23,23,35,35,35,66,93,93,106,118,118,144,144,246,246,260,273,373,373,11,43,62,74,74,74,85,100,0,0,0],"floor_reached":50,"campfire_rested":3,"playtime":4773,"current_hp_per_floor":[70,70,70,70,70,70,56,56,56,50,24,23,18,32,53,45,70,60,60,60,60,57,70,70,57,57,57,57,69,69,69,69,25,70,61,61,61,70,70,54,54,45,45,45,33,31,31,31,52],"items_purged":[],"gold":0,"play_id":"f4148699-c3ff-4b55-b2e2-7bbda72431f9","is_prod":false,"is_daily":false,"is_ascension_mode":false,"campfire_upgraded":3,"path_taken":["M","M","M","$","M","R","?","R","T","M","E","?","M","M","R","BOSS","M","?","$","?","M","R","?","E","T","R","M","?","R","E","R","BOSS","M","M","?","?","$","E","M","M","T","R","M","?","?","?","R","BOSS"],"build_version":"2018-02-01-PROD3","purchased_purges":0,"victory":false,"master_deck":["Defend_G+1","Defend_G+1","Defend_G+1","Defend_G+1","Defend_G+1","Strike_G+1","Strike_G+1","Strike_G+1","Strike_G+1","Strike_G+1","Survivor","Neutralize+1","Leg Sweep","Escape Plan","Flying Knee","Infinite Blades+1","Caltrops","Envenom+1","Footwork","Backstab","Slice","Venomology+1","Dodge and Roll+1","Panache","Noxious Fumes","Writhe","Slice","Heel Hook","Doubt","Caltrops","Caltrops+1","Poisoned Stab+1","Die Die Die","Slice","Backstab+1","Bandage Up+1","PiercingWail+1","Deadly Poison+1","Riddle With Holes+1","Backflip+1","PiercingWail+1","Dagger Spray","Quick Slash","Outmaneuver+1"],"max_hp_per_floor":[70,70,70,70,70,70,70,70,70,70,70,70,70,70,70,70,70,70,70,70,70,70,70,70,70,70,70,70,70,70,70,70,70,70,70,70,70,70,70,70,70,70,70,70,70,70,70,70,70],"relics":["Ring of the Snake","Girya","Toxic Egg 2","Cursed Key","Dodecahedron","Bag of Marbles","Toolbox","Vajra","Omamori","Question Card","Medical Kit","Shuriken","Snake Skull","Red Mask"],"card_choices":[{"not_picked":["Outmaneuver","PiercingWail"],"picked":"Leg Sweep"},{"not_picked":["Outmaneuver","Footwork"],"picked":"Leg Sweep"},{"not_picked":["Riddle With Holes","Finisher"],"picked":"Escape Plan"},{"not_picked":["Leg Sweep","Eviscerate"],"picked":"Flying Knee"},{"not_picked":["All Out Attack","Well Laid Plans"],"picked":"Infinite Blades"},{"not_picked":["Flying Knee","Acrobatics"],"picked":"Caltrops"},{"not_picked":["Dagger Throw","Bane"],"picked":"Envenom"},{"not_picked":["Outmaneuver","Masterful Stab"],"picked":"Footwork"},{"not_picked":["Backflip","Flying Knee"],"picked":"Backstab"},{"not_picked":["Well Laid Plans","Dodge and Roll"],"picked":"Slice"},{"not_picked":["A Thousand Cuts","Corpse Explosion"],"picked":"Venomology"},{"not_picked":["Poisoned Stab","Acrobatics"],"picked":"Dodge and Roll"},{"not_picked":["Infinite Blades","Dagger Throw"],"picked":"Slice"},{"not_picked":["Tools of the Trade","Finisher"],"picked":"Heel Hook"},{"not_picked":["Deadly Poison","Acrobatics"],"picked":"Caltrops"},{"not_picked":["Acrobatics","Dodge and Roll"],"picked":"Caltrops"},{"not_picked":["Caltrops","Crippling Poison"],"picked":"Poisoned Stab"},{"not_picked":["Burst","Glass Knife"],"picked":"Die Die Die"},{"not_picked":["Poisoned Stab","Sucker Punch","Outmaneuver"],"picked":"Slice"},{"not_picked":["Poisoned Stab","Backflip","Dagger Spray"],"picked":"Backstab"},{"not_picked":["Eviscerate","Predator","Outmaneuver"],"picked":"Riddle With Holes"},{"not_picked":["Deadly Poison","Crippling Poison","Dagger Spray"],"picked":"Backflip"},{"not_picked":["Blur","Burst","Dodge and Roll"],"picked":"PiercingWail"},{"not_picked":["Acrobatics","Blade Dance","Poisoned Stab"],"picked":"Dagger Spray"},{"not_picked":["Doppelganger","Caltrops","Poisoned Stab"],"picked":"Quick Slash"}],"player_experience":43077,"potions_floor_usage":[10,11,13,14,25,29,29,31,31,31,33,33,40,40,42,50,50,50],"damage_taken":[{"damage":0,"enemies":"Cultist","floor":1,"turns":6},{"damage":0,"enemies":"2 Louse","floor":2,"turns":3},{"damage":0,"enemies":"Blue Slaver","floor":3,"turns":8},{"damage":0,"enemies":"2 Fungi Beasts","floor":5,"turns":4},{"damage":6,"enemies":"Exordium Thugs","floor":10,"turns":8},{"damage":26,"enemies":"Gremlin Nob","floor":11,"turns":6},{"damage":1,"enemies":"Exordium Wildlife","floor":12,"turns":5},{"damage":5,"enemies":"Large Slime","floor":13,"turns":8},{"damage":1,"enemies":"Exordium Thugs","floor":14,"turns":7},{"damage":8,"enemies":"Hexaghost","floor":16,"turns":11},{"damage":10,"enemies":"Spheric Guardian","floor":18,"turns":5},{"damage":3,"enemies":"2 Thieves","floor":22,"turns":5},{"damage":13,"enemies":"Book of Stabbing","floor":25,"turns":5},{"damage":0,"enemies":"Centurion and Healer","floor":28,"turns":5},{"damage":4,"enemies":"3 Cultists","floor":29,"turns":6},{"damage":0,"enemies":"Gremlin Leader","floor":31,"turns":8},{"damage":44,"enemies":"Automaton","floor":33,"turns":8},{"damage":9,"enemies":"3 Shapes","floor":35,"turns":4},{"damage":0,"enemies":"Orb Walker","floor":36,"turns":3},{"damage":16,"enemies":"Nemesis","floor":40,"turns":4},{"damage":0,"enemies":"3 Darklings","floor":41,"turns":2},{"damage":30,"enemies":"4 Shapes","floor":42,"turns":9},{"damage":18,"enemies":"Maw","floor":45,"turns":5},{"damage":8,"enemies":"3 Darklings","floor":46,"turns":3},{"damage":66,"enemies":"Donu and Deca","floor":50,"turns":6}],"event_choices":[{"event_name":"Shining Light","player_choice":"Entered Light","floor":7,"damage_taken":0},{"event_name":"Addict","player_choice":"Obtained Relic","floor":19,"damage_taken":0},{"event_name":"The Mausoleum","player_choice":"Yes","floor":21,"damage_taken":0},{"event_name":"Back to Basics","player_choice":"Simplicity","floor":24,"damage_taken":0},{"event_name":"Golden Shrine","player_choice":"Pray","floor":37,"damage_taken":0},{"event_name":"Winding Halls","player_choice":"Writhe","floor":38,"damage_taken":0},{"event_name":"Tomb of Lord Red Mask","player_choice":"Paid","floor":47,"damage_taken":0},{"event_name":"Transmorgrifier","player_choice":"Transform","floor":48,"damage_taken":0}],"boss_relics":[{"not_picked":["Black Star","White Beast Statue"],"picked":"Cursed Key"},{"not_picked":["Runic Dome","Velvet Choker"],"picked":"Question Card"}],"potions_floor_spawned":[3,5,10,13,18,25,29,33,36,45,46],"seed_played":"-1577055776799205281","killed_by":"Donu and Deca","ascension_level":0,"is_trial":false}