{"gold_per_floor":[216,232,23,23,43,43,68,83,83,83,83,114,135,208,208,285,335,346,357,272,304,35,35,68,86,136,136,136,155,155],"floor_reached":30,"playtime":2346,"items_purged":["Strike_R"],"score":426,"play_id":"011a4fa9-659f-4266-b1bc-de9d95612626","local_time":"20190506112216","is_ascension_mode":true,"campfire_choices":[{"data":"Bash","floor":6.0,"key":"SMITH"},{"data":"Uppercut","floor":10,"key":"SMITH"},{"floor":15,"key":"REST"},{"floor":23,"key":"REST"},{"floor":27,"key":"REST"}],"neow_cost":"NONE","seed_source_timestamp":0,"circlet_count":0,"master_deck":["AscendersBane","Strike_R+1","Strike_R","Strike_R","Strike_R+1","Defend_R","Defend_R","Defend_R","Defend_R","Bash+1","Shrug It Off","Cleave+1","Inflame","Uppercut+1","Iron Wave","Double Tap","Armaments+1","Body Slam+1","Warcry+1","Dual Wield+1","Dropkick+1"],"special_seed":0,"relics":["Burning Blood","Toolbox","Magic Flower","Shovel","Calipers","Incense Burner","Odd Mushroom","Tiny House","Bag of Marbles","Sling","Molten Egg 2","Juzu Bracelet"],"potions_floor_usage":[12,13,19,21,29,30],"damage_taken":[{"damage":3.0,"enemies":"Jaw Worm","floor":1.0,"turns":5.0},{"damage":5.0,"enemies":"Small Slimes","floor":2.0,"turns":3.0},{"damage":0.0,"enemies":"2 Louse","floor":5.0,"turns":2.0},{"damage":29.0,"enemies":"Gremlin Nob","floor":7.0,"turns":5.0},{"damage":2.0,"enemies":"Looter","floor":8.0,"turns":4.0},{"damage":27,"enemies":"3 Sentries","floor":12,"turns":9},{"damage":12,"enemies":"The Mushroom Lair","floor":13,"turns":4},{"damage":41,"enemies":"Slime Boss","floor":16,"turns":9},{"damage":14,"enemies":"Chosen","floor":18,"turns":5},{"damage":9,"enemies":"3 Byrds","floor":19,"turns":7},{"damage":28,"enemies":"Shelled Parasite and Fungi","floor":21,"turns":6},{"damage":32,"enemies":"Book of Stabbing","floor":24,"turns":6},{"damage":40,"enemies":"Snake Plant","floor":25,"turns":5},{"damage":19,"enemies":"Centurion and Healer","floor":29,"turns":6},{"damage":59,"enemies":"Gremlin Leader","floor":30,"turns":5}],"seed_played":"-4610097144789052255","potions_obtained":[{"floor":1.0,"key":"BloodPotion"},{"floor":12,"key":"Dexterity Potion"},{"floor":17,"key":"Energy Potion"},{"floor":19,"key":"SkillPotion"},{"floor":25,"key":"Dexterity Potion"},{"floor":28,"key":"Regen Potion"},{"floor":29,"key":"Ancient Potion"}],"is_trial":false,"path_per_floor":["M","M","$","?","M","R","E","M","T","R","?","E","?","?","R","B",null,"M","M","?","M","$","R","E","M","T","R","?","M","E"],"character_chosen":"IRONCLAD","items_purchased":["Toolbox","Sling"],"campfire_rested":3,"item_purchase_floors":[3,22],"current_hp_per_floor":[75,76,76,60,66,66,43,50,50,50,50,44,41,41,65,33,73,68,68,68,49,49,74,51,20,20,45,45,59,0],"gold":155,"neow_bonus":"HUNDRED_GOLD","is_prod":false,"is_daily":false,"chose_seed":false,"campfire_upgraded":2,"win_rate":0,"timestamp":1557152536,"path_taken":["M","M","$","?","M","R","E","M","T","R","?","E","?","?","R","BOSS","M","M","?","M","$","R","E","M","T","R","?","M","E"],"build_version":"2019-01-23","purchased_purges":1,"victory":false,"max_hp_per_floor":[80,80,80,80,80,80,80,80,80,80,80,80,80,80,80,80,85,85,85,85,85,85,85,85,85,85,85,85,85,85],"card_choices":[{"not_picked":["Carnage","Warcry"],"picked":"Shrug It Off","floor":1.0},{"not_picked":["Shrug It Off","Blood for Blood"],"picked":"Cleave","floor":2.0},{"not_picked":["Clash","Wild Strike"],"picked":"Inflame","floor":5.0},{"not_picked":["Twin Strike","Reckless Charge","Dark Embrace"],"picked":"SKIP","floor":7.0},{"not_picked":["Power Through","Headbutt"],"picked":"Uppercut","floor":8},{"not_picked":["Perfected Strike","Carnage"],"picked":"Iron Wave","floor":12},{"not_picked":["Immolate","Barricade"],"picked":"Double Tap","floor":16},{"not_picked":["Combust","Wild Strike"],"picked":"Armaments+1","floor":18},{"not_picked":["Power Through","Thunderclap"],"picked":"Body Slam+1","floor":19},{"not_picked":["Body Slam+1","Heavy Blade","Pommel Strike"],"picked":"SKIP","floor":21},{"not_picked":["Entrench","Carnage"],"picked":"Warcry+1","floor":24},{"not_picked":["Hemokinesis+1","Perfected Strike+1"],"picked":"Dual Wield+1","floor":25},{"not_picked":["Clothesline+1","Hemokinesis+1"],"picked":"Dropkick+1","floor":29}],"player_experience":703367,"relics_obtained":[{"floor":7.0,"key":"Magic Flower"},{"floor":9,"key":"Shovel"},{"floor":12,"key":"Incense Burner"},{"floor":13,"key":"Odd Mushroom"},{"floor":24,"key":"Molten Egg 2"},{"floor":26,"key":"Juzu Bracelet"}],"event_choices":[{"damage_healed":0.0,"max_hp_gain":0.0,"max_hp_loss":0.0,"gold_gain":0.0,"event_name":"Shining Light","player_choice":"Entered Light","floor":4.0,"gold_loss":0.0,"damage_taken":16.0,"cards_upgraded":["Strike_R","Cleave"]},{"damage_healed":0,"gold_gain":0,"player_choice":"Searched \u00271\u0027 times","damage_taken":0,"relics_obtained":["Calipers"],"max_hp_gain":0,"max_hp_loss":0,"event_name":"Dead Adventurer","floor":11,"gold_loss":0},{"damage_healed":0,"gold_gain":0,"player_choice":"Fought Mushrooms","damage_taken":0,"max_hp_gain":0,"max_hp_loss":0,"event_name":"Mushrooms","floor":13,"gold_loss":0},{"damage_healed":0,"gold_gain":73,"player_choice":"Gained Gold","damage_taken":0,"max_hp_gain":0,"max_hp_loss":0,"event_name":"Golden Wing","floor":14,"gold_loss":0},{"damage_healed":0,"gold_gain":0,"player_choice":"Obtained Relic","damage_taken":0,"relics_obtained":["Bag of Marbles"],"max_hp_gain":0,"max_hp_loss":0,"event_name":"Addict","floor":20,"gold_loss":85},{"damage_healed":0,"gold_gain":0,"player_choice":"Got Potions","damage_taken":0,"max_hp_gain":0,"max_hp_loss":0,"event_name":"Lab","floor":28,"gold_loss":0}],"is_beta":false,"boss_relics":[{"not_picked":["Runic Cube","Calling Bell"],"picked":"Tiny House"}],"items_purged_floors":[22],"is_endless":false,"potions_floor_spawned":[1,12,19,25,29],"killed_by":"Gremlin Leader","ascension_level":13}