{"gold_per_floor":[110,110,121,46,66,66,66,31,31,31,31,64,87,13,13,13],"floor_reached":16,"playtime":475,"items_purged":["Defend_R"],"score":118,"play_id":"3e7622ff-6995-44df-8fd6-f8d427073c04","local_time":"20181027123839","is_ascension_mode":true,"campfire_choices":[{"data":"Cleave","floor":6,"key":"SMITH"},{"data":"Bash","floor":10,"key":"SMITH"},{"floor":15,"key":"REST"}],"neow_cost":"PERCENT_DAMAGE","seed_source_timestamp":101520747128546,"circlet_count":0,"master_deck":["Strike_R","Strike_R","Defend_R","Defend_R","Bash+1","Pommel Strike","Cleave+1","Feed","Ghostly Armor","Heavy Blade","Inflame"],"relics":["Burning Blood","Prayer Wheel","Golden Idol","Ornamental Fan"],"potions_floor_usage":[12,13,16],"damage_taken":[{"damage":0,"enemies":"Small Slimes","floor":1,"turns":3},{"damage":8,"enemies":"2 Louse","floor":3,"turns":2},{"damage":1,"enemies":"Cultist","floor":5,"turns":3},{"damage":30,"enemies":"Lagavulin","floor":12,"turns":5},{"damage":26,"enemies":"Large Slime","floor":13,"turns":4},{"damage":53,"enemies":"Hexaghost","floor":16,"turns":10}],"seed_played":"-6182875325130462353","potions_obtained":[{"floor":3,"key":"BloodPotion"},{"floor":12,"key":"EssenceOfSteel"},{"floor":13,"key":"AttackPotion"}],"is_trial":false,"path_per_floor":["M","?","M","$","M","R","?","?","T","R","?","E","M","$","R"],"character_chosen":"IRONCLAD","items_purchased":["Inflame"],"campfire_rested":1,"item_purchase_floors":[14],"current_hp_per_floor":[62,55,53,53,58,58,58,78,78,78,58,42,25,25,49,0],"gold":13,"neow_bonus":"REMOVE_TWO","is_prod":false,"is_daily":false,"chose_seed":false,"campfire_upgraded":2,"win_rate":0,"timestamp":1540654719,"path_taken":["M","?","M","$","M","R","?","?","T","R","?","E","M","$","R","BOSS"],"build_version":"2018-10-25v2","purchased_purges":1,"victory":false,"max_hp_per_floor":[80,80,80,80,80,80,80,80,80,80,80,80,83,83,83,83],"card_choices":[{"not_picked":["Sword Boomerang","Twin Strike"],"picked":"Pommel Strike","floor":1},{"not_picked":["Havoc","True Grit","Reckless Charge"],"picked":"SKIP","floor":3},{"not_picked":["Blood for Blood","Intimidate"],"picked":"Cleave","floor":5},{"not_picked":["Blood for Blood","Iron Wave"],"picked":"Feed","floor":12},{"not_picked":["Heavy Blade","Thunderclap"],"picked":"Ghostly Armor","floor":13},{"not_picked":["Thunderclap","Second Wind"],"picked":"Heavy Blade","floor":13}],"player_experience":354944,"relics_obtained":[{"floor":9,"key":"Prayer Wheel"},{"floor":12,"key":"Ornamental Fan"}],"event_choices":[{"cards_removed":["Strike_R"],"damage_healed":0,"gold_gain":0,"player_choice":"Card Removal","damage_taken":7,"max_hp_gain":0,"max_hp_loss":0,"event_name":"Golden Wing","floor":2,"gold_loss":0},{"cards_removed":["Strike_R"],"damage_healed":0,"gold_gain":0,"player_choice":"Forget","damage_taken":0,"max_hp_gain":0,"max_hp_loss":0,"event_name":"Living Wall","floor":7,"gold_loss":0},{"damage_healed":20,"gold_gain":0,"player_choice":"Healed","damage_taken":0,"max_hp_gain":0,"max_hp_loss":0,"event_name":"The Cleric","floor":8,"gold_loss":35},{"damage_healed":0,"gold_gain":0,"player_choice":"Take Damage","damage_taken":20,"relics_obtained":["Golden Idol"],"max_hp_gain":0,"max_hp_loss":0,"event_name":"Golden Idol","floor":11,"gold_loss":0}],"is_beta":false,"boss_relics":[],"items_purged_floors":[4],"is_endless":false,"potions_floor_spawned":[3,12,13],"killed_by":"Hexaghost","ascension_level":4}