{"gold_per_floor":[215,228,303,320,74,74,135,166,192,192],"floor_reached":10,"playtime":436,"items_purged":[],"score":132,"play_id":"de4a9b2e-5ef2-47cf-a27c-8f192ea5961e","local_time":"20181230184937","is_ascension_mode":true,"campfire_choices":[{"data":"Neutralize","floor":6,"key":"SMITH"}],"neow_cost":"NONE","seed_source_timestamp":22044570431672,"circlet_count":0,"master_deck":["AscendersBane","Defend_G","Defend_G","Defend_G","Defend_G","Defend_G","Strike_G","Strike_G","Strike_G","Strike_G","Strike_G","Survivor","Neutralize+1","Quick Slash","Flying Knee","Deadly Poison","Adrenaline","Dagger Throw","Well Laid Plans"],"relics":["Ring of the Snake","Snake Skull","Potion Belt","Pen Nib"],"potions_floor_usage":[5,7,10,10],"damage_taken":[{"damage":10,"enemies":"Jaw Worm","floor":1,"turns":7},{"damage":0,"enemies":"Cultist","floor":2,"turns":4},{"damage":0,"enemies":"2 Louse","floor":4,"turns":3},{"damage":22,"enemies":"3 Sentries","floor":7,"turns":8},{"damage":20,"enemies":"Lagavulin","floor":8,"turns":6},{"damage":10,"enemies":"3 Sentries","floor":10,"turns":4}],"seed_played":"-2448140902881643163","potions_obtained":[{"floor":2,"key":"Explosive Potion"},{"floor":4,"key":"Swift Potion"},{"floor":8,"key":"Weak Potion"}],"is_trial":false,"path_per_floor":["M","M","?","M","$","R","?","E","T","E"],"character_chosen":"THE_SILENT","items_purchased":["Fruit Juice","Adrenaline","Fire Potion"],"campfire_rested":0,"item_purchase_floors":[5,5,5],"current_hp_per_floor":[49,49,38,38,43,43,21,1,1,0],"gold":192,"neow_bonus":"HUNDRED_GOLD","is_prod":false,"is_daily":false,"chose_seed":false,"campfire_upgraded":1,"win_rate":0,"timestamp":1546192177,"path_taken":["M","M","?","M","$","R","?","E","T","E"],"build_version":"2018-12-20","purchased_purges":0,"victory":false,"max_hp_per_floor":[66,66,66,66,71,71,71,71,71,71],"card_choices":[{"not_picked":["Cloak And Dagger","Bouncing Flask"],"picked":"Quick Slash","floor":1},{"not_picked":["Bane","Concentrate"],"picked":"Flying Knee","floor":2},{"not_picked":["Dodge and Roll","Backflip"],"picked":"Deadly Poison","floor":4},{"not_picked":["Acrobatics","Venomology"],"picked":"Dagger Throw","floor":7},{"not_picked":["Concentrate","Choke"],"picked":"Well Laid Plans","floor":8}],"player_experience":703761,"relics_obtained":[{"floor":7,"key":"Snake Skull"},{"floor":8,"key":"Potion Belt"},{"floor":9,"key":"Pen Nib"}],"event_choices":[{"damage_healed":0,"gold_gain":75,"player_choice":"Gather Gold","damage_taken":11,"max_hp_gain":0,"max_hp_loss":0,"event_name":"World of Goop","floor":3,"gold_loss":0},{"damage_healed":0,"gold_gain":30,"player_choice":"Searched \u00273\u0027 times","damage_taken":0,"max_hp_gain":0,"max_hp_loss":0,"event_name":"Dead Adventurer","floor":7,"gold_loss":0}],"is_beta":false,"boss_relics":[],"items_purged_floors":[],"is_endless":false,"potions_floor_spawned":[2,4,8],"killed_by":"3 Sentries","ascension_level":20}