{"gold_per_floor":[213,229,229,242,167,167,194,194,194,229,248,56,56,56,56,156,156,169,180,26,46,46,46,74,74,74,94,109,109,124,143,143,241,241,255,355,355,355,5,5,18,18,18,18,31,31,31,49,49,49],"floor_reached":51,"playtime":2366,"items_purged":["Regret","Strike_B"],"score":675,"play_id":"f110034b-eb66-4ad9-9576-397688cff43a","local_time":"20181018160125","is_ascension_mode":false,"campfire_choices":[{"data":"Double Energy","floor":6.0,"key":"SMITH"},{"data":"Zap","floor":8,"key":"SMITH"},{"floor":15,"key":"REST"},{"data":"Electrodynamics","floor":23,"key":"SMITH"},{"floor":25,"key":"REST"},{"data":"Static Discharge","floor":29,"key":"SMITH"},{"data":"Capacitor","floor":32,"key":"SMITH"},{"data":"Dualcast","floor":40,"key":"SMITH"},{"data":"Ball Lightning","floor":47,"key":"SMITH"},{"floor":49,"key":"REST"}],"neow_cost":"NONE","seed_source_timestamp":0,"circlet_count":0,"master_deck":["Strike_B","Strike_B","Strike_B","Defend_B","Defend_B","Defend_B","Zap+1","Dualcast+1","Double Energy+1","Ball Lightning+1","Capacitor+1","Cold Snap+1","Go for the Eyes+1","Electrodynamics+1","Ball Lightning+1","Melter+1","Sweeping Beam+1","Conserve Battery+1","Static Discharge+1","Redo+1","Finesse+1","Go for the Eyes+1","Rebound+1","Auto Shields+1","Gash+1"],"special_seed":0,"relics":["Cracked Core","Bird Faced Urn","Art of War","Molten Egg 2","Happy Flower","Medical Kit","Black Star","Vajra","Bottled Lightning","Toxic Egg 2","Pantograph","Lizard Tail","Kunai","Lantern","Juzu Bracelet","Gambling Chip"],"potions_floor_usage":[11,24,27,28,30,33,50],"damage_taken":[{"damage":1.0,"enemies":"Jaw Worm","floor":1.0,"turns":3.0},{"damage":1.0,"enemies":"Cultist","floor":2.0,"turns":4.0},{"damage":7.0,"enemies":"Small Slimes","floor":4.0,"turns":2.0},{"damage":17.0,"enemies":"3 Sentries","floor":7.0,"turns":5.0},{"damage":30,"enemies":"Gremlin Nob","floor":10,"turns":4},{"damage":7,"enemies":"2 Fungi Beasts","floor":11,"turns":2},{"damage":14,"enemies":"Hexaghost","floor":16,"turns":11},{"damage":12,"enemies":"3 Byrds","floor":18,"turns":4},{"damage":15,"enemies":"2 Thieves","floor":19,"turns":3},{"damage":11,"enemies":"Cultist and Chosen","floor":21,"turns":5},{"damage":30,"enemies":"Book of Stabbing","floor":24,"turns":5},{"damage":6,"enemies":"Snake Plant","floor":27,"turns":4},{"damage":0,"enemies":"Sentry and Sphere","floor":28,"turns":2},{"damage":5,"enemies":"Centurion and Healer","floor":30,"turns":4},{"damage":10,"enemies":"Cultist and Chosen","floor":31,"turns":3},{"damage":68,"enemies":"Automaton","floor":33,"turns":7},{"damage":6,"enemies":"3 Shapes","floor":35,"turns":4},{"damage":13,"enemies":"Orb Walker","floor":41,"turns":3},{"damage":30,"enemies":"Spire Growth","floor":45,"turns":4},{"damage":17,"enemies":"4 Shapes","floor":48,"turns":2},{"damage":130,"enemies":"Time Eater","floor":50,"turns":10}],"seed_played":"2146694543021555372","potions_obtained":[{"floor":2.0,"key":"AttackPotion"},{"floor":7.0,"key":"Ancient Potion"},{"floor":10,"key":"Regen Potion"},{"floor":21,"key":"Block Potion"},{"floor":24,"key":"Dexterity Potion"},{"floor":27,"key":"SkillPotion"},{"floor":31,"key":"Energy Potion"},{"floor":33,"key":"Regen Potion"},{"floor":41,"key":"Explosive Potion"},{"floor":45,"key":"SpeedPotion"}],"is_trial":false,"path_per_floor":["M","M","?","M","$","R","E","R","T","E","M","$","?","$","R","B",null,"M","M","$","M","$","R","E","R","T","M","M","R","M","M","R","B",null,"M","?","T","?","$","R","M","?","T","$","M","?","R","M","R","B"],"character_chosen":"DEFECT","items_purchased":["Medical Kit","Vajra","Finesse+1","Juzu Bracelet"],"campfire_rested":3,"item_purchase_floors":[12,20,39,39],"current_hp_per_floor":[74,73,73,66,66,66,49,49,49,19,19,19,19,19,41,29,75,67,56,56,49,49,49,23,45,45,43,45,45,46,40,40,3,75,75,75,75,75,75,75,64,64,64,64,40,40,40,27,49,2],"gold":49,"neow_bonus":"HUNDRED_GOLD","is_prod":false,"is_daily":false,"chose_seed":false,"campfire_upgraded":7,"win_rate":0,"timestamp":1539889285,"path_taken":["M","M","?","?","$","R","E","R","T","E","M","?","?","$","R","BOSS","M","?","?","M","$","R","E","R","T","M","?","R","M","M","R","BOSS","M","?","?","?","$","R","M","?","T","$","M","?","R","M","R","BOSS"],"build_version":"2018-10-11","purchased_purges":2,"victory":true,"max_hp_per_floor":[75,75,75,75,75,75,75,75,75,75,75,75,75,75,75,75,75,75,75,75,75,75,75,75,75,75,75,75,75,75,75,75,75,75,75,75,75,75,75,75,75,75,75,75,75,75,75,75,75,75],"card_choices":[{"not_picked":["Rebound","Consume"],"picked":"Double Energy","floor":1.0},{"not_picked":["Lockon","Coolheaded"],"picked":"Ball Lightning","floor":2.0},{"not_picked":["Beam Cell","Sweeping Beam","Stack"],"picked":"SKIP","floor":4.0},{"not_picked":["Turbo","Fusion"],"picked":"Capacitor","floor":7.0},{"not_picked":["Hello World","Conserve Battery"],"picked":"Cold Snap+1","floor":10},{"not_picked":["Aggregate","Stack"],"picked":"Go for the Eyes+1","floor":11},{"not_picked":["Reboot","Multi-Cast"],"picked":"Electrodynamics","floor":16},{"not_picked":["Steam","Capacitor"],"picked":"Ball Lightning+1","floor":18},{"not_picked":["Go for the Eyes+1","Darkness+1"],"picked":"Gash+1","floor":19},{"not_picked":["Streamline+1","Fusion+1"],"picked":"Melter+1","floor":21},{"not_picked":["Stack","Compile Driver+1"],"picked":"Sweeping Beam+1","floor":24},{"not_picked":["Ball Lightning+1","Stack+1"],"picked":"Conserve Battery+1","floor":27},{"not_picked":["Compile Driver+1","Recycle+1"],"picked":"Static Discharge","floor":28},{"not_picked":["Conserve Battery+1","Rip and Tear+1"],"picked":"Redo+1","floor":30},{"not_picked":["Cold Snap+1","Doom and Gloom+1","Turbo+1"],"picked":"SKIP","floor":31},{"not_picked":["Blizzard+1","Beam Cell+1","Chill+1"],"picked":"SKIP","floor":35},{"not_picked":["Redo+1","Leap+1"],"picked":"Go for the Eyes+1","floor":41},{"not_picked":["Conserve Battery+1","Leap+1"],"picked":"Auto Shields+1","floor":45},{"not_picked":["Barrage+1","Go for the Eyes+1"],"picked":"Gash+1","floor":48}],"player_experience":330833,"relics_obtained":[{"floor":7.0,"key":"Art of War"},{"floor":9,"key":"Molten Egg 2"},{"floor":10,"key":"Happy Flower"},{"floor":24,"key":"Bottled Lightning"},{"floor":24,"key":"Toxic Egg 2"},{"floor":26,"key":"Pantograph"},{"floor":37,"key":"Kunai"},{"floor":43,"key":"Gambling Chip"}],"event_choices":[{"event_name":"Big Fish","player_choice":"Box","floor":3.0,"damage_taken":0.0},{"event_name":"Shining Light","player_choice":"Ignored","floor":13,"damage_taken":0},{"event_name":"Golden Shrine","player_choice":"Pray","floor":36,"damage_taken":0},{"event_name":"WeMeetAgain","player_choice":"Potion","floor":38,"damage_taken":0},{"event_name":"Transmorgrifier","player_choice":"Transform","floor":42,"damage_taken":0},{"event_name":"Falling","player_choice":"Removed Attack","floor":46,"damage_taken":0}],"is_beta":false,"boss_relics":[{"not_picked":["Cursed Key","Coffee Dripper"],"picked":"Black Star"},{"not_picked":["Orrery","Calling Bell"],"picked":"Lizard Tail"}],"items_purged_floors":[5,39],"is_endless":false,"potions_floor_spawned":[2,7,10,21,24,27,31,33,41,45],"ascension_level":0}