{"path_per_floor":["M","M","?","?","?","R","E","T","T","E","M","M","M","M","R","B",null,"M","$","?","?","M","R","M","R","T"],"character_chosen":"IRONCLAD","items_purchased":["Paper Frog","Dual Wield"],"gold_per_floor":[110,121,121,121,121,121,148,171,171,198,209,220,233,246,246,347,347,367,38,38,38,56,56,74,74,74],"floor_reached":27,"campfire_rested":1,"playtime":1087,"current_hp_per_floor":[80,80,80,68,68,68,74,74,74,51,56,56,62,68,68,37,80,49,49,75,75,74,74,48,72,72],"items_purged":[],"gold":74,"score":273,"play_id":"1b768959-cdc6-4bc4-875f-2869accecefc","is_prod":false,"is_daily":false,"is_ascension_mode":true,"campfire_upgraded":3,"path_taken":["M","M","?","?","?","R","E","?","T","E","M","M","M","M","R","BOSS","M","$","?","?","M","R","M","R","T","E"],"build_version":"2018-02-15-PROD1","purchased_purges":0,"victory":false,"master_deck":["Strike_R","Strike_R","Strike_R","Strike_R","Defend_R","Defend_R","Defend_R","Defend_R","Bash+1","Thunderclap","Shrug It Off","Uppercut","Twin Strike","Seeing Red","Spot Weakness","Seeing Red","Cleave+1","Impervious","Infernal Blade","Disarm","Body Slam","Disarm","True Grit","Headbutt","Dual Wield","Barricade+1","Inflame"],"max_hp_per_floor":[80,80,80,80,80,80,80,80,80,80,80,80,80,80,80,80,80,80,80,80,80,80,80,80,80,80],"relics":["Burning Blood","NeowsBlessing","Frozen Eye","Smiling Mask","Bronze Scales","Pen Nib","Happy Flower","Orrery","Paper Frog","Magic Flower"],"card_choices":[{"not_picked":["Shockwave","Warcry"],"picked":"Thunderclap"},{"not_picked":["Fire Breathing","Burning Pact"],"picked":"Shrug It Off"},{"not_picked":["Anger","Shrug It Off"],"picked":"Uppercut"},{"not_picked":["Uppercut","Pummel"],"picked":"Twin Strike"},{"not_picked":["Iron Wave","Perfected Strike"],"picked":"Seeing Red"},{"not_picked":["Feel No Pain","Fire Breathing"],"picked":"Spot Weakness"},{"not_picked":["Metallicize","Wild Strike"],"picked":"Seeing Red"},{"not_picked":["Iron Wave","Spot Weakness"],"picked":"Cleave"},{"not_picked":["Barricade","Berserk"],"picked":"Impervious"},{"not_picked":["Perfected Strike","Shrug It Off"],"picked":"Infernal Blade"},{"not_picked":["Warcry","Sword Boomerang"],"picked":"Disarm"},{"not_picked":["Perfected Strike","Reckless Charge"],"picked":"Body Slam"},{"not_picked":["Searing Blow","Havoc"],"picked":"Disarm"},{"not_picked":["Twin Strike","Wild Strike"],"picked":"True Grit"},{"not_picked":["Pummel","Warcry"],"picked":"Headbutt"},{"not_picked":["Perfected Strike","Armaments"],"picked":"Barricade"},{"not_picked":["Intimidate","Cleave"],"picked":"Inflame"}],"player_experience":160650,"potions_floor_usage":[16,16,18,24],"damage_taken":[{"damage":0,"enemies":"Jaw Worm","floor":1,"turns":1},{"damage":0,"enemies":"2 Louse","floor":2,"turns":1},{"damage":0,"enemies":"3 Sentries","floor":7,"turns":1},{"damage":29,"enemies":"Lagavulin","floor":10,"turns":7},{"damage":1,"enemies":"Small Slimes","floor":11,"turns":3},{"damage":6,"enemies":"2 Fungi Beasts","floor":12,"turns":2},{"damage":0,"enemies":"3 Louse","floor":13,"turns":2},{"damage":0,"enemies":"Large Slime","floor":14,"turns":4},{"damage":37,"enemies":"The Guardian","floor":16,"turns":7},{"damage":37,"enemies":"Chosen","floor":18,"turns":8},{"damage":7,"enemies":"Spheric Guardian","floor":22,"turns":4},{"damage":32,"enemies":"3 Cultists","floor":24,"turns":4},{"damage":72,"enemies":"Slavers","floor":27,"turns":3}],"event_choices":[{"event_name":"Living Wall","player_choice":"Forget","floor":3,"damage_taken":0},{"event_name":"Scrap Ooze","player_choice":"success","floor":4,"damage_taken":12},{"event_name":"Liars Game","player_choice":"disagreed","floor":5,"damage_taken":0},{"event_name":"The Library","player_choice":"Heal","floor":20,"damage_taken":0},{"event_name":"Cursed Tome","player_choice":"Ignored","floor":21,"damage_taken":0}],"boss_relics":[{"not_picked":["Cursed Key","Sozu"],"picked":"Orrery"}],"potions_floor_spawned":[1,12,13,14,18],"seed_played":"-3696978415207117512","killed_by":"Slavers","ascension_level":2,"is_trial":false}