{"gold_per_floor":[112,112,112,112,132,132,161,161,161,175,207,207,226,240,240,319,319,330,330,330,350,369,369,395,375,422,422,433,49,49,81,81,158,158,168,218,231,231,250,279,279,279,279,307,307,232,260,277,277,277,277,277,277,24,49,49],"floor_reached":56,"playtime":3358,"items_purged":["Strike_R"],"score":2012,"play_id":"c3ab991e-e307-42c5-845a-9860af55549b","local_time":"20190208172455","is_ascension_mode":true,"campfire_choices":[{"data":"Bash","floor":6,"key":"SMITH"},{"data":"1","floor":8,"key":"LIFT"},{"floor":12,"key":"REST"},{"data":"2","floor":15,"key":"LIFT"},{"floor":23,"key":"REST"},{"data":"Armaments","floor":27,"key":"SMITH"},{"data":"3","floor":30,"key":"LIFT"},{"data":"Metallicize","floor":32,"key":"SMITH"},{"floor":42,"key":"RECALL"},{"floor":45,"key":"REST"},{"floor":49,"key":"REST"},{"floor":53,"key":"REST"}],"neow_cost":"NONE","seed_source_timestamp":14911360890713,"circlet_count":0,"master_deck":["AscendersBane","Strike_R","Strike_R","Strike_R","Defend_R","Defend_R","Defend_R","Defend_R","Bash+1","Thunderclap","Spot Weakness","Shrug It Off","Disarm+1","Anger","Clothesline","Offering","Headbutt","Battle Trance","Armaments+1","Feel No Pain","Metallicize+1","Fiend Fire+1","Uppercut+1","True Grit+1","Disarm","Corruption"],"relics":["Burning Blood","Girya","Centennial Puzzle","Velvet Choker","MutagenicStrength","Bag of Preparation","Orichalcum","Lee\u0027s Waffle","Vajra","Molten Egg 2","Fusion Hammer","Thread and Needle","Potion Belt","Mummified Hand","Blood Vial","Bronze Scales","Bag of Marbles","Art of War"],"potions_floor_usage":[7,11,16,16,31,36,56,56,56,56],"damage_taken":[{"damage":2,"enemies":"Jaw Worm","floor":1,"turns":5},{"damage":6,"enemies":"2 Louse","floor":5,"turns":4},{"damage":35,"enemies":"3 Sentries","floor":7,"turns":8},{"damage":10,"enemies":"Small Slimes","floor":10,"turns":3},{"damage":37,"enemies":"Lagavulin","floor":11,"turns":9},{"damage":11,"enemies":"Exordium Wildlife","floor":13,"turns":3},{"damage":12,"enemies":"Large Slime","floor":14,"turns":9},{"damage":16,"enemies":"The Guardian","floor":16,"turns":15},{"damage":6,"enemies":"3 Byrds","floor":18,"turns":4},{"damage":20,"enemies":"Shell Parasite","floor":21,"turns":4},{"damage":40,"enemies":"Sentry and Sphere","floor":22,"turns":6},{"damage":27,"enemies":"Book of Stabbing","floor":24,"turns":5},{"damage":14,"enemies":"Snake Plant","floor":28,"turns":3},{"damage":17,"enemies":"Gremlin Leader","floor":31,"turns":4},{"damage":55,"enemies":"Automaton","floor":33,"turns":7},{"damage":1,"enemies":"3 Shapes","floor":35,"turns":4},{"damage":20,"enemies":"2 Orb Walkers","floor":36,"turns":3},{"damage":1,"enemies":"Orb Walker","floor":37,"turns":2},{"damage":0,"enemies":"4 Shapes","floor":39,"turns":16},{"damage":27,"enemies":"Nemesis","floor":40,"turns":8},{"damage":6,"enemies":"Reptomancer","floor":44,"turns":2},{"damage":6,"enemies":"Nemesis","floor":47,"turns":1},{"damage":6,"enemies":"Sphere and 2 Shapes","floor":48,"turns":3},{"damage":9,"enemies":"Time Eater","floor":50,"turns":14},{"damage":17,"enemies":"Donu and Deca","floor":51,"turns":9},{"damage":75,"enemies":"Shield and Spear","floor":55,"turns":8},{"damage":74,"enemies":"The Heart","floor":56,"turns":6}],"seed_played":"-8513254200996250162","potions_obtained":[{"floor":1,"key":"EssenceOfSteel"},{"floor":5,"key":"FearPotion"},{"floor":10,"key":"SkillPotion"},{"floor":13,"key":"Regen Potion"},{"floor":24,"key":"Block Potion"},{"floor":25,"key":"Strength Potion"},{"floor":31,"key":"SmokeBomb"},{"floor":33,"key":"FearPotion"},{"floor":37,"key":"SkillPotion"},{"floor":39,"key":"LiquidBronze"},{"floor":47,"key":"Regen Potion"},{"floor":48,"key":"FearPotion"},{"floor":55,"key":"AttackPotion"}],"is_trial":false,"path_per_floor":["M","?","?","?","M","R","E","R","T","M","E","R","M","M","R","B",null,"M","?","?","M","M","R","E","?","T","R","M","$","R","E","R","B",null,"M","?","M","?","M","E","?","R","T","E","R","$","E","M","R","B","B",null,"R","$","E","B"],"character_chosen":"IRONCLAD","items_purchased":["Lee\u0027s Waffle","Vajra","Regen Potion","Bag of Marbles"],"campfire_rested":5,"item_purchase_floors":[29,29,54,54],"current_hp_per_floor":[79,79,79,84,84,84,55,55,55,51,20,46,41,35,35,40,75,75,75,75,61,27,53,32,32,32,32,24,94,94,83,83,34,79,84,70,75,75,81,60,60,60,60,60,88,88,90,92,94,91,82,91,94,94,25,0],"gold":49,"neow_bonus":"TEN_PERCENT_HP_BONUS","is_prod":false,"is_daily":false,"chose_seed":false,"campfire_upgraded":3,"win_rate":0,"timestamp":1549643095,"path_taken":["M","?","?","?","M","R","E","R","T","M","E","R","M","M","R","BOSS","M","?","?","M","M","R","E","?","T","R","?","$","R","E","R","BOSS","M","?","M","?","?","E","?","R","T","E","R","$","E","M","R","BOSS","BOSS","R","$","E","BOSS"],"build_version":"2019-01-23","purchased_purges":1,"victory":false,"max_hp_per_floor":[82,82,82,87,87,87,87,87,87,87,87,87,87,87,87,87,87,87,87,87,87,87,87,87,87,87,87,87,94,94,94,94,94,94,94,94,94,94,94,94,94,94,94,94,94,94,94,94,94,94,94,94,94,94,94,94],"card_choices":[{"not_picked":["Sentinel","Clash"],"picked":"Thunderclap","floor":1},{"not_picked":["Sentinel","Wild Strike"],"picked":"Spot Weakness","floor":5},{"not_picked":["Shockwave","Reckless Charge"],"picked":"Shrug It Off","floor":7},{"not_picked":["Body Slam","Flex"],"picked":"Disarm","floor":10},{"not_picked":["Heavy Blade","Intimidate"],"picked":"Anger","floor":11},{"not_picked":["Bloodletting","Pommel Strike"],"picked":"Clothesline","floor":13},{"not_picked":["Double Tap","Cleave","Thunderclap"],"picked":"SKIP","floor":14},{"not_picked":["Berserk","Barricade"],"picked":"Offering","floor":16},{"not_picked":["Seeing Red","Rage"],"picked":"Headbutt","floor":18},{"not_picked":["Burning Pact","Iron Wave","Twin Strike"],"picked":"SKIP","floor":21},{"not_picked":["Headbutt","Clothesline","Cleave"],"picked":"SKIP","floor":22},{"not_picked":["Iron Wave","Sword Boomerang"],"picked":"Armaments","floor":24},{"not_picked":["Searing Blow","Body Slam"],"picked":"Feel No Pain","floor":28},{"not_picked":["Uppercut","Pommel Strike"],"picked":"Metallicize","floor":31},{"not_picked":["Double Tap","Demon Form"],"picked":"Fiend Fire+1","floor":33},{"not_picked":["Warcry","Body Slam+1","Iron Wave+1"],"picked":"SKIP","floor":35},{"not_picked":["Warcry","Thunderclap+1"],"picked":"Uppercut+1","floor":36},{"not_picked":["Rupture","Rage"],"picked":"True Grit+1","floor":37},{"not_picked":["Sentinel","Twin Strike+1","Iron Wave+1"],"picked":"SKIP","floor":39},{"not_picked":["Warcry","Infernal Blade+1","Seeing Red"],"picked":"SKIP","floor":40},{"not_picked":["Thunderclap+1","Searing Blow+1"],"picked":"Disarm","floor":44},{"not_picked":["Flex","Warcry","Sentinel"],"picked":"SKIP","floor":47},{"not_picked":["Fire Breathing","Flex"],"picked":"Corruption","floor":48},{"not_picked":["Brutality","Fire Breathing","Thunderclap+1"],"picked":"SKIP","floor":55}],"player_experience":942659,"relics_obtained":[{"floor":7,"key":"Girya"},{"floor":11,"key":"Centennial Puzzle"},{"floor":24,"key":"Bag of Preparation"},{"floor":26,"key":"Orichalcum"},{"floor":31,"key":"Molten Egg 2"},{"floor":36,"key":"Thread and Needle"},{"floor":40,"key":"Potion Belt"},{"floor":43,"key":"Mummified Hand"},{"floor":44,"key":"Blood Vial"},{"floor":47,"key":"Bronze Scales"},{"floor":55,"key":"Art of War"}],"event_choices":[{"cards_removed":["Strike_R"],"damage_healed":0,"gold_gain":0,"player_choice":"Forget","damage_taken":0,"max_hp_gain":0,"max_hp_loss":0,"event_name":"Living Wall","floor":2,"gold_loss":0},{"damage_healed":0,"gold_gain":0,"player_choice":"Ignored","damage_taken":0,"max_hp_gain":0,"max_hp_loss":0,"event_name":"Liars Game","floor":3,"gold_loss":0},{"damage_healed":0,"gold_gain":0,"player_choice":"Donut","damage_taken":0,"max_hp_gain":5,"max_hp_loss":0,"event_name":"Big Fish","floor":4,"gold_loss":0},{"damage_healed":0,"gold_gain":0,"player_choice":"Read","damage_taken":0,"max_hp_gain":0,"max_hp_loss":0,"event_name":"The Library","floor":19,"gold_loss":0,"cards_obtained":["Battle Trance"]},{"damage_healed":0,"gold_gain":0,"player_choice":"Inject Mutagens","damage_taken":0,"relics_obtained":["MutagenicStrength"],"max_hp_gain":0,"max_hp_loss":0,"event_name":"Drug Dealer","floor":20,"gold_loss":0},{"damage_healed":0,"gold_gain":0,"player_choice":"Bought 1 Potion","damage_taken":0,"max_hp_gain":0,"max_hp_loss":0,"event_name":"The Woman in Blue","floor":25,"gold_loss":0},{"damage_healed":0,"gold_gain":0,"player_choice":"Fight","damage_taken":0,"max_hp_gain":0,"max_hp_loss":0,"event_name":"Mysterious Sphere","floor":36,"gold_loss":0},{"damage_healed":0,"gold_gain":0,"player_choice":"Forge","damage_taken":0,"max_hp_gain":0,"max_hp_loss":0,"event_name":"Accursed Blacksmith","floor":38,"gold_loss":0,"cards_upgraded":["Disarm"]},{"damage_healed":0,"gold_gain":0,"player_choice":"Ignored","damage_taken":0,"max_hp_gain":0,"max_hp_loss":0,"event_name":"Tomb of Lord Red Mask","floor":41,"gold_loss":0}],"is_beta":false,"boss_relics":[{"not_picked":["White Beast Statue","Calling Bell"],"picked":"Velvet Choker"},{"not_picked":["Busted Crown","Black Star"],"picked":"Fusion Hammer"}],"items_purged_floors":[46],"is_endless":false,"potions_floor_spawned":[1,5,10,13,24,31,33,37,39,47,48,55],"killed_by":"The Heart","ascension_level":20}