{"gold_per_floor":[111,122,122,139,189,189,201,228,228,228,257,257,273,273,273,376,376,393,55,65,81,98,128,128,145,145,145,145,160,160],"floor_reached":30,"playtime":1288,"items_purged":[],"score":275,"play_id":"7da2254c-ae19-442c-aafa-d68ba7c146b3","local_time":"20190513200454","is_ascension_mode":true,"campfire_choices":[{"floor":6.0,"key":"REST"},{"data":"Buffer","floor":10,"key":"SMITH"},{"data":"Zap","floor":12,"key":"SMITH"},{"data":"Capacitor","floor":15,"key":"SMITH"},{"data":"Machine Learning","floor":24,"key":"SMITH"},{"data":"Capacitor","floor":28,"key":"SMITH"}],"neow_cost":"PERCENT_DAMAGE","seed_source_timestamp":2082441182968100,"circlet_count":0,"master_deck":["Strike_B","Strike_B","Strike_B","Defend_B","Defend_B","Defend_B","Defend_B","Zap+1","Dualcast","Buffer+1","Conserve Battery","Conserve Battery","Hologram","Cold Snap","Reinforced Body","Capacitor+1","Cold Snap","Electrodynamics","Blizzard","Buffer+1","Defragment","Sweeping Beam","Capacitor+1","Coolheaded+1","Machine Learning+1","Beam Cell","Loop"],"special_seed":0,"relics":["Cracked Core","Matryoshka","Bronze Scales","Anchor","Calipers","Centennial Puzzle","The Courier","Ancient Tea Set","Lizard Tail","DataDisk","DollysMirror","Ornamental Fan","Toxic Egg 2"],"potions_floor_usage":[],"damage_taken":[{"damage":4.0,"enemies":"2 Louse","floor":1.0,"turns":3.0},{"damage":0.0,"enemies":"Jaw Worm","floor":2.0,"turns":4.0},{"damage":1.0,"enemies":"Cultist","floor":4.0,"turns":4.0},{"damage":4,"enemies":"Blue Slaver","floor":7,"turns":4},{"damage":12,"enemies":"Lagavulin","floor":8,"turns":9},{"damage":9,"enemies":"3 Sentries","floor":11,"turns":8},{"damage":0,"enemies":"Looter","floor":13,"turns":3},{"damage":7,"enemies":"Slime Boss","floor":16,"turns":16},{"damage":10,"enemies":"2 Thieves","floor":18,"turns":3},{"damage":16,"enemies":"3 Byrds","floor":20,"turns":3},{"damage":0,"enemies":"Snake Plant","floor":21,"turns":6},{"damage":9,"enemies":"Centurion and Healer","floor":22,"turns":8},{"damage":11,"enemies":"Book of Stabbing","floor":23,"turns":7},{"damage":6,"enemies":"3 Cultists","floor":25,"turns":3},{"damage":6,"enemies":"Snake Plant","floor":29,"turns":5}],"seed_played":"-382983920476054298","potions_obtained":[{"floor":2.0,"key":"Dexterity Potion"},{"floor":4.0,"key":"GamblersBrew"},{"floor":13,"key":"Dexterity Potion"},{"floor":20,"key":"Swift Potion"},{"floor":22,"key":"Energy Potion"}],"is_trial":false,"path_per_floor":["M","M","?","M","T","R","M","E","T","R","E","R","M","?","R","B",null,"M","$","M","M","M","E","R","M","T","?","R","M","?"],"character_chosen":"DEFECT","items_purchased":["DataDisk","DollysMirror","Defragment"],"campfire_rested":1,"item_purchase_floors":[19,19,19],"current_hp_per_floor":[50,50,17,16,16,38,34,22,22,22,13,13,13,13,13,6,75,65,65,49,49,40,29,29,23,23,23,23,17,17],"gold":160,"neow_bonus":"THREE_RARE_CARDS","is_prod":false,"is_daily":false,"chose_seed":false,"campfire_upgraded":5,"win_rate":0,"timestamp":1557792294,"path_taken":["M","M","?","M","?","R","M","E","T","R","E","R","M","?","R","BOSS","M","$","M","M","M","E","R","M","T","?","R","?","?"],"build_version":"2019-01-23","purchased_purges":0,"victory":false,"max_hp_per_floor":[75,75,75,75,75,75,75,75,75,75,75,75,75,75,75,75,75,75,75,75,75,75,75,75,75,75,75,75,75,75],"card_choices":[{"not_picked":["Multi-Cast","Meteor Strike"],"picked":"Buffer","floor":0.0},{"not_picked":["Barrage","Double Energy"],"picked":"Conserve Battery","floor":1.0},{"not_picked":["Steam","Static Discharge"],"picked":"Conserve Battery","floor":2.0},{"not_picked":["Blizzard","Hello World"],"picked":"Hologram","floor":4.0},{"not_picked":["Aggregate","Coolheaded"],"picked":"Cold Snap","floor":7},{"not_picked":["Rebound","Steam"],"picked":"Reinforced Body","floor":8},{"not_picked":["Hologram","Stack"],"picked":"Capacitor","floor":11},{"not_picked":["Redo","Steam"],"picked":"Cold Snap","floor":13},{"not_picked":["Biased Cognition","Amplify"],"picked":"Electrodynamics","floor":16},{"not_picked":["Compile Driver","Ball Lightning"],"picked":"Blizzard","floor":18},{"not_picked":["Rip and Tear","Redo"],"picked":"Sweeping Beam","floor":20},{"not_picked":["Beam Cell","Cold Snap"],"picked":"Capacitor","floor":21},{"not_picked":["Leap","Hologram"],"picked":"Coolheaded+1","floor":22},{"not_picked":["Defragment","Ball Lightning+1"],"picked":"Machine Learning","floor":23},{"not_picked":["Compile Driver","Creative AI"],"picked":"Beam Cell","floor":25},{"not_picked":["Barrage","Leap+1"],"picked":"Loop","floor":29}],"player_experience":585912,"relics_obtained":[{"floor":5.0,"key":"Bronze Scales"},{"floor":5.0,"key":"Anchor"},{"floor":8,"key":"Calipers"},{"floor":9,"key":"Centennial Puzzle"},{"floor":9,"key":"The Courier"},{"floor":11,"key":"Ancient Tea Set"},{"floor":23,"key":"Ornamental Fan"},{"floor":26,"key":"Toxic Egg 2"}],"event_choices":[{"damage_healed":0.0,"max_hp_gain":0.0,"max_hp_loss":0.0,"gold_gain":0.0,"event_name":"Scrap Ooze","player_choice":"Success","floor":3.0,"gold_loss":0.0,"damage_taken":33.0,"relics_obtained":["Matryoshka"]},{"damage_healed":0,"gold_gain":0,"player_choice":"Ignored","damage_taken":0,"max_hp_gain":0,"max_hp_loss":0,"event_name":"Golden Wing","floor":14,"gold_loss":0},{"cards_removed":["Strike_B"],"damage_healed":0,"gold_gain":0,"player_choice":"Purged","damage_taken":0,"max_hp_gain":0,"max_hp_loss":0,"event_name":"Purifier","floor":27,"gold_loss":0}],"is_beta":false,"boss_relics":[{"not_picked":["Cursed Key","Runic Dome"],"picked":"Lizard Tail"}],"items_purged_floors":[],"is_endless":false,"potions_floor_spawned":[2,4,13,20,21,22,29],"ascension_level":1}