{"gold_per_floor":[112,112,112,126,91,91,106,138,190,222,248,248,264,290,290,387,387,405,424,424,52,52,82,82,82,82,111,111,128,144,177,177,177],"floor_reached":33,"playtime":4653,"items_purged":["Defend_R"],"score":387,"play_id":"41c64583-f039-4a5e-a3f3-5fd610ed2b2e","local_time":"20190514230208","is_ascension_mode":true,"campfire_choices":[{"floor":6,"key":"REST"},{"floor":12,"key":"REST"},{"floor":15,"key":"REST"},{"floor":24,"key":"REST"},{"floor":28,"key":"REST"},{"floor":32,"key":"REST"}],"neow_cost":"NONE","seed_source_timestamp":2937742542892113,"circlet_count":0,"master_deck":["Defend_R","Defend_R+1","Defend_R+1","Bash","Dual Wield+1","Perfected Strike+1","Shrug It Off+1","Clothesline","Thunderclap","Disarm","Fire Breathing","Bludgeon","Disarm","Pommel Strike+1","Feed","Thunderclap","Twin Strike","Rampage","Flex","Shrug It Off","Bite","Bite","Bite","Bite","Bite","True Grit+1","Intimidate","Flame Barrier+1","Armaments"],"relics":["Astrolabe","Boot","Happy Flower","Bird Faced Urn","Oddly Smooth Stone","Omamori","Black Star","Whetstone","MutagenicStrength","Potion Belt","Thread and Needle","Mercury Hourglass","Pear","Dodecahedron","Meat on the Bone","Orichalcum"],"potions_floor_usage":[10,16,23,31,31,31,31],"damage_taken":[{"damage":4,"enemies":"Cultist","floor":1,"turns":4},{"damage":0,"enemies":"2 Louse","floor":4,"turns":3},{"damage":0,"enemies":"Jaw Worm","floor":7,"turns":3},{"damage":34,"enemies":"3 Sentries","floor":8,"turns":10},{"damage":29,"enemies":"Lagavulin","floor":10,"turns":6},{"damage":1,"enemies":"Large Slime","floor":13,"turns":6},{"damage":29,"enemies":"Gremlin Nob","floor":14,"turns":6},{"damage":36,"enemies":"Slime Boss","floor":16,"turns":8},{"damage":11,"enemies":"Shell Parasite","floor":18,"turns":9},{"damage":17,"enemies":"Chosen","floor":19,"turns":7},{"damage":52,"enemies":"Slavers","floor":23,"turns":8},{"damage":30,"enemies":"Book of Stabbing","floor":27,"turns":7},{"damage":11,"enemies":"Snecko","floor":29,"turns":6},{"damage":26,"enemies":"Snake Plant","floor":30,"turns":5},{"damage":37,"enemies":"Gremlin Leader","floor":31,"turns":8},{"damage":127,"enemies":"Automaton","floor":33,"turns":12}],"seed_played":"-2394887788107741316","potions_obtained":[{"floor":7,"key":"Strength Potion"},{"floor":10,"key":"AttackPotion"},{"floor":16,"key":"PowerPotion"},{"floor":27,"key":"Poison Potion"},{"floor":29,"key":"Dexterity Potion"},{"floor":30,"key":"Energy Potion"}],"is_trial":false,"path_per_floor":["M","?","?","M","?","R","M","E","T","E","T","R","M","E","R","B",null,"M","M","?","$","?","E","R","?","T","E","R","M","M","E","R","B"],"character_chosen":"IRONCLAD","items_purchased":["Rampage","Flex","Whetstone","Weak Potion"],"campfire_rested":6,"item_purchase_floors":[21,21,21,21],"current_hp_per_floor":[76,51,35,37,57,80,80,46,46,19,19,43,46,21,45,13,80,72,62,62,62,62,19,45,45,45,39,68,63,52,34,65,0],"gold":177,"neow_bonus":"BOSS_RELIC","is_prod":false,"is_daily":false,"chose_seed":false,"campfire_upgraded":0,"win_rate":0,"timestamp":1557889328,"path_taken":["M","?","?","M","?","R","M","E","T","E","?","R","M","E","R","BOSS","M","M","?","$","?","E","R","?","T","E","R","M","M","E","R","BOSS"],"build_version":"2019-01-23","purchased_purges":1,"victory":false,"max_hp_per_floor":[80,80,80,80,80,80,80,80,80,80,80,80,80,80,80,80,80,83,86,86,86,86,89,89,89,89,99,99,99,102,105,105,105],"card_choices":[{"not_picked":["Dual Wield","Warcry"],"picked":"Clothesline","floor":1},{"not_picked":["Hemokinesis","Clash"],"picked":"Thunderclap","floor":4},{"not_picked":["Dual Wield","Inflame"],"picked":"Disarm","floor":7},{"not_picked":["Shrug It Off","Spot Weakness"],"picked":"Fire Breathing","floor":8},{"not_picked":["Whirlwind","Shrug It Off"],"picked":"Bludgeon","floor":10},{"not_picked":["Shockwave","Headbutt"],"picked":"Disarm","floor":13},{"not_picked":["Clash","Flex"],"picked":"Pommel Strike","floor":14},{"not_picked":["Barricade","Juggernaut"],"picked":"Feed","floor":16},{"not_picked":["Pummel","Hemokinesis"],"picked":"Thunderclap","floor":18},{"not_picked":["Flex","Pummel"],"picked":"Twin Strike","floor":19},{"not_picked":["Sever Soul","Cleave"],"picked":"Shrug It Off","floor":23},{"not_picked":["Thunderclap","Barricade"],"picked":"True Grit+1","floor":27},{"not_picked":["Shrug It Off","Sword Boomerang"],"picked":"Intimidate","floor":29},{"not_picked":["Dropkick","Inflame"],"picked":"Flame Barrier+1","floor":30},{"not_picked":["Whirlwind","Limit Break"],"picked":"Armaments","floor":31}],"player_experience":11778,"relics_obtained":[{"floor":8,"key":"Boot"},{"floor":9,"key":"Happy Flower"},{"floor":10,"key":"Bird Faced Urn"},{"floor":11,"key":"Oddly Smooth Stone"},{"floor":14,"key":"Omamori"},{"floor":23,"key":"Potion Belt"},{"floor":23,"key":"Thread and Needle"},{"floor":26,"key":"Mercury Hourglass"},{"floor":27,"key":"Pear"},{"floor":27,"key":"Dodecahedron"},{"floor":31,"key":"Meat on the Bone"},{"floor":31,"key":"Orichalcum"}],"event_choices":[{"damage_healed":0,"gold_gain":0,"player_choice":"Success","damage_taken":25,"relics_obtained":["Blood Vial"],"max_hp_gain":0,"max_hp_loss":0,"event_name":"Scrap Ooze","floor":2,"gold_loss":0},{"damage_healed":0,"gold_gain":0,"player_choice":"Entered Light","damage_taken":16,"max_hp_gain":0,"max_hp_loss":0,"event_name":"Shining Light","floor":3,"gold_loss":0,"cards_upgraded":["Defend_R","Defend_R"]},{"damage_healed":20,"gold_gain":0,"player_choice":"Healed","damage_taken":0,"max_hp_gain":0,"max_hp_loss":0,"event_name":"The Cleric","floor":5,"gold_loss":35},{"damage_healed":0,"gold_gain":0,"player_choice":"Smashed Altar","damage_taken":0,"max_hp_gain":0,"max_hp_loss":0,"event_name":"Forgotten Altar","floor":20,"gold_loss":0,"cards_obtained":["Decay"]},{"damage_healed":0,"gold_gain":0,"player_choice":"Inject Mutagens","damage_taken":0,"relics_obtained":["MutagenicStrength"],"max_hp_gain":0,"max_hp_loss":0,"event_name":"Drug Dealer","floor":22,"gold_loss":0},{"damage_healed":0,"gold_gain":0,"player_choice":"Became a vampire (Vial)","damage_taken":0,"max_hp_gain":0,"max_hp_loss":0,"event_name":"Vampires","floor":25,"relics_lost":["Blood Vial"],"gold_loss":0,"cards_obtained":["Bite","Bite","Bite","Bite","Bite"]}],"is_beta":false,"boss_relics":[{"not_picked":["Velvet Choker","Snecko Eye"],"picked":"Black Star"}],"items_purged_floors":[21],"is_endless":false,"potions_floor_spawned":[7,10,16,27,29,30],"killed_by":"Automaton","ascension_level":1}