{"gold_per_floor":[112,112,14,14,32,32,66,66,66,66,141,170,39,49,49,123,123,135,149,129,142,159,1,1],"floor_reached":24,"playtime":933,"items_purged":["Strike_B","Strike_B"],"score":408,"play_id":"7e9db1c6-662e-40ea-a822-0514baec2088","local_time":"20181120234526","is_ascension_mode":true,"campfire_choices":[{"data":"Zap","floor":6,"key":"SMITH"},{"data":"Sweeping Beam","floor":8,"key":"SMITH"},{"floor":10,"key":"REST"},{"data":"Defragment","floor":15,"key":"SMITH"}],"neow_cost":"NONE","seed_source_timestamp":24442681640231,"circlet_count":0,"master_deck":["AscendersBane","Strike_B","Strike_B","Defend_B","Defend_B","Defend_B","Defend_B","Zap+1","Dualcast","Ball Lightning","FTL","Sweeping Beam+1","Defragment+1","Conserve Battery","Leap","Electrodynamics","Chill","Cold Snap","FTL","Ball Lightning"],"relics":["Cracked Core","Art of War","DataDisk","Juzu Bracelet","Cursed Key"],"potions_floor_usage":[7,12,16,21,24,24],"damage_taken":[{"damage":13,"enemies":"Small Slimes","floor":1,"turns":5},{"damage":5,"enemies":"2 Louse","floor":5,"turns":2},{"damage":30,"enemies":"Lagavulin","floor":7,"turns":4},{"damage":8,"enemies":"Gremlin Nob","floor":12,"turns":3},{"damage":2,"enemies":"Jaw Worm","floor":14,"turns":3},{"damage":29,"enemies":"Hexaghost","floor":16,"turns":8},{"damage":16,"enemies":"2 Thieves","floor":18,"turns":3},{"damage":11,"enemies":"Shell Parasite","floor":19,"turns":5},{"damage":1,"enemies":"Snecko","floor":21,"turns":4},{"damage":17,"enemies":"Snake Plant","floor":22,"turns":3},{"damage":18,"enemies":"Book of Stabbing","floor":24,"turns":2}],"seed_played":"-809225173833586771","potions_obtained":[{"floor":1,"key":"Swift Potion"},{"floor":7,"key":"SteroidPotion"},{"floor":16,"key":"SteroidPotion"},{"floor":18,"key":"GamblersBrew"},{"floor":22,"key":"Poison Potion"}],"is_trial":false,"path_per_floor":["M","?","$","?","M","R","E","R","T","R","?","E","$","M","R","B",null,"M","M","?","M","M","$","E"],"character_chosen":"DEFECT","items_purchased":["FTL","SteroidPotion","Conserve Battery","Ball Lightning"],"campfire_rested":1,"item_purchase_floors":[3,3,13,23],"current_hp_per_floor":[58,63,63,63,58,58,28,28,28,52,41,33,33,31,31,2,63,47,36,36,35,18,18,0],"gold":1,"neow_bonus":"TEN_PERCENT_HP_BONUS","is_prod":false,"is_daily":false,"chose_seed":false,"campfire_upgraded":3,"win_rate":0,"timestamp":1542753926,"path_taken":["M","?","$","?","M","R","E","R","T","R","?","E","$","M","R","BOSS","M","M","?","M","M","?","E"],"build_version":"2018-11-15","purchased_purges":2,"victory":false,"max_hp_per_floor":[78,83,83,83,83,83,83,83,83,83,83,83,83,83,83,83,83,83,83,83,83,83,83,83],"card_choices":[{"not_picked":["Capacitor","Gash"],"picked":"Ball Lightning","floor":1},{"not_picked":["Hologram","Beam Cell"],"picked":"Sweeping Beam","floor":5},{"not_picked":["Hello World","Chill","Double Energy"],"picked":"SKIP","floor":7},{"not_picked":["Heatsinks","Rip and Tear"],"picked":"Defragment","floor":12},{"not_picked":["Doom and Gloom","Barrage"],"picked":"Leap","floor":14},{"not_picked":["Machine Learning","Hyperbeam"],"picked":"Electrodynamics","floor":16},{"not_picked":["Stack","Beam Cell"],"picked":"Chill","floor":18},{"not_picked":["Rip and Tear","Turbo+1","Loop"],"picked":"SKIP","floor":19},{"not_picked":["Conserve Battery+1","Loop"],"picked":"Cold Snap","floor":21},{"not_picked":["Rip and Tear+1","Reprogram"],"picked":"FTL","floor":22}],"player_experience":595548,"relics_obtained":[{"floor":7,"key":"Art of War"},{"floor":9,"key":"DataDisk"},{"floor":12,"key":"Juzu Bracelet"}],"event_choices":[{"damage_healed":0,"gold_gain":0,"player_choice":"Donut","damage_taken":0,"max_hp_gain":5,"max_hp_loss":0,"event_name":"Big Fish","floor":2,"gold_loss":0},{"damage_healed":0,"gold_gain":0,"player_choice":"Ignored","damage_taken":0,"max_hp_gain":0,"max_hp_loss":0,"event_name":"Liars Game","floor":4,"gold_loss":0},{"damage_healed":0,"gold_gain":75,"player_choice":"Gather Gold","damage_taken":11,"max_hp_gain":0,"max_hp_loss":0,"event_name":"World of Goop","floor":11,"gold_loss":0},{"damage_healed":0,"gold_gain":0,"player_choice":"Bought 1 Potion","damage_taken":0,"max_hp_gain":0,"max_hp_loss":0,"event_name":"The Woman in Blue","floor":20,"gold_loss":0}],"is_beta":false,"boss_relics":[{"not_picked":["Calling Bell","Runic Pyramid"],"picked":"Cursed Key"}],"items_purged_floors":[13,23],"is_endless":false,"potions_floor_spawned":[1,7,16,18,22],"killed_by":"Book of Stabbing","ascension_level":20}