{"gold_per_floor":[109,109,120,135,135,152,169,169,169,169,198,198,232,307,307,381,381,393,46,46,57,57,91,91,91],"floor_reached":25,"playtime":1246,"items_purged":[],"score":435,"play_id":"8d2cf681-4f36-41a3-be7e-77ecb34f37c0","local_time":"20190523122554","is_ascension_mode":true,"campfire_choices":[{"data":"Armaments","floor":8,"key":"SMITH"},{"floor":12,"key":"REST"},{"floor":15,"key":"REST"},{"floor":24,"key":"REST"}],"neow_cost":"NONE","seed_source_timestamp":448490913275489,"circlet_count":0,"master_deck":["AscendersBane","Strike_R+1","Strike_R+1","Defend_R+1","Defend_R+1","Defend_R+1","Bash","Headbutt","Demon Form","Whirlwind","Armaments+1","Uppercut+1","Warcry","Juggernaut","Dropkick+1","Body Slam+1"],"relics":["Burning Blood","Bag of Marbles","Gambling Chip","Molten Egg 2","Pocketwatch","Turnip","Empty Cage","FossilizedHelix","Frozen Egg 2"],"potions_floor_usage":[7,11,18,21,23],"damage_taken":[{"damage":4,"enemies":"Jaw Worm","floor":1,"turns":4},{"damage":1,"enemies":"Cultist","floor":3,"turns":3},{"damage":0,"enemies":"2 Louse","floor":4,"turns":4},{"damage":36,"enemies":"Exordium Wildlife","floor":6,"turns":7},{"damage":3,"enemies":"3 Louse","floor":7,"turns":2},{"damage":32,"enemies":"Gremlin Nob","floor":11,"turns":4},{"damage":14,"enemies":"3 Sentries","floor":13,"turns":7},{"damage":27,"enemies":"Hexaghost","floor":16,"turns":9},{"damage":28,"enemies":"3 Byrds","floor":18,"turns":6},{"damage":22,"enemies":"2 Thieves","floor":21,"turns":3},{"damage":47,"enemies":"Book of Stabbing","floor":23,"turns":6},{"damage":33,"enemies":"Gremlin Leader","floor":25,"turns":6}],"seed_played":"1646172859727239164","potions_obtained":[{"floor":6,"key":"GamblersBrew"},{"floor":7,"key":"BloodPotion"},{"floor":11,"key":"Ancient Potion"},{"floor":16,"key":"Regen Potion"},{"floor":18,"key":"AttackPotion"},{"floor":21,"key":"Fire Potion"}],"is_trial":false,"path_per_floor":["M","?","M","M","?","M","M","R","T","T","E","R","E","?","R","B",null,"M","$","?","M","?","E","R","E"],"character_chosen":"IRONCLAD","items_purchased":["FossilizedHelix"],"campfire_rested":3,"item_purchase_floors":[19],"current_hp_per_floor":[70,70,75,75,68,38,41,41,41,41,22,44,36,25,47,26,63,53,53,68,52,52,11,33,0],"gold":91,"neow_bonus":"RANDOM_COMMON_RELIC","is_prod":false,"is_daily":false,"chose_seed":false,"campfire_upgraded":1,"win_rate":0,"timestamp":1558625154,"path_taken":["M","?","?","M","?","M","M","R","T","?","E","R","E","?","R","BOSS","M","$","?","M","?","E","R","E"],"build_version":"2019-01-23","purchased_purges":0,"victory":false,"max_hp_per_floor":[75,75,75,75,75,75,75,75,75,75,75,75,75,75,75,75,75,75,75,75,75,75,75,75,75],"card_choices":[{"not_picked":["Wild Strike","Thunderclap"],"picked":"Headbutt","floor":1},{"not_picked":["Body Slam","Bloodletting"],"picked":"Demon Form","floor":3},{"not_picked":["Perfected Strike","Searing Blow","Thunderclap"],"picked":"SKIP","floor":4},{"not_picked":["Carnage","Disarm"],"picked":"Whirlwind","floor":6},{"not_picked":["Ghostly Armor","Sword Boomerang"],"picked":"Armaments","floor":7},{"not_picked":["Juggernaut","Body Slam+1"],"picked":"Uppercut+1","floor":11},{"not_picked":["Burning Pact","Fire Breathing"],"picked":"Warcry","floor":13},{"not_picked":["Offering","Exhume"],"picked":"Juggernaut","floor":16},{"not_picked":["Warcry","Cleave+1","True Grit"],"picked":"SKIP","floor":18},{"not_picked":["Demon Form","True Grit"],"picked":"Dropkick+1","floor":21},{"not_picked":["Shrug It Off","Feel No Pain"],"picked":"Body Slam+1","floor":23}],"player_experience":777666,"relics_obtained":[{"floor":9,"key":"Gambling Chip"},{"floor":10,"key":"Molten Egg 2"},{"floor":11,"key":"Pocketwatch"},{"floor":13,"key":"Turnip"},{"floor":23,"key":"Frozen Egg 2"}],"event_choices":[{"cards_removed":["Strike_R"],"damage_healed":0,"gold_gain":0,"player_choice":"Offered Basic","damage_taken":0,"max_hp_gain":0,"max_hp_loss":0,"event_name":"Bonfire Elementals","floor":2,"gold_loss":0},{"cards_removed":["Defend_R"],"damage_healed":0,"gold_gain":0,"player_choice":"Card Removal","damage_taken":7,"max_hp_gain":0,"max_hp_loss":0,"event_name":"Golden Wing","floor":5,"gold_loss":0},{"damage_healed":0,"gold_gain":75,"player_choice":"Gather Gold","damage_taken":11,"max_hp_gain":0,"max_hp_loss":0,"event_name":"World of Goop","floor":14,"gold_loss":0},{"damage_healed":15,"gold_gain":0,"player_choice":"Heal","damage_taken":0,"max_hp_gain":0,"max_hp_loss":0,"event_name":"The Library","floor":20,"gold_loss":0},{"damage_healed":0,"gold_gain":0,"player_choice":"Simplicity","damage_taken":0,"max_hp_gain":0,"max_hp_loss":0,"event_name":"Back to Basics","floor":22,"gold_loss":0,"cards_upgraded":["Strike_R","Strike_R","Defend_R","Defend_R","Defend_R"]}],"is_beta":false,"boss_relics":[{"not_picked":["Sozu","Pandora\u0027s Box"],"picked":"Empty Cage"}],"items_purged_floors":[],"is_endless":false,"potions_floor_spawned":[6,7,11,16,18,21],"killed_by":"Gremlin Leader","ascension_level":18}