{"gold_per_floor":[110,35,35,35,9,9,25,25,49,79,100,0,0,18,18,120,120,134,144,162,37,37,136,136,155,155,155,155,171,171,183,183,286,286,299,310,310,9,25,38,38],"floor_reached":41,"playtime":2144,"items_purged":["Defend_R","Strike_R","Strike_R"],"score":381,"play_id":"9af216ea-2c6d-4de1-95e2-26d9d45f19ad","local_time":"20190313135738","is_ascension_mode":false,"campfire_choices":[{"data":"Bash","floor":6,"key":"SMITH"},{"data":"Dropkick","floor":8,"key":"SMITH"},{"data":"Headbutt","floor":15,"key":"SMITH"},{"floor":24,"key":"RECALL"},{"data":"Rage","floor":27,"key":"SMITH"},{"data":"Dropkick","floor":30,"key":"SMITH"},{"floor":32,"key":"REST"}],"neow_cost":"NONE","seed_source_timestamp":181305446320443,"circlet_count":0,"master_deck":["Strike_R+1","Defend_R+1","Defend_R+1","Bash+1","Battle Trance","Headbutt+1","Dropkick+1","Cleave","Disarm+1","Berserk+1","Metallicize+1","Dropkick+1","Cleave+1","Rage+1","Dropkick","Clothesline+1","Body Slam+1","Juggernaut","Clash","Magnetism","Trip","Fire Breathing+1"],"relics":["Burning Blood","Omamori","Juzu Bracelet","Orichalcum","PreservedInsect","Odd Mushroom","Astrolabe","Dodecahedron","Philosopher\u0027s Stone","Turnip"],"potions_floor_usage":[11,11,19,20,33,35,36,41],"damage_taken":[{"damage":13,"enemies":"Cultist","floor":1,"turns":5},{"damage":0,"enemies":"2 Louse","floor":7,"turns":2},{"damage":0,"enemies":"The Mushroom Lair","floor":11,"turns":3},{"damage":5,"enemies":"Jaw Worm","floor":14,"turns":2},{"damage":42,"enemies":"Hexaghost","floor":16,"turns":7},{"damage":0,"enemies":"Chosen","floor":18,"turns":4},{"damage":10,"enemies":"Spheric Guardian","floor":19,"turns":5},{"damage":2,"enemies":"Snecko","floor":20,"turns":5},{"damage":8,"enemies":"Centurion and Healer","floor":25,"turns":5},{"damage":17,"enemies":"Sentry and Sphere","floor":29,"turns":6},{"damage":0,"enemies":"Cultist and Chosen","floor":31,"turns":4},{"damage":2,"enemies":"Champ","floor":33,"turns":9},{"damage":0,"enemies":"Orb Walker","floor":35,"turns":3},{"damage":30,"enemies":"3 Shapes","floor":36,"turns":6},{"damage":18,"enemies":"Maw","floor":39,"turns":6},{"damage":0,"enemies":"Writhing Mass","floor":40,"turns":5},{"damage":48,"enemies":"Reptomancer","floor":41,"turns":3}],"seed_played":"4231297747800188314","potions_obtained":[{"floor":1,"key":"Fire Potion"},{"floor":7,"key":"SteroidPotion"},{"floor":18,"key":"PowerPotion"},{"floor":19,"key":"Energy Potion"},{"floor":29,"key":"Strength Potion"},{"floor":31,"key":"Fire Potion"},{"floor":35,"key":"Strength Potion"},{"floor":39,"key":"Explosive Potion"}],"is_trial":false,"path_per_floor":["M","$","T","?","$","R","M","R","T","?","?","$","?","M","R","B",null,"M","M","M","$","?","?","R","M","T","R","?","M","R","M","R","B",null,"M","M","?","$","M","M","E"],"character_chosen":"IRONCLAD","items_purchased":["Headbutt","Turnip"],"campfire_rested":1,"item_purchase_floors":[5,38],"current_hp_per_floor":[73,73,73,66,66,66,72,72,72,72,78,78,71,72,72,36,80,80,76,80,80,80,80,80,78,78,78,78,67,67,73,80,80,80,80,56,51,51,39,45,0],"gold":38,"neow_bonus":"RANDOM_COMMON_RELIC","is_prod":false,"is_daily":false,"chose_seed":false,"campfire_upgraded":5,"win_rate":0,"timestamp":1552496258,"path_taken":["M","$","?","?","?","R","M","R","T","?","?","$","?","M","R","BOSS","M","M","M","$","?","?","R","M","T","R","?","M","R","M","R","BOSS","M","M","?","?","M","M","E"],"build_version":"2019-01-23","purchased_purges":3,"victory":false,"max_hp_per_floor":[80,80,80,80,80,80,80,80,80,80,80,80,80,80,80,80,80,80,80,80,80,80,80,80,80,80,80,80,80,80,80,80,80,80,80,80,80,80,80,80,80],"card_choices":[{"not_picked":["Wild Strike","Hemokinesis"],"picked":"Battle Trance","floor":1},{"not_picked":["Sever Soul","Power Through"],"picked":"Dropkick","floor":7},{"not_picked":["Reckless Charge","Armaments"],"picked":"Cleave","floor":14},{"not_picked":["Dark Embrace","Bludgeon"],"picked":"Immolate","floor":16},{"not_picked":["Havoc","Second Wind","Entrench"],"picked":"SKIP","floor":18},{"not_picked":["Twin Strike","Havoc"],"picked":"Dropkick","floor":19},{"not_picked":["Thunderclap+1","Whirlwind"],"picked":"Cleave+1","floor":20},{"not_picked":["Shrug It Off","Battle Trance"],"picked":"Rage","floor":25},{"not_picked":["Warcry","True Grit"],"picked":"Clothesline+1","floor":29},{"not_picked":["Whirlwind","Iron Wave"],"picked":"Body Slam+1","floor":31},{"not_picked":["Reaper","Exhume"],"picked":"Juggernaut","floor":33},{"not_picked":["Heavy Blade+1","Thunderclap+1"],"picked":"Clash","floor":35},{"not_picked":["Second Wind","Body Slam+1","Seeing Red"],"picked":"SKIP","floor":36},{"not_picked":["Mind Blast","Swift Strike"],"picked":"Magnetism","floor":37},{"not_picked":["Jack Of All Trades","Mind Blast"],"picked":"Trip","floor":37},{"not_picked":["Wild Strike","Seeing Red+1","True Grit+1"],"picked":"SKIP","floor":39},{"not_picked":["Metallicize","Dual Wield"],"picked":"Fire Breathing+1","floor":40}],"player_experience":507374,"relics_obtained":[{"floor":9,"key":"Orichalcum"},{"floor":11,"key":"Odd Mushroom"},{"floor":26,"key":"Dodecahedron"}],"event_choices":[{"damage_healed":0,"gold_gain":0,"player_choice":"Success","damage_taken":7,"relics_obtained":["Juzu Bracelet"],"max_hp_gain":0,"max_hp_loss":0,"event_name":"Scrap Ooze","floor":4,"gold_loss":0},{"damage_healed":0,"gold_gain":30,"player_choice":"Searched \u00273\u0027 times","damage_taken":0,"relics_obtained":["PreservedInsect"],"max_hp_gain":0,"max_hp_loss":0,"event_name":"Dead Adventurer","floor":10,"gold_loss":0},{"damage_healed":0,"gold_gain":0,"player_choice":"Fought Mushrooms","damage_taken":0,"max_hp_gain":0,"max_hp_loss":0,"event_name":"Mushrooms","floor":11,"gold_loss":0},{"cards_removed":["Strike_R"],"damage_healed":0,"gold_gain":0,"player_choice":"Card Removal","damage_taken":7,"max_hp_gain":0,"max_hp_loss":0,"event_name":"Golden Wing","floor":13,"gold_loss":0},{"damage_healed":0,"gold_gain":0,"player_choice":"Simplicity","damage_taken":0,"max_hp_gain":0,"max_hp_loss":0,"event_name":"Back to Basics","floor":22,"gold_loss":0,"cards_upgraded":["Strike_R","Defend_R","Defend_R"]},{"damage_healed":0,"gold_gain":99,"player_choice":"Stole From Cult","damage_taken":0,"max_hp_gain":0,"max_hp_loss":0,"event_name":"Nest","floor":23,"gold_loss":0},{"damage_healed":0,"gold_gain":0,"player_choice":"Read","damage_taken":0,"max_hp_gain":0,"max_hp_loss":0,"event_name":"The Library","floor":28,"gold_loss":0,"cards_obtained":["Dropkick"]},{"damage_healed":0,"gold_gain":0,"player_choice":"Memory 2","damage_taken":5,"max_hp_gain":0,"max_hp_loss":0,"event_name":"SensoryStone","floor":37,"gold_loss":0}],"is_beta":false,"boss_relics":[{"not_picked":["Runic Pyramid","Orrery"],"picked":"Astrolabe"},{"not_picked":["Pandora\u0027s Box","Sozu"],"picked":"Philosopher\u0027s Stone"}],"items_purged_floors":[2,12,21],"is_endless":false,"potions_floor_spawned":[1,7,18,19,29,31,35,39],"killed_by":"Reptomancer","ascension_level":0}