{"gold_per_floor":[112,124,23,23,23,52,68,124,147,159],"floor_reached":10,"playtime":404,"items_purged":[],"score":157,"play_id":"8215ae90-59cf-4352-a7aa-09b96dc24a71","local_time":"20190429134021","is_ascension_mode":true,"campfire_choices":[],"neow_cost":"NONE","seed_source_timestamp":946928524049854,"circlet_count":0,"master_deck":["AscendersBane","Strike_R","Strike_R","Strike_R","Strike_R","Strike_R","Defend_R","Defend_R","Defend_R","Defend_R","Bash","Rage","Shrug It Off","Shrug It Off"],"relics":["Burning Blood","NeowsBlessing","Potion Belt","Oddly Smooth Stone","Letter Opener","Tiny Chest","MawBank"],"potions_floor_usage":[8],"damage_taken":[{"damage":0,"enemies":"Cultist","floor":1,"turns":1},{"damage":0,"enemies":"2 Louse","floor":2,"turns":1},{"damage":0,"enemies":"Lagavulin","floor":6,"turns":1},{"damage":0,"enemies":"Small Slimes","floor":7,"turns":5},{"damage":35,"enemies":"Gremlin Nob","floor":8,"turns":5},{"damage":58,"enemies":"Lagavulin","floor":10,"turns":13}],"seed_played":"-5322597148608908166","potions_obtained":[{"floor":6,"key":"Regen Potion"},{"floor":7,"key":"Fire Potion"}],"is_trial":false,"path_per_floor":["M","M","?","$","?","E","M","E","T","E"],"character_chosen":"IRONCLAD","items_purchased":[],"campfire_rested":0,"item_purchase_floors":[],"current_hp_per_floor":[78,80,80,80,68,74,80,51,51,0],"gold":159,"neow_bonus":"THREE_ENEMY_KILL","is_prod":false,"is_daily":false,"chose_seed":false,"campfire_upgraded":0,"win_rate":0,"timestamp":1556556021,"path_taken":["M","?","?","?","?","E","M","E","T","E"],"build_version":"2019-01-23","purchased_purges":0,"victory":false,"max_hp_per_floor":[80,80,80,80,80,80,80,80,80,80],"card_choices":[{"not_picked":["Armaments","Intimidate"],"picked":"Rage","floor":1},{"not_picked":["Wild Strike","Sword Boomerang","Thunderclap"],"picked":"SKIP","floor":2},{"not_picked":["Thunderclap","Sword Boomerang"],"picked":"Shrug It Off","floor":6},{"not_picked":["Pummel","Reckless Charge"],"picked":"Shrug It Off","floor":7},{"not_picked":["Sentinel","Clash","Combust"],"picked":"SKIP","floor":8}],"player_experience":669444,"relics_obtained":[{"floor":6,"key":"Letter Opener"},{"floor":8,"key":"Tiny Chest"},{"floor":9,"key":"MawBank"}],"event_choices":[{"damage_healed":0,"gold_gain":0,"player_choice":"Paid Gold","damage_taken":0,"relics_obtained":["Potion Belt"],"max_hp_gain":0,"max_hp_loss":0,"event_name":"WeMeetAgain","floor":3,"gold_loss":101},{"damage_healed":0,"gold_gain":0,"player_choice":"Success","damage_taken":12,"relics_obtained":["Oddly Smooth Stone"],"max_hp_gain":0,"max_hp_loss":0,"event_name":"Scrap Ooze","floor":5,"gold_loss":0}],"is_beta":false,"boss_relics":[],"items_purged_floors":[],"is_endless":false,"potions_floor_spawned":[6,7],"killed_by":"Lagavulin","ascension_level":11}