{"gold_per_floor":[115,290,290,354,370,370,402,402,457,30,57,77,97,108,108,212,212,224,243,118,118,133,153,153,170,170,170,198,212,212,212,212,314,314,325,343,343,418,418,418,436,536,536,536,552,562,587,603,603,603],"floor_reached":50,"playtime":1886,"items_purged":["Doubt","Strike_R"],"score":817,"play_id":"bcf4b708-e7ea-4f77-9dc5-c52d64c23c7c","local_time":"20190425095705","is_ascension_mode":true,"campfire_choices":[{"data":"Uppercut","floor":6,"key":"SMITH"},{"floor":8,"key":"REST"},{"data":"Flame Barrier","floor":15,"key":"SMITH"},{"data":"Barricade","floor":24,"key":"SMITH"},{"data":"Bash","floor":27,"key":"SMITH"},{"data":"Immolate","floor":30,"key":"SMITH"},{"data":"Defend_R","floor":32,"key":"SMITH"},{"data":"Cleave","floor":40,"key":"SMITH"},{"data":"Strike_R","floor":44,"key":"PURGE"},{"data":"1","floor":49,"key":"LIFT"}],"neow_cost":"PERCENT_DAMAGE","seed_source_timestamp":586450177144316,"circlet_count":0,"master_deck":["Strike_R","Strike_R","Strike_R","Defend_R+1","Defend_R+1","Defend_R","Defend_R+1","Bash+1","Immolate+1","Uppercut+1","Flame Barrier+1","Dropkick","Barricade+1","Anger+1","Cleave+1","Clash","Clash","Pummel+1","Warcry+1","Shrug It Off+1"],"relics":["Black Blood","Bag of Marbles","Strawberry","Anchor","Brimstone","Nunchaku","Pear","Pen Nib","Busted Crown","Ornamental Fan","Peace Pipe","Girya"],"potions_floor_usage":[7,11,16,16,19,19,22,25,25,25,33,41,47,48,50],"damage_taken":[{"damage":5,"enemies":"Small Slimes","floor":1,"turns":5},{"damage":0,"enemies":"2 Louse","floor":5,"turns":2},{"damage":54,"enemies":"Lagavulin","floor":7,"turns":10},{"damage":3,"enemies":"Gremlin Nob","floor":11,"turns":3},{"damage":0,"enemies":"Jaw Worm","floor":12,"turns":2},{"damage":0,"enemies":"Red Slaver","floor":13,"turns":3},{"damage":0,"enemies":"2 Fungi Beasts","floor":14,"turns":1},{"damage":16,"enemies":"Hexaghost","floor":16,"turns":7},{"damage":0,"enemies":"Chosen","floor":18,"turns":3},{"damage":10,"enemies":"2 Thieves","floor":19,"turns":3},{"damage":0,"enemies":"Cultist and Chosen","floor":22,"turns":3},{"damage":0,"enemies":"Snake Plant","floor":23,"turns":2},{"damage":0,"enemies":"Sentry and Sphere","floor":25,"turns":3},{"damage":0,"enemies":"Gremlin Leader","floor":28,"turns":4},{"damage":0,"enemies":"Chosen and Byrds","floor":29,"turns":3},{"damage":54,"enemies":"Collector","floor":33,"turns":7},{"damage":2,"enemies":"Orb Walker","floor":35,"turns":2},{"damage":0,"enemies":"3 Shapes","floor":36,"turns":2},{"damage":1,"enemies":"Jaw Worm Horde","floor":41,"turns":3},{"damage":0,"enemies":"Maw","floor":45,"turns":4},{"damage":0,"enemies":"4 Shapes","floor":46,"turns":1},{"damage":13,"enemies":"Giant Head","floor":47,"turns":7},{"damage":0,"enemies":"Spire Growth","floor":48,"turns":3},{"damage":111,"enemies":"Donu and Deca","floor":50,"turns":6}],"seed_played":"6146841278752320331","potions_obtained":[{"floor":1,"key":"Swift Potion"},{"floor":5,"key":"Regen Potion"},{"floor":13,"key":"EssenceOfSteel"},{"floor":14,"key":"Dexterity Potion"},{"floor":18,"key":"Dexterity Potion"},{"floor":19,"key":"Fruit Juice"},{"floor":21,"key":"Weak Potion"},{"floor":21,"key":"AttackPotion"},{"floor":21,"key":"Swift Potion"},{"floor":23,"key":"Weak Potion"},{"floor":29,"key":"Dexterity Potion"},{"floor":33,"key":"PowerPotion"},{"floor":36,"key":"Dexterity Potion"},{"floor":41,"key":"Weak Potion"},{"floor":46,"key":"EssenceOfSteel"}],"is_trial":false,"path_per_floor":["M","?","?","?","M","R","E","R","T","$","E","M","M","M","R","B",null,"M","M","$","?","M","M","R","M","T","R","E","M","R","?","R","B",null,"M","M","?","T","?","R","M","?","T","R","M","M","E","M","R","B"],"character_chosen":"IRONCLAD","items_purchased":["Anchor","Brimstone","Cleave"],"campfire_rested":1,"item_purchase_floors":[10,10,20],"current_hp_per_floor":[52,52,36,36,42,42,9,33,40,40,43,49,55,61,61,51,78,87,92,92,92,92,92,92,92,102,102,102,102,102,102,102,58,91,99,102,102,102,102,102,102,102,102,102,102,102,99,102,102,0],"gold":603,"neow_bonus":"THREE_RARE_CARDS","is_prod":false,"is_daily":false,"chose_seed":false,"campfire_upgraded":7,"win_rate":0,"timestamp":1556197025,"path_taken":["M","?","?","?","M","R","E","R","T","$","E","M","M","M","R","BOSS","M","M","$","?","M","M","R","M","T","R","E","?","R","?","R","BOSS","M","M","?","?","?","R","?","?","T","R","M","?","E","M","R","BOSS"],"build_version":"2019-01-23","purchased_purges":2,"victory":false,"max_hp_per_floor":[80,80,80,80,80,80,80,80,87,87,87,87,87,87,87,87,87,87,92,92,92,92,92,92,92,102,102,102,102,102,102,102,102,102,102,102,102,102,102,102,102,102,102,102,102,102,102,102,102,102],"card_choices":[{"not_picked":["Exhume","Double Tap"],"picked":"Immolate","floor":0},{"not_picked":["Dual Wield","Twin Strike","Spot Weakness"],"picked":"SKIP","floor":1},{"not_picked":["Dropkick","Perfected Strike"],"picked":"Uppercut","floor":5},{"not_picked":["Havoc","Headbutt"],"picked":"Flame Barrier","floor":7},{"not_picked":["Seeing Red","Double Tap","Blood for Blood"],"picked":"SKIP","floor":11},{"not_picked":["Second Wind","Warcry","Dual Wield"],"picked":"SKIP","floor":12},{"not_picked":["Body Slam","Dual Wield","Headbutt"],"picked":"SKIP","floor":13},{"not_picked":["Rampage","Headbutt"],"picked":"Dropkick","floor":14},{"not_picked":["Fiend Fire","Offering"],"picked":"Barricade","floor":16},{"not_picked":["Flex+1","Perfected Strike","Twin Strike"],"picked":"SKIP","floor":18},{"not_picked":["Headbutt","Evolve+1"],"picked":"Anger+1","floor":19},{"not_picked":["Thunderclap","Second Wind","Blood for Blood"],"picked":"SKIP","floor":22},{"not_picked":["Body Slam","Clash+1","Infernal Blade"],"picked":"SKIP","floor":23},{"not_picked":["Warcry","Twin Strike+1","Power Through+1"],"picked":"SKIP","floor":25},{"not_picked":["True Grit","Thunderclap","Rupture"],"picked":"SKIP","floor":28},{"not_picked":["Cleave+1","Twin Strike"],"picked":"Clash","floor":29},{"not_picked":["Dark Embrace","Limit Break"],"picked":"Impervious","floor":33},{"not_picked":[],"picked":"Pummel","floor":35},{"not_picked":[],"picked":"Warcry+1","floor":36},{"not_picked":["Uppercut+1"],"picked":"SKIP","floor":41},{"not_picked":["Thunderclap+1"],"picked":"SKIP","floor":45},{"not_picked":["Cleave+1"],"picked":"SKIP","floor":46},{"not_picked":["Flex+1"],"picked":"SKIP","floor":47},{"not_picked":[],"picked":"Shrug It Off+1","floor":48}],"player_experience":649787,"relics_obtained":[{"floor":7,"key":"Bag of Marbles"},{"floor":9,"key":"Strawberry"},{"floor":11,"key":"Nunchaku"},{"floor":26,"key":"Pear"},{"floor":28,"key":"Pen Nib"},{"floor":38,"key":"Ornamental Fan"},{"floor":43,"key":"Peace Pipe"},{"floor":47,"key":"Girya"}],"event_choices":[{"damage_healed":0,"gold_gain":175,"player_choice":"AGREE","damage_taken":0,"max_hp_gain":0,"max_hp_loss":0,"event_name":"Liars Game","floor":2,"gold_loss":0,"cards_obtained":["Doubt"]},{"damage_healed":0,"gold_gain":0,"player_choice":"Entered Light","damage_taken":16,"max_hp_gain":0,"max_hp_loss":0,"event_name":"Shining Light","floor":3,"gold_loss":0,"cards_upgraded":["Defend_R","Defend_R"]},{"damage_healed":0,"gold_gain":64,"player_choice":"Gained Gold","damage_taken":0,"max_hp_gain":0,"max_hp_loss":0,"event_name":"Golden Wing","floor":4,"gold_loss":0},{"damage_healed":0,"gold_gain":0,"player_choice":"Got Potions","damage_taken":0,"max_hp_gain":0,"max_hp_loss":0,"event_name":"Lab","floor":21,"gold_loss":0},{"damage_healed":0,"gold_gain":0,"player_choice":"Read","damage_taken":0,"max_hp_gain":0,"max_hp_loss":0,"event_name":"The Library","floor":31,"gold_loss":0,"cards_obtained":["Clash"]},{"cards_removed":["Impervious"],"damage_healed":0,"gold_gain":0,"player_choice":"Removed Skill","damage_taken":0,"max_hp_gain":0,"max_hp_loss":0,"event_name":"Falling","floor":37,"gold_loss":0},{"damage_healed":0,"gold_gain":0,"player_choice":"Upgraded","damage_taken":0,"max_hp_gain":0,"max_hp_loss":0,"event_name":"Upgrade Shrine","floor":39,"gold_loss":0,"cards_upgraded":["Pummel"]},{"damage_healed":0,"gold_gain":100,"player_choice":"Pray","damage_taken":0,"max_hp_gain":0,"max_hp_loss":0,"event_name":"Golden Shrine","floor":42,"gold_loss":0}],"is_beta":false,"boss_relics":[{"not_picked":["Cursed Key","Mark of Pain"],"picked":"Black Blood"},{"not_picked":["Calling Bell","Runic Dome"],"picked":"Busted Crown"}],"items_purged_floors":[10,20],"is_endless":false,"potions_floor_spawned":[1,5,13,14,18,19,23,29,33,36,41,46],"killed_by":"Donu and Deca","ascension_level":9}