{"gold_per_floor":[110,126,140,10,10,10,44,44,44,78,78,78,99,113,113,209,209,192,216,431,431],"floor_reached":21,"playtime":1279,"items_purged":["Strike_B"],"score":378,"play_id":"32e67401-7f8f-49b0-8736-66dbd60c60e3","local_time":"20181216000726","is_ascension_mode":true,"campfire_choices":[{"data":"Streamline","floor":6,"key":"SMITH"},{"data":"Zap","floor":8,"key":"SMITH"},{"data":"Doom and Gloom","floor":12,"key":"SMITH"},{"data":"Defragment","floor":15,"key":"SMITH"}],"neow_cost":"NONE","seed_source_timestamp":46166258529576,"circlet_count":0,"master_deck":["AscendersBane","Strike_B","Strike_B","Strike_B","Defend_B","Defend_B","Defend_B","Defend_B","Zap+1","Dualcast","Streamline+1","Go for the Eyes","All For One","Doom and Gloom+1","Conserve Battery","Cold Snap","Defragment+1","Hologram","Turbo","Hologram","Genetic Algorithm"],"relics":["FrozenCore","Golden Idol","Peace Pipe","Prayer Wheel","Old Coin"],"potions_floor_usage":[7,10],"damage_taken":[{"damage":2,"enemies":"Cultist","floor":1,"turns":4},{"damage":0,"enemies":"2 Louse","floor":2,"turns":3},{"damage":2,"enemies":"Jaw Worm","floor":3,"turns":4},{"damage":8,"enemies":"Lagavulin","floor":7,"turns":6},{"damage":10,"enemies":"Gremlin Nob","floor":10,"turns":3},{"damage":0,"enemies":"Exordium Thugs","floor":13,"turns":3},{"damage":11,"enemies":"Lots of Slimes","floor":14,"turns":3},{"damage":30,"enemies":"Hexaghost","floor":16,"turns":8},{"damage":9,"enemies":"2 Thieves","floor":18,"turns":4},{"damage":10,"enemies":"3 Byrds","floor":19,"turns":5},{"damage":39,"enemies":"Cultist and Chosen","floor":21,"turns":5}],"seed_played":"4112181215169656879","potions_obtained":[{"floor":3,"key":"PowerPotion"},{"floor":7,"key":"SteroidPotion"},{"floor":16,"key":"LiquidBronze"}],"is_trial":false,"path_per_floor":["M","M","M","$","?","R","E","R","T","E","$","R","M","M","R","B",null,"M","M","?","M"],"character_chosen":"DEFECT","items_purchased":["Poison Potion"],"campfire_rested":0,"item_purchase_floors":[4],"current_hp_per_floor":[69,69,67,67,67,67,59,59,59,49,49,49,49,38,38,8,55,46,36,36,0],"gold":431,"neow_bonus":"TEN_PERCENT_HP_BONUS","is_prod":false,"is_daily":false,"chose_seed":false,"campfire_upgraded":4,"win_rate":0,"timestamp":1544915246,"path_taken":["M","?","M","$","?","R","E","R","T","E","?","R","?","?","R","BOSS","M","M","?","M"],"build_version":"2018-12-13","purchased_purges":1,"victory":false,"max_hp_per_floor":[78,78,78,78,71,71,71,71,71,71,71,71,71,71,71,71,71,71,71,71,71],"card_choices":[{"not_picked":["Scrape","Lockon"],"picked":"Streamline","floor":1},{"not_picked":["Sunder","Redo"],"picked":"Go for the Eyes","floor":2},{"not_picked":["Redo","Streamline","Go for the Eyes"],"picked":"SKIP","floor":3},{"not_picked":["Go for the Eyes","Hologram"],"picked":"All For One","floor":7},{"not_picked":["Compile Driver","Go for the Eyes"],"picked":"Doom and Gloom","floor":10},{"not_picked":["Rip and Tear","Steam"],"picked":"Conserve Battery","floor":13},{"not_picked":["Conserve Battery","Leap"],"picked":"Cold Snap","floor":13},{"not_picked":["Amplify","Ball Lightning"],"picked":"Defragment","floor":14},{"not_picked":["Rebound","Rip and Tear"],"picked":"Hologram","floor":14},{"not_picked":["Ball Lightning","Rebound"],"picked":"Turbo","floor":18},{"not_picked":["Cold Snap","Conserve Battery"],"picked":"Hologram","floor":18},{"not_picked":["Lockon","Self Repair"],"picked":"Genetic Algorithm","floor":19},{"not_picked":["Tempest","Turbo","Gash+1"],"picked":"SKIP","floor":19}],"player_experience":648336,"relics_obtained":[{"floor":7,"key":"Peace Pipe"},{"floor":10,"key":"Prayer Wheel"}],"event_choices":[{"damage_healed":0,"gold_gain":0,"player_choice":"Lose Max HP","damage_taken":0,"relics_obtained":["Golden Idol"],"max_hp_gain":0,"max_hp_loss":7,"event_name":"Golden Idol","floor":5,"gold_loss":0},{"damage_healed":0,"gold_gain":0,"player_choice":"Obtained Relic","damage_taken":0,"relics_obtained":["Old Coin"],"max_hp_gain":0,"max_hp_loss":0,"event_name":"Addict","floor":20,"gold_loss":85}],"is_beta":false,"boss_relics":[{"not_picked":["Coffee Dripper","Lizard Tail"],"picked":"FrozenCore"}],"items_purged_floors":[4],"is_endless":false,"potions_floor_spawned":[3,7,16],"killed_by":"Cultist and Chosen","ascension_level":20}