{"gold_per_floor":[19,19,19,31,41,73,73,107,107,117,117,127,144,163,163,264,264,282,282,211,211,228,228,228,2,29,29,64,163,176,201,201,303,303,317,336,53,153,165,165,182,201,201,111,111,127,127,140,140,140,140,140,25,51,51],"floor_reached":55,"playtime":3469,"items_purged":["Defend_B"],"score":719,"play_id":"529f3f47-0917-48ab-b53b-214291dfc09f","local_time":"20190416092939","is_ascension_mode":false,"campfire_choices":[{"floor":11,"key":"REST"},{"floor":15,"key":"REST"},{"data":"Tempest","floor":23,"key":"SMITH"},{"floor":32,"key":"REST"},{"floor":40,"key":"RECALL"},{"data":"Defragment","floor":45,"key":"SMITH"},{"floor":49,"key":"REST"},{"data":"Creative AI","floor":52,"key":"SMITH"}],"neow_cost":"NO_GOLD","seed_source_timestamp":552564398825264,"circlet_count":0,"master_deck":["Strike_B+1","Defend_B","Zap+1","Dualcast+1","Undo","Coolheaded","Defragment+1","FTL","Melter","Ball Lightning","Tempest+1","Capacitor","Go for the Eyes","Machine Learning","FTL","Cold Snap","Consume","Chill","Leap","Chaos+1","FTL","Storm","Creative AI+1","Conserve Battery","Coolheaded+1","Ball Lightning","Storm+1","Reinforced Body+1","Blizzard","Skim+1","Heatsinks+1","White Noise","Parasite","Storm+1","Capacitor+1","Storm+1"],"relics":["Cracked Core","Blood Vial","Pantograph","Bronze Scales","Empty Cage","Membership Card","Strawberry","Bag of Preparation","Happy Flower","Eternal Feather","Frozen Egg 2","Oddly Smooth Stone","Ice Cream","Ancient Tea Set","Boot","Vajra","Dead Branch"],"potions_floor_usage":[13,14,18,22,28,28,33,41,41,48,50,55],"damage_taken":[{"damage":0,"enemies":"Small Slimes","floor":1,"turns":2},{"damage":0,"enemies":"2 Louse","floor":4,"turns":2},{"damage":1,"enemies":"Jaw Worm","floor":5,"turns":3},{"damage":20,"enemies":"3 Sentries","floor":6,"turns":9},{"damage":41,"enemies":"Gremlin Nob","floor":8,"turns":5},{"damage":0,"enemies":"Large Slime","floor":10,"turns":6},{"damage":0,"enemies":"Exordium Thugs","floor":12,"turns":3},{"damage":0,"enemies":"Looter","floor":13,"turns":2},{"damage":0,"enemies":"Large Slime","floor":14,"turns":3},{"damage":37,"enemies":"Hexaghost","floor":16,"turns":9},{"damage":2,"enemies":"3 Byrds","floor":18,"turns":2},{"damage":1,"enemies":"Shell Parasite","floor":22,"turns":5},{"damage":67,"enemies":"Slavers","floor":28,"turns":5},{"damage":9,"enemies":"Shelled Parasite and Fungi","floor":30,"turns":4},{"damage":8,"enemies":"Gremlin Leader","floor":31,"turns":8},{"damage":41,"enemies":"Champ","floor":33,"turns":10},{"damage":17,"enemies":"3 Darklings","floor":35,"turns":5},{"damage":13,"enemies":"3 Shapes","floor":36,"turns":4},{"damage":33,"enemies":"Mind Bloom Boss Battle","floor":38,"turns":5},{"damage":7,"enemies":"Sphere and 2 Shapes","floor":39,"turns":4},{"damage":29,"enemies":"3 Darklings","floor":41,"turns":5},{"damage":3,"enemies":"Maw","floor":42,"turns":8},{"damage":22,"enemies":"Writhing Mass","floor":46,"turns":4},{"damage":0,"enemies":"Sphere and 2 Shapes","floor":48,"turns":4},{"damage":50,"enemies":"Time Eater","floor":50,"turns":9},{"damage":39,"enemies":"Shield and Spear","floor":54,"turns":6},{"damage":77,"enemies":"The Heart","floor":55,"turns":5}],"seed_played":"-5873782288572835030","potions_obtained":[{"floor":4,"key":"Fire Potion"},{"floor":5,"key":"Ancient Potion"},{"floor":12,"key":"Fire Potion"},{"floor":13,"key":"SpeedPotion"},{"floor":16,"key":"Explosive Potion"},{"floor":18,"key":"Swift Potion"},{"floor":22,"key":"AttackPotion"},{"floor":31,"key":"EssenceOfSteel"},{"floor":33,"key":"Regen Potion"},{"floor":38,"key":"Weak Potion"},{"floor":46,"key":"Strength Potion"},{"floor":54,"key":"Strength Potion"}],"is_trial":false,"path_per_floor":["M","?","?","M","M","E","?","E","T","M","R","M","M","M","R","B",null,"M","?","$","?","M","R","?","$","T","?","E","?","M","E","R","B",null,"M","M","$","?","M","R","M","M","T","$","R","M","?","M","R","B",null,"R","$","E","B"],"character_chosen":"DEFECT","items_purchased":["Consume","Membership Card","Leap","Frozen Egg 2","Ball Lightning","Storm+1","Oddly Smooth Stone","Boot","White Noise","Vajra","Capacitor+1"],"campfire_rested":4,"item_purchase_floors":[20,25,25,37,37,37,37,44,44,53,53],"current_hp_per_floor":[75,60,65,65,64,44,44,5,5,7,31,33,35,37,61,43,80,78,78,78,78,79,79,79,79,79,86,20,20,13,7,33,19,87,70,59,59,53,48,63,50,49,49,49,67,47,47,49,87,37,87,87,87,48,0],"gold":51,"neow_bonus":"REMOVE_TWO","is_prod":false,"is_daily":false,"chose_seed":false,"campfire_upgraded":3,"win_rate":0,"timestamp":1555417779,"path_taken":["M","?","?","M","M","E","?","E","T","M","R","M","?","M","R","BOSS","M","?","$","?","?","R","?","$","T","?","E","?","M","E","R","BOSS","M","M","$","?","M","R","M","M","T","$","R","M","?","?","R","BOSS","R","$","E","BOSS"],"build_version":"2019-01-23","purchased_purges":1,"victory":false,"max_hp_per_floor":[75,75,80,80,80,80,80,80,80,80,80,80,80,80,80,80,80,80,80,80,80,80,80,80,80,80,87,87,87,87,87,87,87,87,87,87,87,87,87,87,87,87,87,87,87,87,87,87,87,87,87,87,87,87,87],"card_choices":[{"not_picked":["Hologram","Stack"],"picked":"Undo","floor":1},{"not_picked":["Ball Lightning","Recycle"],"picked":"Coolheaded","floor":4},{"not_picked":["Barrage","Go for the Eyes"],"picked":"Defragment","floor":5},{"not_picked":["Reprogram","Turbo"],"picked":"FTL","floor":6},{"not_picked":["Consume","Scrape"],"picked":"Melter","floor":8},{"not_picked":["Recycle","Rebound"],"picked":"Ball Lightning","floor":10},{"not_picked":["Undo","Multi-Cast"],"picked":"Tempest","floor":12},{"not_picked":["Go for the Eyes","Turbo"],"picked":"Capacitor","floor":13},{"not_picked":["Melter","Stack"],"picked":"Go for the Eyes","floor":14},{"not_picked":["Biased Cognition","Reboot"],"picked":"Machine Learning","floor":16},{"not_picked":["Compile Driver","Reprogram+1"],"picked":"FTL","floor":18},{"not_picked":["Turbo","Heatsinks"],"picked":"Chill","floor":22},{"not_picked":["Self Repair+1","Go for the Eyes+1"],"picked":"Chaos+1","floor":28},{"not_picked":["Steam","Recycle"],"picked":"FTL","floor":30},{"not_picked":["Hologram","Hello World"],"picked":"Storm","floor":31},{"not_picked":["Multi-Cast","Biased Cognition"],"picked":"Creative AI","floor":33},{"not_picked":["Beam Cell+1","Barrage+1"],"picked":"Conserve Battery","floor":35},{"not_picked":["Leap","Reinforced Body+1"],"picked":"Coolheaded+1","floor":36},{"not_picked":["Barrage","Genetic Algorithm"],"picked":"Reinforced Body+1","floor":38},{"not_picked":["Compile Driver+1","Reprogram+1"],"picked":"Blizzard","floor":39},{"not_picked":["Stack","Gash"],"picked":"Skim+1","floor":41},{"not_picked":["Cold Snap","Sweeping Beam+1"],"picked":"Heatsinks+1","floor":42},{"not_picked":["Melter","Chaos","Recycle+1"],"picked":"SKIP","floor":46},{"not_picked":["Reinforced Body","FTL"],"picked":"Storm+1","floor":48},{"not_picked":["Rip and Tear+1","Aggregate+1"],"picked":"Storm+1","floor":54}],"player_experience":606206,"relics_obtained":[{"floor":6,"key":"Blood Vial"},{"floor":8,"key":"Pantograph"},{"floor":9,"key":"Bronze Scales"},{"floor":28,"key":"Bag of Preparation"},{"floor":31,"key":"Happy Flower"},{"floor":38,"key":"Ice Cream"},{"floor":43,"key":"Ancient Tea Set"},{"floor":54,"key":"Dead Branch"}],"event_choices":[{"damage_healed":0,"gold_gain":0,"player_choice":"Entered Light","damage_taken":15,"max_hp_gain":0,"max_hp_loss":0,"event_name":"Shining Light","floor":2,"gold_loss":0,"cards_upgraded":["Strike_B","Dualcast"]},{"damage_healed":0,"gold_gain":0,"player_choice":"Donut","damage_taken":0,"max_hp_gain":5,"max_hp_loss":0,"event_name":"Big Fish","floor":3,"gold_loss":0},{"damage_healed":0,"gold_gain":0,"player_choice":"Ignored","damage_taken":0,"max_hp_gain":0,"max_hp_loss":0,"event_name":"Liars Game","floor":7,"gold_loss":0},{"damage_healed":0,"gold_gain":0,"player_choice":"Read","damage_taken":0,"max_hp_gain":0,"max_hp_loss":0,"event_name":"The Library","floor":19,"gold_loss":0,"cards_obtained":["Cold Snap"]},{"cards_removed":["Strike_B"],"damage_healed":0,"gold_gain":0,"player_choice":"Purged","damage_taken":0,"max_hp_gain":0,"max_hp_loss":0,"event_name":"Purifier","floor":21,"gold_loss":0},{"damage_healed":0,"gold_gain":0,"player_choice":"Ignored","damage_taken":0,"max_hp_gain":0,"max_hp_loss":0,"event_name":"Ghosts","floor":24,"gold_loss":0},{"damage_healed":0,"gold_gain":0,"player_choice":"Opened","damage_taken":0,"relics_obtained":["Strawberry"],"max_hp_gain":0,"max_hp_loss":0,"event_name":"The Mausoleum","floor":27,"gold_loss":0},{"damage_healed":0,"gold_gain":99,"player_choice":"Stole From Cult","damage_taken":0,"max_hp_gain":0,"max_hp_loss":0,"event_name":"Nest","floor":29,"gold_loss":0},{"damage_healed":0,"gold_gain":0,"player_choice":"Fight","damage_taken":0,"max_hp_gain":0,"max_hp_loss":0,"event_name":"MindBloom","floor":38,"gold_loss":0},{"damage_healed":0,"gold_gain":0,"player_choice":"Upgraded","damage_taken":0,"max_hp_gain":0,"max_hp_loss":0,"event_name":"Upgrade Shrine","floor":47,"gold_loss":0,"cards_upgraded":["Zap"]}],"is_beta":false,"boss_relics":[{"not_picked":["White Beast Statue","Busted Crown"],"picked":"Empty Cage"},{"not_picked":["Tiny House","Fusion Hammer"],"picked":"Eternal Feather"}],"items_purged_floors":[37],"is_endless":false,"potions_floor_spawned":[4,5,12,13,16,18,22,31,33,38,46,54],"killed_by":"The Heart","ascension_level":0}