{"gold_per_floor":[109,120,120,135,60,60,92,108,131,131,141,141,199,211,211,289,289,303,94,94,106,119,147,147,182,182,194,207,233,243,268,268,342,342,352,362,432,432,432,462,97,131,131,131,145,163,194,206,206,206,206,206,206,8,43,43],"floor_reached":57,"playtime":4870,"items_purged":["Strike_G","Strike_G"],"score":3418,"play_id":"92f282d2-386a-4ed1-bbfd-c3e8ae9507cc","local_time":"20190606214719","is_ascension_mode":true,"campfire_choices":[{"data":"Bane","floor":6.0,"key":"SMITH"},{"floor":10.0,"key":"REST"},{"data":"Noxious Fumes","floor":12.0,"key":"SMITH"},{"data":"Footwork","floor":15.0,"key":"SMITH"},{"floor":24.0,"key":"REST"},{"data":"Catalyst","floor":32.0,"key":"SMITH"},{"floor":44,"key":"RECALL"},{"data":"Panacea","floor":49,"key":"SMITH"},{"data":"Malaise","floor":53,"key":"SMITH"}],"neow_cost":"NONE","seed_source_timestamp":17189686344693,"circlet_count":0,"master_deck":["AscendersBane","Defend_G+1","Defend_G+1","Defend_G","Defend_G","Defend_G","Strike_G","Strike_G","Strike_G","Survivor","Neutralize","Noxious Fumes+1","Bane+1","Dash","Footwork+1","Deflect","Backflip","Corpse Explosion","PiercingWail","Wraith Form v2+1","Footwork+1","PiercingWail","Backflip","Backflip","Catalyst+1","Backflip","Corpse Explosion","Bullet Time","Malaise+1","Panacea+1","Impatience","Deflect","Backflip","Deflect+1","Backflip","Leg Sweep","Footwork","Crippling Poison"],"special_seed":0,"relics":["Ring of the Snake","Bronze Scales","War Paint","Tiny Chest","Runic Pyramid","Lantern","Potion Belt","Orichalcum","Tough Bandages","Art of War","Girya","HoveringKite","Pantograph","Shuriken","Medical Kit","Meat on the Bone","The Courier","Boot","Centennial Puzzle","StoneCalendar"],"potions_floor_usage":[40,56,56],"damage_taken":[{"damage":7.0,"enemies":"Small Slimes","floor":1.0,"turns":5.0},{"damage":14.0,"enemies":"Cultist","floor":2.0,"turns":5.0},{"damage":2.0,"enemies":"Jaw Worm","floor":4.0,"turns":4.0},{"damage":27.0,"enemies":"Gremlin Nob","floor":7.0,"turns":5.0},{"damage":1.0,"enemies":"Large Slime","floor":8.0,"turns":6.0},{"damage":0.0,"enemies":"Red Slaver","floor":11.0,"turns":3.0},{"damage":22.0,"enemies":"3 Sentries","floor":13.0,"turns":8.0},{"damage":0.0,"enemies":"Looter","floor":14.0,"turns":3.0},{"damage":12.0,"enemies":"The Guardian","floor":16.0,"turns":10.0},{"damage":0.0,"enemies":"Chosen","floor":18.0,"turns":8.0},{"damage":0.0,"enemies":"2 Thieves","floor":21.0,"turns":3.0},{"damage":5.0,"enemies":"Shelled Parasite and Fungi","floor":22.0,"turns":6.0},{"damage":5.0,"enemies":"Gremlin Leader","floor":23.0,"turns":9.0},{"damage":6.0,"enemies":"Book of Stabbing","floor":25.0,"turns":6.0},{"damage":0.0,"enemies":"Centurion and Healer","floor":27.0,"turns":8.0},{"damage":0.0,"enemies":"3 Cultists","floor":28.0,"turns":4.0},{"damage":0.0,"enemies":"Slavers","floor":29.0,"turns":4.0},{"damage":0.0,"enemies":"Shelled Parasite and Fungi","floor":30.0,"turns":4.0},{"damage":6.0,"enemies":"Book of Stabbing","floor":31.0,"turns":7.0},{"damage":23.0,"enemies":"Automaton","floor":33.0,"turns":11.0},{"damage":0,"enemies":"Orb Walker","floor":35,"turns":4},{"damage":0,"enemies":"3 Darklings","floor":36,"turns":4},{"damage":16,"enemies":"Reptomancer","floor":40,"turns":7},{"damage":0,"enemies":"Nemesis","floor":42,"turns":9},{"damage":0,"enemies":"Spire Growth","floor":45,"turns":7},{"damage":0,"enemies":"Sphere and 2 Shapes","floor":46,"turns":5},{"damage":0,"enemies":"Giant Head","floor":47,"turns":12},{"damage":0,"enemies":"4 Shapes","floor":48,"turns":4},{"damage":0,"enemies":"Time Eater","floor":50,"turns":17},{"damage":0,"enemies":"Awakened One","floor":51,"turns":21},{"damage":7,"enemies":"Shield and Spear","floor":55,"turns":7},{"damage":0,"enemies":"The Heart","floor":56,"turns":12}],"seed_played":"-3904716022295696325","potions_obtained":[{"floor":1.0,"key":"Swift Potion"},{"floor":2.0,"key":"Dexterity Potion"},{"floor":3.0,"key":"Weak Potion"},{"floor":3.0,"key":"EssenceOfSteel"},{"floor":4.0,"key":"Explosive Potion"},{"floor":11.0,"key":"LiquidBronze"},{"floor":13.0,"key":"AttackPotion"},{"floor":18.0,"key":"Weak Potion"},{"floor":21.0,"key":"Energy Potion"},{"floor":27.0,"key":"SteroidPotion"},{"floor":31.0,"key":"SkillPotion"},{"floor":35,"key":"SpeedPotion"},{"floor":47,"key":"Dexterity Potion"}],"is_trial":false,"path_per_floor":["M","M","?","M","$","R","E","M","T","R","M","R","E","M","R","B",null,"M","$","?","M","M","E","R","E","T","M","M","E","M","E","R","B",null,"M","M","T","?","T","E","$","E","T","R","M","M","E","M","R","B","B",null,"R","$","E","B",null],"character_chosen":"THE_SILENT","items_purchased":["Lantern","PiercingWail","Medical Kit","Backflip","Centennial Puzzle","Footwork"],"campfire_rested":2,"item_purchase_floors":[19,19,41,41,54,54],"current_hp_per_floor":[58,44,44,42,42,42,15,14,14,35,35,35,13,13,13,1,54,54,54,54,54,49,44,65,59,59,59,59,59,59,53,53,30,62,62,62,62,52,52,36,36,36,36,36,48,48,48,48,48,72,72,72,72,72,65,72],"gold":43,"neow_bonus":"TEN_PERCENT_HP_BONUS","is_prod":false,"is_daily":false,"chose_seed":false,"campfire_upgraded":6,"win_rate":0,"timestamp":1559850439,"path_taken":["M","M","?","M","$","R","E","M","T","R","M","R","E","?","R","BOSS","M","$","?","M","M","E","R","E","T","M","M","E","M","E","R","BOSS","M","M","?","?","?","E","$","E","T","R","M","M","E","M","R","BOSS","BOSS","R","$","E","BOSS"],"build_version":"2019-01-23","purchased_purges":2,"victory":true,"max_hp_per_floor":[72,72,72,72,72,72,72,72,72,72,72,72,72,72,72,72,72,72,72,72,72,72,72,72,72,72,72,72,72,72,72,72,72,72,72,72,72,72,72,72,72,72,72,72,72,72,72,72,72,72,72,72,72,72,72,72],"card_choices":[{"not_picked":["Leg Sweep","Dagger Throw"],"picked":"Noxious Fumes","floor":1.0},{"not_picked":["Prepared","Cloak And Dagger"],"picked":"Bane","floor":2.0},{"not_picked":["Prepared","Crippling Poison"],"picked":"Dash","floor":4.0},{"not_picked":["Venomology","Sucker Punch"],"picked":"Footwork","floor":7.0},{"not_picked":["Backstab","Bane"],"picked":"Deflect","floor":8.0},{"not_picked":["Flying Knee","Cloak And Dagger"],"picked":"Backflip","floor":11.0},{"not_picked":["Blur","Slice"],"picked":"Corpse Explosion","floor":13.0},{"not_picked":["Dagger Throw","Venomology"],"picked":"PiercingWail","floor":14.0},{"not_picked":["Venomology","Tools of the Trade"],"picked":"Wraith Form v2","floor":16.0},{"not_picked":["Backflip","Dagger Throw"],"picked":"Footwork+1","floor":18.0},{"not_picked":["Underhanded Strike","Bane+1"],"picked":"Backflip","floor":21.0},{"not_picked":["Flying Knee+1","Distraction","Poisoned Stab"],"picked":"SKIP","floor":22.0},{"not_picked":["Underhanded Strike","Endless Agony","Setup+1"],"picked":"SKIP","floor":23.0},{"not_picked":["Poisoned Stab","Endless Agony"],"picked":"Backflip","floor":25.0},{"not_picked":["Outmaneuver+1","Dodge and Roll"],"picked":"Catalyst","floor":27.0},{"not_picked":["Footwork","Finisher+1"],"picked":"Backflip","floor":28.0},{"not_picked":["Flechettes","Heel Hook"],"picked":"Corpse Explosion","floor":29.0},{"not_picked":["Dagger Throw","Bane","Dash+1"],"picked":"SKIP","floor":30.0},{"not_picked":["Heel Hook","Acrobatics+1"],"picked":"Bullet Time","floor":31.0},{"not_picked":["Glass Knife","A Thousand Cuts"],"picked":"Malaise","floor":33.0},{"not_picked":["Dagger Throw","Concentrate","Predator"],"picked":"SKIP","floor":35},{"not_picked":["Choke","Sucker Punch","Blade Dance"],"picked":"SKIP","floor":36},{"not_picked":["Thinking Ahead","Discovery"],"picked":"Panacea","floor":38},{"not_picked":["Magnetism","Purity"],"picked":"Impatience","floor":38},{"not_picked":["Sucker Punch","Dagger Throw"],"picked":"Deflect","floor":40},{"not_picked":["Eviscerate","Masterful Stab","Blade Dance"],"picked":"SKIP","floor":42},{"not_picked":["Masterful Stab","Sucker Punch"],"picked":"Deflect+1","floor":45},{"not_picked":["Calculated Gamble","Tactician"],"picked":"Backflip","floor":46},{"not_picked":["All Out Attack","Dagger Spray","Endless Agony"],"picked":"SKIP","floor":47},{"not_picked":["Infinite Blades","Expertise"],"picked":"Leg Sweep","floor":48},{"not_picked":["Distraction","Slice"],"picked":"Crippling Poison","floor":55}],"player_experience":1293699,"relics_obtained":[{"floor":7.0,"key":"Bronze Scales"},{"floor":9.0,"key":"War Paint"},{"floor":13.0,"key":"Tiny Chest"},{"floor":23.0,"key":"Potion Belt"},{"floor":25.0,"key":"Orichalcum"},{"floor":26.0,"key":"Tough Bandages"},{"floor":29.0,"key":"Art of War"},{"floor":31.0,"key":"Girya"},{"floor":37,"key":"Pantograph"},{"floor":40,"key":"Shuriken"},{"floor":42,"key":"Meat on the Bone"},{"floor":43,"key":"The Courier"},{"floor":47,"key":"Boot"},{"floor":55,"key":"StoneCalendar"}],"event_choices":[{"damage_healed":0.0,"max_hp_gain":0.0,"max_hp_loss":0.0,"gold_gain":0.0,"event_name":"Lab","player_choice":"Got Potions","floor":3.0,"gold_loss":0.0,"damage_taken":0.0},{"damage_healed":0.0,"max_hp_gain":0.0,"max_hp_loss":0.0,"gold_gain":0.0,"event_name":"Accursed Blacksmith","player_choice":"Forge","floor":20.0,"gold_loss":0.0,"damage_taken":0.0,"cards_upgraded":["Wraith Form v2"]},{"damage_healed":0,"gold_gain":0,"player_choice":"Memory 3","damage_taken":10,"max_hp_gain":0,"max_hp_loss":0,"event_name":"SensoryStone","floor":38,"gold_loss":0}],"is_beta":false,"boss_relics":[{"not_picked":["Eternal Feather","Ring of the Serpent"],"picked":"Runic Pyramid"},{"not_picked":["Black Star","Tiny House"],"picked":"HoveringKite"}],"items_purged_floors":[5,41],"is_endless":false,"potions_floor_spawned":[1,2,4,11,13,18,21,22,27,31,35,47],"ascension_level":20}