{"gold_per_floor":[117,192,192,205,221,221,241,272,324,352,368,368,368,396,396,396],"floor_reached":16,"playtime":772,"items_purged":[],"score":240,"play_id":"7c788f82-54af-4442-9e02-36226ed34ff0","local_time":"20190505180738","is_ascension_mode":true,"campfire_choices":[{"floor":6,"key":"REST"},{"floor":12,"key":"REST"},{"floor":15,"key":"REST"}],"neow_cost":"NONE","seed_source_timestamp":19308656585224,"circlet_count":0,"master_deck":["AscendersBane","Defend_G","Defend_G","Defend_G","Defend_G","Defend_G","Strike_G","Strike_G","Strike_G","Strike_G","Strike_G","Survivor","Neutralize+1","Dagger Spray","Pain","Flying Knee","Deadly Poison","Terror","PiercingWail","Unload"],"relics":["Ring of the Snake","WarpedTongs","Kunai","Bag of Preparation","Ancient Tea Set","Sundial","Tingsha"],"potions_floor_usage":[10,11,14,16],"damage_taken":[{"damage":0,"enemies":"2 Louse","floor":1,"turns":4},{"damage":3,"enemies":"Cultist","floor":4,"turns":3},{"damage":0,"enemies":"Small Slimes","floor":5,"turns":5},{"damage":3,"enemies":"Blue Slaver","floor":7,"turns":4},{"damage":20,"enemies":"Lagavulin","floor":8,"turns":6},{"damage":26,"enemies":"3 Sentries","floor":10,"turns":7},{"damage":15,"enemies":"Large Slime","floor":11,"turns":7},{"damage":23,"enemies":"Lagavulin","floor":14,"turns":7},{"damage":31,"enemies":"The Guardian","floor":16,"turns":8}],"seed_played":"3395060792715544550","potions_obtained":[{"floor":4,"key":"Strength Potion"},{"floor":8,"key":"GamblersBrew"},{"floor":10,"key":"Regen Potion"},{"floor":14,"key":"Strength Potion"}],"is_trial":false,"path_per_floor":["M","?","?","M","M","R","M","E","T","E","M","R","T","E","R","B"],"character_chosen":"THE_SILENT","items_purchased":[],"campfire_rested":3,"item_purchase_floors":[],"current_hp_per_floor":[59,48,48,45,45,64,61,41,41,15,15,34,34,11,30,0],"gold":396,"neow_bonus":"UPGRADE_CARD","is_prod":false,"is_daily":false,"chose_seed":false,"campfire_upgraded":0,"win_rate":0,"timestamp":1557072458,"path_taken":["M","?","?","?","M","R","M","E","T","E","M","R","?","E","R","BOSS"],"build_version":"2019-01-23","purchased_purges":0,"victory":false,"max_hp_per_floor":[66,66,66,66,66,66,66,66,66,66,66,66,66,66,66,66],"card_choices":[{"not_picked":["Backflip","Outmaneuver"],"picked":"Dagger Spray","floor":1},{"not_picked":["Underhanded Strike","Deflect"],"picked":"Flying Knee","floor":4},{"not_picked":["Eviscerate","Deflect"],"picked":"Deadly Poison","floor":5},{"not_picked":["Deflect","Cloak And Dagger"],"picked":"Terror","floor":7},{"not_picked":["Predator","Deadly Poison","Underhanded Strike"],"picked":"SKIP","floor":8},{"not_picked":["Bouncing Flask","Calculated Gamble"],"picked":"PiercingWail","floor":10},{"not_picked":["Acrobatics","Deadly Poison","Sucker Punch"],"picked":"SKIP","floor":11},{"not_picked":["Predator","Deadly Poison"],"picked":"Unload","floor":14}],"player_experience":1202144,"relics_obtained":[{"floor":8,"key":"Kunai"},{"floor":9,"key":"Bag of Preparation"},{"floor":10,"key":"Ancient Tea Set"},{"floor":13,"key":"Sundial"},{"floor":14,"key":"Tingsha"}],"event_choices":[{"damage_healed":0,"gold_gain":75,"player_choice":"Gather Gold","damage_taken":11,"max_hp_gain":0,"max_hp_loss":0,"event_name":"World of Goop","floor":2,"gold_loss":0},{"damage_healed":0,"gold_gain":0,"player_choice":"Rummage","damage_taken":0,"relics_obtained":["WarpedTongs"],"max_hp_gain":0,"max_hp_loss":0,"event_name":"Accursed Blacksmith","floor":3,"gold_loss":0,"cards_obtained":["Pain"]}],"is_beta":false,"boss_relics":[],"items_purged_floors":[],"is_endless":false,"potions_floor_spawned":[4,8,10,14],"killed_by":"The Guardian","ascension_level":20}