{"gold_per_floor":[114,39,54,54,64,64,90,90,90,365,365,406,419,432,432,432],"floor_reached":16,"playtime":900,"items_purged":["Regret"],"score":176,"play_id":"3f88705b-5075-400d-bf7e-294511eb6576","local_time":"20190613211949","is_ascension_mode":true,"campfire_choices":[{"data":"Skewer","floor":6.0,"key":"SMITH"},{"data":"Neutralize","floor":11,"key":"SMITH"},{"floor":15,"key":"REST"}],"neow_cost":"CURSE","seed_source_timestamp":881258057262250,"circlet_count":0,"master_deck":["AscendersBane","Strike_G","Strike_G","Strike_G","Strike_G","Defend_G","Defend_G","Defend_G","Defend_G","Defend_G","Survivor","Neutralize+1","Cloak And Dagger","Sucker Punch","Skewer+1","Crippling Poison","Regret","Backflip","Deflect","Poisoned Stab"],"special_seed":0,"relics":["Ring of the Snake","StoneCalendar","Nunchaku","Golden Idol","Darkstone Periapt","Smiling Mask"],"potions_floor_usage":[12,14,16],"damage_taken":[{"damage":1.0,"enemies":"Cultist","floor":1.0,"turns":4.0},{"damage":0.0,"enemies":"2 Louse","floor":3.0,"turns":5.0},{"damage":0.0,"enemies":"Small Slimes","floor":5.0,"turns":6.0},{"damage":30.0,"enemies":"3 Sentries","floor":7.0,"turns":7.0},{"damage":18,"enemies":"Lagavulin","floor":12,"turns":7},{"damage":15,"enemies":"Exordium Thugs","floor":13,"turns":6},{"damage":1,"enemies":"Exordium Wildlife","floor":14,"turns":5},{"damage":32,"enemies":"Slime Boss","floor":16,"turns":5}],"seed_played":"-9039419329804000264","potions_obtained":[{"floor":7.0,"key":"PowerPotion"},{"floor":13,"key":"SpeedPotion"},{"floor":14,"key":"PowerPotion"}],"is_trial":false,"path_per_floor":["M","$","M","?","M","R","E","?","T","?","R","E","M","M","R","B"],"character_chosen":"THE_SILENT","items_purchased":[],"campfire_rested":1,"item_purchase_floors":[],"current_hp_per_floor":[62,62,62,62,62,62,32,32,32,38,38,20,5,4,25,0],"gold":432,"neow_bonus":"ONE_RARE_RELIC","is_prod":false,"is_daily":false,"chose_seed":false,"campfire_upgraded":2,"win_rate":0,"timestamp":1560449989,"path_taken":["M","$","?","?","M","R","E","?","T","?","R","E","M","M","R","BOSS"],"build_version":"2019-06-12","purchased_purges":1,"victory":false,"max_hp_per_floor":[70,70,70,70,70,70,70,65,65,71,71,71,71,71,71,71],"card_choices":[{"not_picked":["Blade Dance","Slice"],"picked":"Cloak And Dagger","floor":1.0},{"not_picked":["Dodge and Roll","Distraction"],"picked":"Sucker Punch","floor":3.0},{"not_picked":["Terror","Dodge and Roll"],"picked":"Skewer","floor":5.0},{"not_picked":["Dodge and Roll","Outmaneuver"],"picked":"Crippling Poison","floor":7.0},{"not_picked":["All Out Attack","Slice"],"picked":"Backflip","floor":12},{"not_picked":["Accuracy","Blade Dance"],"picked":"Deflect","floor":13},{"not_picked":["Deadly Poison","Storm of Steel"],"picked":"Poisoned Stab","floor":14}],"player_experience":804611,"relics_obtained":[{"floor":7.0,"key":"Nunchaku"},{"floor":9.0,"key":"Darkstone Periapt"},{"floor":12,"key":"Smiling Mask"}],"event_choices":[{"cards_removed":["Strike_G"],"damage_healed":0.0,"max_hp_gain":0.0,"max_hp_loss":0.0,"gold_gain":0.0,"event_name":"Living Wall","player_choice":"Forget","floor":4.0,"gold_loss":0.0,"damage_taken":0.0},{"damage_healed":0.0,"max_hp_gain":0.0,"max_hp_loss":5.0,"gold_gain":0.0,"event_name":"Golden Idol","player_choice":"Lose Max HP","floor":8.0,"gold_loss":0.0,"damage_taken":0.0,"relics_obtained":["Golden Idol"]},{"damage_healed":0.0,"max_hp_gain":0.0,"max_hp_loss":0.0,"gold_gain":275.0,"event_name":"Golden Shrine","player_choice":"Desecrate","floor":10.0,"gold_loss":0.0,"damage_taken":0.0,"cards_obtained":["Regret"]}],"is_beta":true,"boss_relics":[],"items_purged_floors":[2],"is_endless":false,"potions_floor_spawned":[7,13,14],"killed_by":"Slime Boss","ascension_level":12}