{"gold_per_floor":[117,97,20,35,54,54,79,79,79,91,31,64,64,77,77,155,155,155,155,155,31,31,31],"floor_reached":23,"playtime":1288,"items_purged":["Strike_R","Strike_R"],"score":398,"play_id":"7c2e5e12-4b26-47b3-95a7-768b48a303e1","local_time":"20181221205515","is_ascension_mode":true,"campfire_choices":[{"data":"Uppercut","floor":6,"key":"SMITH"},{"floor":8,"key":"REST"},{"data":"True Grit","floor":13,"key":"SMITH"},{"data":"Disarm","floor":15,"key":"SMITH"}],"neow_cost":"PERCENT_DAMAGE","seed_source_timestamp":15005134168965,"circlet_count":0,"master_deck":["AscendersBane","Defend_R","Defend_R","Defend_R","Bash","Uppercut+1","Pommel Strike","Disarm+1","True Grit+1","Clothesline","Iron Wave","Ghostly Armor","Juggernaut","Shrug It Off","Body Slam","Blood for Blood","Armaments"],"relics":["Burning Blood","Shovel","The Courier","Letter Opener","Ectoplasm","Red Mask"],"potions_floor_usage":[7,12,12,19,19],"damage_taken":[{"damage":7,"enemies":"Cultist","floor":1,"turns":4},{"damage":11,"enemies":"Small Slimes","floor":4,"turns":4},{"damage":7,"enemies":"Jaw Worm","floor":5,"turns":3},{"damage":25,"enemies":"3 Sentries","floor":7,"turns":9},{"damage":9,"enemies":"Looter","floor":10,"turns":3},{"damage":15,"enemies":"Lagavulin","floor":12,"turns":4},{"damage":15,"enemies":"Exordium Thugs","floor":14,"turns":4},{"damage":11,"enemies":"The Guardian","floor":16,"turns":18},{"damage":17,"enemies":"Shell Parasite","floor":18,"turns":7},{"damage":31,"enemies":"Masked Bandits","floor":19,"turns":5},{"damage":8,"enemies":"Spheric Guardian","floor":22,"turns":4},{"damage":31,"enemies":"Gremlin Leader","floor":23,"turns":3}],"seed_played":"-8442103049495101839","potions_obtained":[{"floor":1,"key":"Fire Potion"},{"floor":2,"key":"Fire Potion"},{"floor":10,"key":"AttackPotion"},{"floor":14,"key":"SkillPotion"},{"floor":16,"key":"Strength Potion"},{"floor":18,"key":"Strength Potion"}],"is_trial":false,"path_per_floor":["M","?","$","M","M","R","E","R","T","M","$","E","R","M","R","B",null,"M","?","?","$","M","E"],"character_chosen":"IRONCLAD","items_purchased":["Uppercut","Armaments"],"campfire_rested":1,"item_purchase_floors":[3,21],"current_hp_per_floor":[49,49,49,44,43,43,24,46,46,43,43,34,34,25,25,20,61,50,25,25,25,23,0],"gold":31,"neow_bonus":"REMOVE_TWO","is_prod":false,"is_daily":false,"chose_seed":false,"campfire_upgraded":3,"win_rate":0,"timestamp":1545422115,"path_taken":["M","?","$","?","M","R","E","R","T","M","$","E","R","M","R","BOSS","M","?","?","$","M","E"],"build_version":"2018-12-20","purchased_purges":2,"victory":false,"max_hp_per_floor":[75,75,75,75,75,75,75,75,75,75,75,75,75,75,75,75,75,75,75,75,75,75,75],"card_choices":[{"not_picked":["Entrench","Second Wind","Heavy Blade"],"picked":"SKIP","floor":1},{"not_picked":["Ghostly Armor","Seeing Red"],"picked":"Pommel Strike","floor":4},{"not_picked":["Dual Wield","Heavy Blade"],"picked":"Disarm","floor":5},{"not_picked":["Havoc","Clash"],"picked":"True Grit","floor":7},{"not_picked":["Rampage","Infernal Blade"],"picked":"Clothesline","floor":10},{"not_picked":["Sword Boomerang","Second Wind"],"picked":"Iron Wave","floor":12},{"not_picked":["Berserk","Flex"],"picked":"Ghostly Armor","floor":14},{"not_picked":["Dark Embrace","Brutality"],"picked":"Juggernaut","floor":16},{"not_picked":["Burning Pact","Dual Wield","Dropkick"],"picked":"SKIP","floor":18},{"not_picked":["Uppercut","Havoc"],"picked":"Shrug It Off","floor":19},{"not_picked":["Cleave","Second Wind","Wild Strike"],"picked":"SKIP","floor":22}],"player_experience":664829,"relics_obtained":[{"floor":7,"key":"Shovel"},{"floor":9,"key":"The Courier"},{"floor":12,"key":"Letter Opener"},{"floor":19,"key":"Red Mask"}],"event_choices":[{"damage_healed":0,"gold_gain":0,"player_choice":"Bought 1 Potion","damage_taken":0,"max_hp_gain":0,"max_hp_loss":0,"event_name":"The Woman in Blue","floor":2,"gold_loss":0},{"damage_healed":0,"gold_gain":0,"player_choice":"Fought Bandits","damage_taken":0,"max_hp_gain":0,"max_hp_loss":0,"event_name":"Masked Bandits","floor":19,"gold_loss":0},{"damage_healed":0,"gold_gain":0,"cards_transformed":["Strike_R","Strike_R"],"player_choice":"Became Test Subject","damage_taken":0,"max_hp_gain":0,"max_hp_loss":0,"event_name":"Drug Dealer","floor":20,"gold_loss":0,"cards_obtained":["Body Slam","Blood for Blood"]}],"is_beta":false,"boss_relics":[{"not_picked":["Black Blood","Empty Cage"],"picked":"Ectoplasm"}],"items_purged_floors":[11,21],"is_endless":false,"potions_floor_spawned":[1,5,10,14,16,18],"killed_by":"Gremlin Leader","ascension_level":20}