{"gold_per_floor":[119,119,119,142,67,98,98,113,113,113,113,138,138,154,154,283,283,304,324,34,34,54,77,7,7,62,62,80,95,116,129,129,129],"floor_reached":33,"playtime":2205,"items_purged":["Injury"],"score":351,"play_id":"21da2528-0cbf-4984-a2b4-562422e1f115","local_time":"20190204142219","is_ascension_mode":false,"campfire_choices":[{"floor":7,"key":"REST"},{"floor":10,"key":"RECALL"},{"data":"Tactician","floor":13,"key":"SMITH"},{"data":"Dash","floor":15,"key":"SMITH"},{"floor":25,"key":"REST"},{"floor":32,"key":"REST"}],"neow_cost":"NONE","seed_source_timestamp":0,"circlet_count":0,"master_deck":["Defend_G+1","Defend_G+1","Defend_G+1","Defend_G+1","Defend_G+1","Strike_G+1","Strike_G+1","Strike_G+1","Strike_G+1","Survivor","Neutralize+1","Dagger Throw","Underhanded Strike","Heel Hook","Tactician+1","Dash+1","Underhanded Strike","Quick Slash","Underhanded Strike","Burst","Sucker Punch","Reflex","Reflex","Footwork","Writhe","Footwork+1","Endless Agony+1","Terror"],"special_seed":0,"relics":["Ring of the Snake","Golden Idol","Regal Pillow","Oddly Smooth Stone","Orrery","Nunchaku","Tiny Chest","Omamori"],"potions_floor_usage":[8,18,29,33,33],"damage_taken":[{"damage":1,"enemies":"Small Slimes","floor":1,"turns":3},{"damage":2,"enemies":"Jaw Worm","floor":4,"turns":7},{"damage":32,"enemies":"Gremlin Nob","floor":6,"turns":5},{"damage":0,"enemies":"2 Louse","floor":8,"turns":1},{"damage":8,"enemies":"Exordium Thugs","floor":12,"turns":5},{"damage":1,"enemies":"Looter","floor":14,"turns":3},{"damage":57,"enemies":"Hexaghost","floor":16,"turns":17},{"damage":0,"enemies":"Chosen","floor":18,"turns":5},{"damage":15,"enemies":"Shell Parasite","floor":19,"turns":9},{"damage":9,"enemies":"Snecko","floor":22,"turns":5},{"damage":14,"enemies":"Cultist and Chosen","floor":23,"turns":10},{"damage":13,"enemies":"Shelled Parasite and Fungi","floor":28,"turns":10},{"damage":4,"enemies":"Centurion and Healer","floor":29,"turns":7},{"damage":20,"enemies":"Snecko","floor":30,"turns":6},{"damage":20,"enemies":"Cultist and Chosen","floor":31,"turns":10},{"damage":68,"enemies":"Collector","floor":33,"turns":10}],"seed_played":"186610730944316888","potions_obtained":[{"floor":4,"key":"Explosive Potion"},{"floor":8,"key":"Block Potion"},{"floor":12,"key":"Fire Potion"},{"floor":14,"key":"Energy Potion"},{"floor":23,"key":"Fire Potion"},{"floor":28,"key":"Explosive Potion"},{"floor":31,"key":"SkillPotion"}],"is_trial":false,"path_per_floor":["M","?","?","M","$","E","R","M","T","R","?","M","R","M","R","B",null,"M","M","$","?","M","M","$","R","T","?","M","M","M","M","R","B"],"character_chosen":"THE_SILENT","items_purchased":["Nunchaku","Footwork"],"campfire_rested":3,"item_purchase_floors":[20,24],"current_hp_per_floor":[69,69,69,67,67,35,70,70,70,70,70,62,62,61,61,4,70,70,55,55,55,46,32,32,68,68,68,55,51,31,11,47,0],"gold":129,"neow_bonus":"REMOVE_CARD","is_prod":false,"is_daily":false,"chose_seed":false,"campfire_upgraded":2,"win_rate":0,"timestamp":1549304539,"path_taken":["M","?","?","?","$","E","R","M","T","R","?","M","R","M","R","BOSS","M","M","$","?","M","M","$","R","T","?","M","M","M","M","R","BOSS"],"build_version":"2019-01-23","purchased_purges":1,"victory":false,"max_hp_per_floor":[70,70,70,70,70,70,70,70,70,70,70,70,70,70,70,70,70,70,70,70,70,70,70,70,70,70,70,70,70,70,70,70,70],"card_choices":[{"not_picked":["Flying Knee","Bouncing Flask","Poisoned Stab"],"picked":"SKIP","floor":1},{"not_picked":["Blade Dance","Quick Slash"],"picked":"Dagger Throw","floor":4},{"not_picked":["Blade Dance","Expertise"],"picked":"Underhanded Strike","floor":6},{"not_picked":["Distraction","Sucker Punch"],"picked":"Heel Hook","floor":8},{"not_picked":["Footwork","Endless Agony"],"picked":"Tactician","floor":12},{"not_picked":["PiercingWail","Dagger Throw"],"picked":"Dash","floor":14},{"not_picked":["Dodge and Roll","Blade Dance"],"picked":"Underhanded Strike","floor":17},{"not_picked":["Bane","Dodge and Roll"],"picked":"Quick Slash","floor":17},{"not_picked":["PiercingWail","All Out Attack"],"picked":"Underhanded Strike","floor":17},{"not_picked":["Masterful Stab","Backflip"],"picked":"Burst","floor":17},{"not_picked":["Poisoned Stab","Riddle With Holes"],"picked":"Sucker Punch","floor":17},{"not_picked":["Outmaneuver+1","Backflip"],"picked":"Reflex","floor":18},{"not_picked":["Slice","Riddle With Holes"],"picked":"Reflex","floor":19},{"not_picked":["Deadly Poison","Flying Knee","Accuracy+1"],"picked":"SKIP","floor":22},{"not_picked":["Dodge and Roll+1","Underhanded Strike","Accuracy"],"picked":"SKIP","floor":23},{"not_picked":["Bouncing Flask","Poisoned Stab"],"picked":"Footwork+1","floor":28},{"not_picked":["Bane","Riddle With Holes"],"picked":"Endless Agony+1","floor":29},{"not_picked":["Blade Dance","Setup","Deadly Poison"],"picked":"SKIP","floor":30},{"not_picked":["Deflect","Bullet Time"],"picked":"Terror","floor":31}],"player_experience":418537,"relics_obtained":[{"floor":6,"key":"Regal Pillow"},{"floor":26,"key":"Tiny Chest"}],"event_choices":[{"damage_healed":0,"gold_gain":0,"player_choice":"Grow","damage_taken":0,"max_hp_gain":0,"max_hp_loss":0,"event_name":"Living Wall","floor":2,"gold_loss":0,"cards_upgraded":["Neutralize"]},{"damage_healed":0,"gold_gain":0,"player_choice":"Take Wound","damage_taken":0,"relics_obtained":["Golden Idol"],"max_hp_gain":0,"max_hp_loss":0,"event_name":"Golden Idol","floor":3,"gold_loss":0,"cards_obtained":["Injury"]},{"damage_healed":0,"gold_gain":0,"player_choice":"Gave Potion","damage_taken":0,"relics_obtained":["Oddly Smooth Stone"],"max_hp_gain":0,"max_hp_loss":0,"event_name":"WeMeetAgain","floor":11,"gold_loss":0},{"damage_healed":0,"gold_gain":0,"player_choice":"Simplicity","damage_taken":0,"max_hp_gain":0,"max_hp_loss":0,"event_name":"Back to Basics","floor":21,"gold_loss":0,"cards_upgraded":["Defend_G","Defend_G","Defend_G","Defend_G","Defend_G","Strike_G","Strike_G","Strike_G","Strike_G"]},{"damage_healed":0,"gold_gain":0,"player_choice":"Opened","damage_taken":0,"relics_obtained":["Omamori"],"max_hp_gain":0,"max_hp_loss":0,"event_name":"The Mausoleum","floor":27,"gold_loss":0,"cards_obtained":["Writhe"]}],"is_beta":false,"boss_relics":[{"not_picked":["Ectoplasm","Snecko Eye"],"picked":"Orrery"}],"items_purged_floors":[5],"is_endless":false,"potions_floor_spawned":[4,8,12,14,23,28,31],"killed_by":"Collector","ascension_level":0}