{"gold_per_floor":[118,118,132,147,72,72,103,103,103,103,118,118,118,144,144,218,218,236,254,254,35,35,65,65,95,148,148,163,179,191,222,222,293,293,303,313,364,149,166,195,195,195,195,212,212,232,232,247,247,247,247,247,247,20,54,54],"floor_reached":57,"playtime":2803,"items_purged":["Strike_G","Strike_G"],"score":3150,"play_id":"ea1f6cb0-9f8b-4e1e-9fb9-c3b3de9da176","local_time":"20190610174136","is_ascension_mode":true,"campfire_choices":[{"data":"Bouncing Flask","floor":6,"key":"SMITH"},{"floor":10,"key":"REST"},{"floor":12,"key":"REST"},{"data":"Quick Slash","floor":15,"key":"SMITH"},{"floor":24,"key":"REST"},{"data":"Noxious Fumes","floor":27,"key":"SMITH"},{"floor":32,"key":"REST"},{"floor":41,"key":"REST"},{"floor":47,"key":"RECALL"},{"data":"Backflip","floor":49,"key":"SMITH"},{"floor":53,"key":"REST"}],"neow_cost":"NONE","seed_source_timestamp":16499792302357,"circlet_count":0,"master_deck":["AscendersBane","Defend_G+1","Defend_G+1","Defend_G+1","Defend_G+1","Defend_G+1","Survivor+1","Neutralize+1","Quick Slash+1","Bouncing Flask+1","Adrenaline+1","PiercingWail+1","Backflip+1","Deflect+1","Corpse Explosion+1","Deadly Poison+1","Die Die Die+1","Adrenaline+1","Crippling Poison+1","Noxious Fumes+1","PiercingWail+1","Catalyst+1","Crippling Poison+1","Burst+1","PiercingWail+1","Wraith Form v2+1","PiercingWail+1","PiercingWail+1","Crippling Poison+1","Backflip+1","Dodge and Roll+1","Well Laid Plans+1","Backflip+1"],"relics":["Ring of the Serpent","Question Card","Vajra","Matryoshka","Orichalcum","Philosopher\u0027s Stone","DollysMirror","Paper Crane","Prayer Wheel","Anchor","Ice Cream","FossilizedHelix","Mummified Hand","Mark of the Bloom","Happy Flower","Kunai","TwistedFunnel"],"potions_floor_usage":[14,23,31,33,56,56],"damage_taken":[{"damage":15,"enemies":"Cultist","floor":1,"turns":7},{"damage":0,"enemies":"2 Louse","floor":3,"turns":3},{"damage":6,"enemies":"Small Slimes","floor":4,"turns":4},{"damage":12,"enemies":"Lagavulin","floor":7,"turns":6},{"damage":1,"enemies":"3 Louse","floor":11,"turns":5},{"damage":8,"enemies":"Gremlin Nob","floor":14,"turns":3},{"damage":2,"enemies":"The Guardian","floor":16,"turns":12},{"damage":0,"enemies":"Chosen","floor":18,"turns":4},{"damage":8,"enemies":"2 Thieves","floor":19,"turns":3},{"damage":12,"enemies":"Colosseum Slavers","floor":22,"turns":4},{"damage":19,"enemies":"Book of Stabbing","floor":23,"turns":6},{"damage":0,"enemies":"Gremlin Leader","floor":25,"turns":5},{"damage":0,"enemies":"Centurion and Healer","floor":28,"turns":4},{"damage":0,"enemies":"Snake Plant","floor":29,"turns":4},{"damage":0,"enemies":"Snecko","floor":30,"turns":4},{"damage":9,"enemies":"Book of Stabbing","floor":31,"turns":4},{"damage":6,"enemies":"Collector","floor":33,"turns":5},{"damage":0,"enemies":"3 Shapes","floor":35,"turns":2},{"damage":0,"enemies":"Orb Walker","floor":36,"turns":3},{"damage":4,"enemies":"2 Orb Walkers","floor":37,"turns":4},{"damage":20,"enemies":"Spire Growth","floor":39,"turns":5},{"damage":14,"enemies":"Nemesis","floor":40,"turns":9},{"damage":0,"enemies":"4 Shapes","floor":44,"turns":3},{"damage":0,"enemies":"Jaw Worm Horde","floor":46,"turns":2},{"damage":0,"enemies":"Sphere and 2 Shapes","floor":48,"turns":2},{"damage":0,"enemies":"Donu and Deca","floor":50,"turns":6},{"damage":0,"enemies":"Time Eater","floor":51,"turns":6},{"damage":1,"enemies":"Shield and Spear","floor":55,"turns":5},{"damage":0,"enemies":"The Heart","floor":56,"turns":6}],"seed_played":"8391316628020125229","potions_obtained":[{"floor":3,"key":"SpeedPotion"},{"floor":7,"key":"GhostInAJar"},{"floor":11,"key":"SteroidPotion"},{"floor":16,"key":"FairyPotion"},{"floor":25,"key":"LiquidBronze"},{"floor":28,"key":"Poison Potion"},{"floor":31,"key":"Fire Potion"},{"floor":35,"key":"Ancient Potion"},{"floor":37,"key":"PowerPotion"}],"is_trial":false,"path_per_floor":["M","?","M","M","$","R","E","?","T","R","M","R","?","E","R","B",null,"M","M","?","$","?","E","R","E","T","R","M","M","M","E","R","B",null,"M","M","?","$","M","E","R","?","T","M","?","M","R","M","R","B","B",null,"R","$","E","B",null],"character_chosen":"THE_SILENT","items_purchased":["DollysMirror","Backflip","SpeedPotion","TwistedFunnel"],"campfire_rested":6,"item_purchase_floors":[21,38,38,54],"current_hp_per_floor":[44,44,44,38,38,38,26,6,6,25,24,43,43,35,35,33,58,58,50,50,50,38,19,38,38,38,38,38,38,38,29,48,42,60,60,60,56,56,36,22,41,41,41,41,41,41,41,41,41,41,41,41,41,41,40,40],"gold":54,"neow_bonus":"ONE_RANDOM_RARE_CARD","is_prod":false,"is_daily":false,"chose_seed":false,"campfire_upgraded":4,"win_rate":0,"timestamp":1560181296,"path_taken":["M","?","?","M","$","R","E","?","T","R","M","R","?","E","R","BOSS","M","M","?","$","?","E","R","E","T","R","M","M","M","E","R","BOSS","M","M","?","$","M","E","R","?","T","M","?","?","R","M","R","BOSS","BOSS","R","$","E","BOSS"],"build_version":"2019-01-23","purchased_purges":2,"victory":true,"max_hp_per_floor":[66,66,66,66,66,66,66,66,66,66,66,66,66,66,66,66,66,66,66,66,66,66,66,66,66,66,66,66,66,66,66,66,66,66,66,66,66,66,66,66,66,66,66,66,66,66,66,66,66,66,66,66,66,66,66,66],"card_choices":[{"not_picked":["Underhanded Strike","Accuracy"],"picked":"Quick Slash","floor":1},{"not_picked":["Acrobatics","Deflect","Sucker Punch"],"picked":"Bouncing Flask","floor":3},{"not_picked":["PiercingWail","Acrobatics","Bane"],"picked":"Adrenaline","floor":4},{"not_picked":["Bane","Finisher","Blur"],"picked":"PiercingWail","floor":7},{"not_picked":["Infinite Blades","Quick Slash","Underhanded Strike"],"picked":"Backflip","floor":11},{"not_picked":["Prepared","Poisoned Stab","Doppelganger"],"picked":"Deflect","floor":14},{"not_picked":["Night Terror","Die Die Die","Adrenaline"],"picked":"Corpse Explosion","floor":16},{"not_picked":["Bane+1","Eviscerate","Skewer","Dodge and Roll"],"picked":"SKIP","floor":18},{"not_picked":["Calculated Gamble","Masterful Stab+1","Underhanded Strike"],"picked":"Deadly Poison+1","floor":19},{"not_picked":["Bane","Backstab","Underhanded Strike"],"picked":"Crippling Poison","floor":23},{"not_picked":["Outmaneuver","Escape Plan","Tactician"],"picked":"Noxious Fumes","floor":25},{"not_picked":["Deflect","Tactician","Glass Knife"],"picked":"PiercingWail","floor":28},{"not_picked":["Flying Knee","Distraction","Underhanded Strike","Deflect"],"picked":"SKIP","floor":28},{"not_picked":["Backflip","Eviscerate","Skewer"],"picked":"Catalyst","floor":29},{"not_picked":["Outmaneuver","Accuracy","Deadly Poison"],"picked":"Crippling Poison","floor":29},{"not_picked":["Sucker Punch","Blade Dance","Tactician"],"picked":"Burst","floor":30},{"not_picked":["Bane","Poisoned Stab","Dagger Spray","Deadly Poison"],"picked":"SKIP","floor":30},{"not_picked":["Backstab+1","Bouncing Flask","Poisoned Stab"],"picked":"PiercingWail","floor":31},{"not_picked":["Dagger Throw","Outmaneuver","Skewer"],"picked":"Wraith Form v2","floor":35},{"not_picked":["Sucker Punch","Endless Agony","Cloak And Dagger+1","Deflect"],"picked":"SKIP","floor":35},{"not_picked":["Dodge and Roll","Infinite Blades","Dagger Spray+1"],"picked":"PiercingWail+1","floor":36},{"not_picked":["Dagger Spray","Concentrate+1","Endless Agony+1"],"picked":"PiercingWail","floor":36},{"not_picked":["Backstab","Prepared","Blade Dance"],"picked":"Crippling Poison","floor":37},{"not_picked":["Underhanded Strike","Deflect","PiercingWail"],"picked":"Dodge and Roll+1","floor":39},{"not_picked":["Bane+1","Slice","Blade Dance","Dagger Spray"],"picked":"SKIP","floor":39},{"not_picked":["Eviscerate","Burst","Prepared","Blade Dance"],"picked":"SKIP","floor":40},{"not_picked":["Sucker Punch","Blade Dance","Dagger Spray","All Out Attack"],"picked":"SKIP","floor":44},{"not_picked":["Eviscerate+1","Heel Hook","Noxious Fumes","Dagger Throw"],"picked":"SKIP","floor":44},{"not_picked":["Setup","Escape Plan+1","Tactician"],"picked":"Well Laid Plans+1","floor":46},{"not_picked":["Cloak And Dagger","Prepared","Infinite Blades","Phantasmal Killer"],"picked":"SKIP","floor":46},{"not_picked":["Cloak And Dagger+1","Leg Sweep+1","Escape Plan"],"picked":"Backflip","floor":48},{"not_picked":["Distraction+1","Dagger Throw","Poisoned Stab","Flechettes"],"picked":"SKIP","floor":48},{"not_picked":["Deadly Poison","Dash","Reflex","Flechettes+1"],"picked":"SKIP","floor":55}],"player_experience":1343713,"relics_obtained":[{"floor":7,"key":"Vajra"},{"floor":9,"key":"Matryoshka"},{"floor":14,"key":"Orichalcum"},{"floor":23,"key":"Paper Crane"},{"floor":25,"key":"Prayer Wheel"},{"floor":26,"key":"Anchor"},{"floor":31,"key":"Ice Cream"},{"floor":37,"key":"FossilizedHelix"},{"floor":40,"key":"Mummified Hand"},{"floor":43,"key":"Happy Flower"},{"floor":43,"key":"Kunai"}],"event_choices":[{"cards_removed":["Burst"],"damage_healed":0,"gold_gain":0,"player_choice":"Gave Card","damage_taken":0,"relics_obtained":["Question Card"],"max_hp_gain":0,"max_hp_loss":0,"event_name":"WeMeetAgain","floor":2,"gold_loss":0},{"damage_healed":0,"gold_gain":0,"player_choice":"Entered Light","damage_taken":20,"max_hp_gain":0,"max_hp_loss":0,"event_name":"Shining Light","floor":8,"gold_loss":0,"cards_upgraded":["Defend_G","Neutralize"]},{"cards_removed":["Strike_G"],"damage_healed":0,"gold_gain":0,"player_choice":"Forget","damage_taken":0,"max_hp_gain":0,"max_hp_loss":0,"event_name":"Living Wall","floor":13,"gold_loss":0},{"damage_healed":0,"gold_gain":0,"cards_transformed":["Strike_G","Strike_G"],"player_choice":"Became Test Subject","damage_taken":0,"max_hp_gain":0,"max_hp_loss":0,"event_name":"Drug Dealer","floor":20,"gold_loss":0,"cards_obtained":["Masterful Stab","Die Die Die"]},{"damage_healed":0,"gold_gain":0,"player_choice":"Fight","damage_taken":0,"max_hp_gain":0,"max_hp_loss":0,"event_name":"Colosseum","floor":22,"gold_loss":0},{"damage_healed":0,"gold_gain":0,"player_choice":"Fled From Nobs","damage_taken":0,"max_hp_gain":0,"max_hp_loss":0,"event_name":"Colosseum","floor":22,"gold_loss":0},{"damage_healed":0,"gold_gain":0,"player_choice":"Fight","damage_taken":0,"max_hp_gain":0,"max_hp_loss":0,"event_name":"Mysterious Sphere","floor":37,"gold_loss":0},{"damage_healed":0,"gold_gain":0,"player_choice":"Upgrade","damage_taken":0,"relics_obtained":["Mark of the Bloom"],"max_hp_gain":0,"max_hp_loss":0,"event_name":"MindBloom","floor":42,"gold_loss":0,"cards_upgraded":["Defend_G","Defend_G","Defend_G","Defend_G","Survivor","Adrenaline","PiercingWail","Backflip","Deflect","Corpse Explosion","Masterful Stab","Die Die Die","Adrenaline","Crippling Poison","PiercingWail","Catalyst","Crippling Poison","Burst","PiercingWail","Wraith Form v2","PiercingWail","Crippling Poison","Backflip"]},{"cards_removed":["Masterful Stab"],"damage_healed":0,"gold_gain":0,"player_choice":"Purged","damage_taken":0,"max_hp_gain":0,"max_hp_loss":0,"event_name":"Purifier","floor":45,"gold_loss":0}],"is_beta":false,"boss_relics":[{"not_picked":["Tiny House","Black Star"],"picked":"Philosopher\u0027s Stone"},{"not_picked":["Orrery","Eternal Feather"],"picked":"Ring of the Serpent"}],"items_purged_floors":[5,38],"is_endless":false,"potions_floor_spawned":[3,7,11,16,25,28,30,31,35,37,44],"ascension_level":20}