{"gold_per_floor":[113,2,77,97,97,97,124,124,124,186,86,117,192,205,205,305,305,316,342,361,361,92,118,130,161,173,198,221,253,276,301,313,325],"floor_reached":33,"playtime":1403,"items_purged":["Strike_R","Defend_R","Strike_R"],"score":472,"play_id":"89754953-6930-4cd5-b5b6-d7c13b7bf38b","local_time":"20190225100752","is_ascension_mode":true,"campfire_choices":[{"data":"Flex","floor":6,"key":"SMITH"},{"data":"Evolve","floor":8,"key":"SMITH"},{"floor":15,"key":"REST"},{"data":"Ghostly Armor","floor":24,"key":"SMITH"},{"floor":32,"key":"REST"}],"neow_cost":"NONE","seed_source_timestamp":765000176489257,"circlet_count":0,"master_deck":["Strike_R","Strike_R","Strike_R","Defend_R","Defend_R","Defend_R","Bash+1","Evolve+1","Flex+1","Clothesline+1","Clash+1","Ghostly Armor+1","Iron Wave+1","Immolate+1","Pommel Strike+1","Headbutt+1","Body Slam+1","Sword Boomerang+1","Uppercut+1","Flex","Reaper+1","Wild Strike+1"],"relics":["Burning Blood","NeowsBlessing","Molten Egg 2","Gremlin Horn","Tiny Chest","FossilizedHelix","Orrery","Bag of Preparation","Magic Flower","Potion Belt","MawBank","Shovel"],"potions_floor_usage":[10,25,27,33,33],"damage_taken":[{"damage":0,"enemies":"Small Slimes","floor":1,"turns":1},{"damage":0,"enemies":"Cultist","floor":4,"turns":1},{"damage":0,"enemies":"Gremlin Nob","floor":7,"turns":1},{"damage":20,"enemies":"Lagavulin","floor":10,"turns":5},{"damage":25,"enemies":"3 Sentries","floor":12,"turns":7},{"damage":0,"enemies":"Jaw Worm","floor":14,"turns":3},{"damage":26,"enemies":"The Guardian","floor":16,"turns":12},{"damage":28,"enemies":"Shell Parasite","floor":18,"turns":4},{"damage":0,"enemies":"Spheric Guardian","floor":20,"turns":3},{"damage":0,"enemies":"Gremlin Leader","floor":23,"turns":4},{"damage":7,"enemies":"Centurion and Healer","floor":25,"turns":6},{"damage":16,"enemies":"Snake Plant","floor":27,"turns":2},{"damage":27,"enemies":"Shelled Parasite and Fungi","floor":28,"turns":5},{"damage":26,"enemies":"Snecko","floor":29,"turns":6},{"damage":12,"enemies":"Snake Plant","floor":30,"turns":3},{"damage":0,"enemies":"Cultist and Chosen","floor":31,"turns":5},{"damage":81,"enemies":"Champ","floor":33,"turns":11}],"seed_played":"-6372274469395368151","potions_obtained":[{"floor":4,"key":"Energy Potion"},{"floor":10,"key":"Strength Potion"},{"floor":12,"key":"Ancient Potion"},{"floor":23,"key":"GamblersBrew"},{"floor":27,"key":"SteroidPotion"},{"floor":28,"key":"Poison Potion"},{"floor":29,"key":"EssenceOfSteel"},{"floor":31,"key":"SpeedPotion"}],"is_trial":false,"path_per_floor":["M","$","?","M","?","R","E","R","T","E","$","E","?","M","R","B",null,"M","T","M","?","$","E","R","M","T","M","M","M","M","M","R","B"],"character_chosen":"IRONCLAD","items_purchased":["Evolve","Potion Belt"],"campfire_rested":2,"item_purchase_floors":[2,22],"current_hp_per_floor":[78,78,67,73,73,73,79,79,79,65,65,46,38,44,68,48,72,50,50,56,56,56,65,65,67,67,60,42,25,22,42,66,0],"gold":325,"neow_bonus":"THREE_ENEMY_KILL","is_prod":false,"is_daily":false,"chose_seed":false,"campfire_upgraded":3,"win_rate":0,"timestamp":1551103672,"path_taken":["M","$","?","M","?","R","E","R","T","E","$","E","?","M","R","BOSS","M","?","M","?","$","E","R","M","T","M","M","M","?","M","R","BOSS"],"build_version":"2019-01-23","purchased_purges":3,"victory":false,"max_hp_per_floor":[80,80,80,80,80,80,80,80,80,80,80,80,80,80,80,80,80,80,80,80,80,80,80,80,80,80,80,80,80,80,80,80,80],"card_choices":[{"not_picked":["Flex","Battle Trance","Cleave"],"picked":"SKIP","floor":1},{"not_picked":["Warcry","Headbutt"],"picked":"Flex","floor":4},{"not_picked":["Burning Pact","Shrug It Off"],"picked":"Clothesline","floor":7},{"not_picked":["Cleave+1","Rupture"],"picked":"Clash+1","floor":10},{"not_picked":["Brutality","True Grit"],"picked":"Ghostly Armor","floor":12},{"not_picked":["Warcry","Anger+1"],"picked":"Iron Wave+1","floor":14},{"not_picked":["Juggernaut","Brutality"],"picked":"Immolate+1","floor":16},{"not_picked":["Thunderclap+1","Hemokinesis+1"],"picked":"Pommel Strike+1","floor":17},{"not_picked":["Shrug It Off","Warcry"],"picked":"Headbutt+1","floor":17},{"not_picked":["Sword Boomerang+1","Pommel Strike+1"],"picked":"Body Slam+1","floor":17},{"not_picked":["Shrug It Off","Thunderclap+1"],"picked":"Sword Boomerang+1","floor":17},{"not_picked":["Heavy Blade+1","Evolve"],"picked":"Uppercut+1","floor":17},{"not_picked":["Corruption+1","Rupture+1","Headbutt+1"],"picked":"SKIP","floor":18},{"not_picked":["Thunderclap+1","Body Slam+1","Sword Boomerang+1"],"picked":"SKIP","floor":20},{"not_picked":["Thunderclap+1","Warcry+1"],"picked":"Flex","floor":23},{"not_picked":["Entrench","Sentinel","Fiend Fire+1"],"picked":"SKIP","floor":25},{"not_picked":["Clash+1","Hemokinesis+1","Body Slam+1"],"picked":"SKIP","floor":27},{"not_picked":["Pommel Strike+1","True Grit+1","Ghostly Armor"],"picked":"SKIP","floor":28},{"not_picked":["Whirlwind+1","Uppercut+1","Burning Pact"],"picked":"SKIP","floor":29},{"not_picked":["Clash+1","Battle Trance"],"picked":"Reaper+1","floor":30},{"not_picked":["Carnage+1","Wild Strike+1","Feel No Pain"],"picked":"SKIP","floor":31},{"not_picked":["Carnage+1","Feel No Pain"],"picked":"Wild Strike+1","floor":31}],"player_experience":460031,"relics_obtained":[{"floor":7,"key":"Molten Egg 2"},{"floor":9,"key":"Gremlin Horn"},{"floor":10,"key":"Tiny Chest"},{"floor":12,"key":"FossilizedHelix"},{"floor":19,"key":"Bag of Preparation"},{"floor":23,"key":"MawBank"},{"floor":26,"key":"Shovel"}],"event_choices":[{"damage_healed":0,"gold_gain":75,"player_choice":"Gather Gold","damage_taken":11,"max_hp_gain":0,"max_hp_loss":0,"event_name":"World of Goop","floor":3,"gold_loss":0},{"damage_healed":0,"gold_gain":0,"player_choice":"Grow","damage_taken":0,"max_hp_gain":0,"max_hp_loss":0,"event_name":"Living Wall","floor":5,"gold_loss":0,"cards_upgraded":["Bash"]},{"damage_healed":0,"gold_gain":75,"player_choice":"Touch","damage_taken":8,"max_hp_gain":0,"max_hp_loss":0,"event_name":"FaceTrader","floor":13,"gold_loss":0},{"damage_healed":0,"gold_gain":0,"player_choice":"Gave Potion","damage_taken":0,"relics_obtained":["Magic Flower"],"max_hp_gain":0,"max_hp_loss":0,"event_name":"WeMeetAgain","floor":21,"gold_loss":0}],"is_beta":false,"boss_relics":[{"not_picked":["Ectoplasm","Cursed Key"],"picked":"Orrery"}],"items_purged_floors":[2,11,22],"is_endless":false,"potions_floor_spawned":[4,10,12,23,27,28,29,31],"killed_by":"Champ","ascension_level":8}