{"gold_per_floor":[119,31,31,31,44,44,78,91,115,115,186,186,186,226,226,315,315,271,271],"floor_reached":19,"playtime":863,"items_purged":[],"score":416,"play_id":"316946f6-9c1f-4eb6-bb66-786248d74bff","local_time":"20190208174237","is_ascension_mode":true,"campfire_choices":[{"data":"Neutralize","floor":6,"key":"SMITH"},{"data":"Finisher","floor":10,"key":"SMITH"},{"data":"Well Laid Plans","floor":15,"key":"SMITH"}],"neow_cost":"NONE","seed_source_timestamp":18469187650370,"circlet_count":0,"master_deck":["AscendersBane","Defend_G","Defend_G","Defend_G","Defend_G","Defend_G","Strike_G","Strike_G","Survivor","Neutralize+1","Leg Sweep","After Image","Dagger Throw","Infinite Blades","Finisher+1","Skewer+1","Well Laid Plans+1","Phantasmal Killer","Catalyst+1","Infinite Blades+1","Outmaneuver+1","Dodge and Roll+1"],"relics":["Ring of the Snake","NeowsBlessing","Golden Idol","Juzu Bracelet","Pen Nib","Tiny Chest","Pantograph","Astrolabe"],"potions_floor_usage":[14,14],"damage_taken":[{"damage":0,"enemies":"Small Slimes","floor":1,"turns":1},{"damage":0,"enemies":"Jaw Worm","floor":5,"turns":1},{"damage":0,"enemies":"Gremlin Nob","floor":7,"turns":1},{"damage":0,"enemies":"Cultist","floor":8,"turns":4},{"damage":19,"enemies":"3 Sentries","floor":11,"turns":12},{"damage":3,"enemies":"Gremlin Nob","floor":14,"turns":3},{"damage":7,"enemies":"The Guardian","floor":16,"turns":12},{"damage":26,"enemies":"2 Thieves","floor":18,"turns":5},{"damage":26,"enemies":"Masked Bandits","floor":19,"turns":3}],"seed_played":"4159870722291463778","potions_obtained":[{"floor":5,"key":"Fire Potion"},{"floor":11,"key":"SteroidPotion"},{"floor":16,"key":"LiquidBronze"}],"is_trial":false,"path_per_floor":["M","$","?","?","M","R","E","M","T","R","E","?","?","E","R","B",null,"M","?"],"character_chosen":"THE_SILENT","items_purchased":["After Image"],"campfire_rested":0,"item_purchase_floors":[2],"current_hp_per_floor":[59,59,59,59,59,59,59,59,59,59,40,40,5,2,2,20,50,24,0],"gold":271,"neow_bonus":"THREE_ENEMY_KILL","is_prod":false,"is_daily":false,"chose_seed":false,"campfire_upgraded":3,"win_rate":0,"timestamp":1549644157,"path_taken":["M","$","?","?","?","R","E","M","T","R","E","?","?","E","R","BOSS","M","?"],"build_version":"2019-01-23","purchased_purges":0,"victory":false,"max_hp_per_floor":[66,66,60,60,60,60,60,60,60,60,60,60,60,60,60,60,60,60,60],"card_choices":[{"not_picked":["Slice","Backflip"],"picked":"Leg Sweep","floor":1},{"not_picked":["Tactician","Acrobatics"],"picked":"Dagger Throw","floor":5},{"not_picked":["Catalyst","Blur"],"picked":"Infinite Blades","floor":7},{"not_picked":["Acrobatics","Underhanded Strike"],"picked":"Finisher","floor":8},{"not_picked":["All Out Attack","Outmaneuver"],"picked":"Skewer","floor":11},{"not_picked":["Burst","Deadly Poison"],"picked":"Well Laid Plans","floor":14},{"not_picked":["Bullet Time","Storm of Steel"],"picked":"Phantasmal Killer","floor":16},{"not_picked":["Prepared","Deflect"],"picked":"Dodge and Roll+1","floor":18}],"player_experience":946017,"relics_obtained":[{"floor":7,"key":"Juzu Bracelet"},{"floor":9,"key":"Pen Nib"},{"floor":11,"key":"Tiny Chest"},{"floor":14,"key":"Pantograph"}],"event_choices":[{"damage_healed":0,"gold_gain":0,"player_choice":"Lose Max HP","damage_taken":0,"relics_obtained":["Golden Idol"],"max_hp_gain":0,"max_hp_loss":6,"event_name":"Golden Idol","floor":3,"gold_loss":0},{"damage_healed":0,"gold_gain":0,"player_choice":"0 cards matched","damage_taken":0,"max_hp_gain":0,"max_hp_loss":0,"event_name":"Match and Keep!","floor":4,"gold_loss":0,"cards_obtained":[]},{"damage_healed":0,"gold_gain":0,"player_choice":"Grow","damage_taken":0,"max_hp_gain":0,"max_hp_loss":0,"event_name":"Living Wall","floor":12,"gold_loss":0,"cards_upgraded":["Skewer"]},{"damage_healed":0,"gold_gain":0,"player_choice":"Fled","damage_taken":35,"max_hp_gain":0,"max_hp_loss":0,"event_name":"Scrap Ooze","floor":13,"gold_loss":0},{"damage_healed":0,"gold_gain":0,"player_choice":"Fought Bandits","damage_taken":0,"max_hp_gain":0,"max_hp_loss":0,"event_name":"Masked Bandits","floor":19,"gold_loss":0}],"is_beta":false,"boss_relics":[{"not_picked":["WristBlade","Busted Crown"],"picked":"Astrolabe"}],"items_purged_floors":[],"is_endless":false,"potions_floor_spawned":[5,11,16],"killed_by":"Masked Bandits","ascension_level":20}