{"gold_per_floor":[118,118,136,182,19,19,47,47,98,118,133,152,152,182,182,258,258,276,376,301,0,11,11,39,39,39,50,70,96,114,127,127,127],"floor_reached":33,"playtime":1418,"items_purged":["Strike_B"],"score":694,"play_id":"f8585a4b-7546-4373-8298-3dca49ae5fa0","local_time":"20190617011913","is_ascension_mode":true,"campfire_choices":[{"data":"Melter","floor":6,"key":"SMITH"},{"data":"Multi-Cast","floor":13,"key":"SMITH"},{"data":"Glacier","floor":15,"key":"SMITH"},{"data":"Electrodynamics","floor":23,"key":"SMITH"},{"floor":25,"key":"REST"},{"floor":32,"key":"REST"}],"neow_cost":"NONE","seed_source_timestamp":46934252361299,"circlet_count":0,"master_deck":["AscendersBane","Strike_B","Strike_B","Defend_B","Defend_B","Defend_B","Defend_B","Zap+1","Dualcast","Melter+1","Glacier+1","Cold Snap","Multi-Cast+1","Hologram","Electrodynamics+1","Consume","Hologram"],"relics":["Cracked Core","NeowsBlessing","Centennial Puzzle","Orichalcum","Sundial","Symbiotic Virus","Happy Flower","Potion Belt","Busted Crown","Torii","Ornamental Fan","Membership Card","Boot","Bag of Preparation","Omamori"],"potions_floor_usage":[19,19,19,29,29,31,33],"damage_taken":[{"damage":0,"enemies":"Jaw Worm","floor":1,"turns":1},{"damage":0,"enemies":"Cultist","floor":3,"turns":1},{"damage":0,"enemies":"Gremlin Nob","floor":7,"turns":1},{"damage":2,"enemies":"Small Slimes","floor":10,"turns":2},{"damage":0,"enemies":"Blue Slaver","floor":11,"turns":3},{"damage":7,"enemies":"Exordium Wildlife","floor":12,"turns":3},{"damage":0,"enemies":"Lagavulin","floor":14,"turns":4},{"damage":19,"enemies":"Slime Boss","floor":16,"turns":4},{"damage":2,"enemies":"Shell Parasite","floor":18,"turns":2},{"damage":0,"enemies":"Colosseum Slavers","floor":19,"turns":2},{"damage":3,"enemies":"Colosseum Nobs","floor":19,"turns":3},{"damage":12,"enemies":"3 Byrds","floor":22,"turns":2},{"damage":23,"enemies":"Slavers","floor":24,"turns":4},{"damage":0,"enemies":"3 Cultists","floor":27,"turns":3},{"damage":0,"enemies":"Chosen and Byrds","floor":28,"turns":3},{"damage":23,"enemies":"Gremlin Leader","floor":29,"turns":8},{"damage":14,"enemies":"Snake Plant","floor":30,"turns":4},{"damage":0,"enemies":"Cultist and Chosen","floor":31,"turns":7},{"damage":66,"enemies":"Automaton","floor":33,"turns":12}],"seed_played":"-2982286113051820169","potions_obtained":[{"floor":7,"key":"PowerPotion"},{"floor":10,"key":"FearPotion"},{"floor":18,"key":"FocusPotion"},{"floor":22,"key":"Explosive Potion"},{"floor":24,"key":"EssenceOfSteel"},{"floor":30,"key":"Regen Potion"},{"floor":31,"key":"SteroidPotion"}],"is_trial":false,"path_per_floor":["M","?","M","T","$","R","E","?","T","M","M","M","R","E","R","B",null,"M","?","?","$","M","R","E","R","T","M","M","E","M","M","R","B"],"character_chosen":"DEFECT","items_purchased":["Orichalcum","Membership Card","LiquidBronze"],"campfire_rested":2,"item_purchase_floors":[5,21,21],"current_hp_per_floor":[64,64,64,64,64,64,64,64,64,62,62,55,55,55,55,36,62,60,57,57,57,45,45,22,43,43,43,43,20,6,21,42,0],"gold":127,"neow_bonus":"THREE_ENEMY_KILL","is_prod":false,"is_daily":false,"chose_seed":false,"campfire_upgraded":4,"win_rate":0,"timestamp":1560727153,"path_taken":["M","?","?","?","$","R","E","?","T","M","?","M","R","E","R","BOSS","M","?","?","$","M","R","E","R","T","M","M","E","M","M","R","BOSS"],"build_version":"2019-01-23","purchased_purges":1,"victory":false,"max_hp_per_floor":[71,71,71,71,71,71,71,71,71,71,71,71,71,71,71,71,71,71,71,71,71,71,71,71,71,71,71,71,71,71,71,71,71],"card_choices":[{"not_picked":["Stack","Compile Driver"],"picked":"Melter","floor":1},{"not_picked":["Fusion","Rebound"],"picked":"Glacier","floor":3},{"not_picked":["Rebound","Turbo"],"picked":"Skim","floor":7},{"not_picked":["Streamline","Stack","Conserve Battery"],"picked":"SKIP","floor":10},{"not_picked":["Amplify","Beam Cell"],"picked":"Cold Snap","floor":11},{"not_picked":["Go for the Eyes","Coolheaded"],"picked":"Multi-Cast","floor":12},{"not_picked":["Streamline","Meteor Strike"],"picked":"Hologram","floor":14},{"not_picked":["Biased Cognition","Buffer"],"picked":"Electrodynamics","floor":16},{"not_picked":["Steam"],"picked":"SKIP","floor":18},{"not_picked":[],"picked":"Consume","floor":19},{"not_picked":["Auto Shields"],"picked":"SKIP","floor":22},{"not_picked":["Cold Snap"],"picked":"SKIP","floor":24},{"not_picked":["Heatsinks"],"picked":"SKIP","floor":27},{"not_picked":["Heatsinks"],"picked":"SKIP","floor":27},{"not_picked":["Ball Lightning"],"picked":"SKIP","floor":28},{"not_picked":["Cold Snap"],"picked":"SKIP","floor":29},{"not_picked":[],"picked":"Hologram","floor":30},{"not_picked":["Beam Cell"],"picked":"SKIP","floor":31}],"player_experience":1378307,"relics_obtained":[{"floor":4,"key":"Centennial Puzzle"},{"floor":7,"key":"Sundial"},{"floor":9,"key":"Happy Flower"},{"floor":14,"key":"Potion Belt"},{"floor":19,"key":"Torii"},{"floor":19,"key":"Ornamental Fan"},{"floor":24,"key":"Boot"},{"floor":26,"key":"Bag of Preparation"},{"floor":29,"key":"Omamori"}],"event_choices":[{"damage_healed":0,"gold_gain":0,"player_choice":"Upgraded","damage_taken":0,"max_hp_gain":0,"max_hp_loss":0,"event_name":"Upgrade Shrine","floor":2,"gold_loss":0,"cards_upgraded":["Zap"]},{"cards_removed":["Skim"],"damage_healed":0,"gold_gain":0,"player_choice":"Gave Card","damage_taken":0,"relics_obtained":["Symbiotic Virus"],"max_hp_gain":0,"max_hp_loss":0,"event_name":"WeMeetAgain","floor":8,"gold_loss":0},{"damage_healed":0,"gold_gain":0,"player_choice":"Fight","damage_taken":0,"max_hp_gain":0,"max_hp_loss":0,"event_name":"Colosseum","floor":19,"gold_loss":0},{"damage_healed":0,"gold_gain":0,"player_choice":"Fought Nobs","damage_taken":0,"max_hp_gain":0,"max_hp_loss":0,"event_name":"Colosseum","floor":19,"gold_loss":0},{"cards_removed":["Strike_B"],"damage_healed":0,"gold_gain":0,"player_choice":"Gave Gold","damage_taken":0,"max_hp_gain":0,"max_hp_loss":0,"event_name":"Beggar","floor":20,"gold_loss":75}],"is_beta":false,"boss_relics":[{"not_picked":["Runic Pyramid","White Beast Statue"],"picked":"Busted Crown"}],"items_purged_floors":[21],"is_endless":false,"potions_floor_spawned":[7,10,11,18,22,24,30,31],"killed_by":"Automaton","ascension_level":20}