{"gold_per_floor":[118,133,133,133,2,29,29,60,60,60],"floor_reached":10,"playtime":467,"items_purged":[],"score":148,"play_id":"0696694a-1ba6-48c1-b658-f646590e044f","local_time":"20190107140844","is_ascension_mode":true,"campfire_choices":[{"floor":7,"key":"REST"}],"neow_cost":"NONE","seed_source_timestamp":6711391199024,"circlet_count":0,"master_deck":["AscendersBane","Strike_B","Strike_B","Strike_B","Strike_B","Defend_B","Defend_B","Defend_B","Defend_B","Zap+1","Dualcast","Leap","Cold Snap","Glacier","Capacitor"],"relics":["Cracked Core","Blood Vial","DataDisk","Prayer Wheel","Kunai"],"potions_floor_usage":[8,10],"damage_taken":[{"damage":4,"enemies":"Small Slimes","floor":1,"turns":4},{"damage":2,"enemies":"2 Louse","floor":2,"turns":3},{"damage":47,"enemies":"Gremlin Nob","floor":6,"turns":7},{"damage":21,"enemies":"Lagavulin","floor":8,"turns":6},{"damage":32,"enemies":"Gremlin Nob","floor":10,"turns":4}],"seed_played":"-5222372074606523329","potions_obtained":[{"floor":6,"key":"FearPotion"}],"is_trial":false,"path_per_floor":["M","M","?","?","$","E","R","E","T","E"],"character_chosen":"DEFECT","items_purchased":["Glacier","Dexterity Potion"],"campfire_rested":1,"item_purchase_floors":[5,5],"current_hp_per_floor":[62,62,62,67,67,22,44,25,25,0],"gold":60,"neow_bonus":"RANDOM_COMMON_RELIC","is_prod":false,"is_daily":false,"chose_seed":false,"campfire_upgraded":0,"win_rate":0,"timestamp":1546866524,"path_taken":["M","M","?","?","$","E","R","E","T","E"],"build_version":"2019-01-03v4","purchased_purges":0,"victory":false,"max_hp_per_floor":[71,71,71,76,76,76,76,76,76,76],"card_choices":[{"not_picked":["Aggregate","Turbo"],"picked":"Leap","floor":1},{"not_picked":["Beam Cell","Compile Driver"],"picked":"Cold Snap","floor":2},{"not_picked":["Auto Shields","Undo","Meteor Strike"],"picked":"SKIP","floor":6},{"not_picked":["Chaos","Static Discharge"],"picked":"Capacitor","floor":8}],"player_experience":733595,"relics_obtained":[{"floor":6,"key":"DataDisk"},{"floor":8,"key":"Prayer Wheel"},{"floor":9,"key":"Kunai"}],"event_choices":[{"damage_healed":0,"gold_gain":0,"player_choice":"Grow","damage_taken":0,"max_hp_gain":0,"max_hp_loss":0,"event_name":"Living Wall","floor":3,"gold_loss":0,"cards_upgraded":["Zap"]},{"damage_healed":0,"gold_gain":0,"player_choice":"Donut","damage_taken":0,"max_hp_gain":5,"max_hp_loss":0,"event_name":"Big Fish","floor":4,"gold_loss":0}],"is_beta":false,"boss_relics":[],"items_purged_floors":[],"is_endless":false,"potions_floor_spawned":[6],"killed_by":"Gremlin Nob","ascension_level":20}