{"gold_per_floor":[214,214,214,139,154,187,187,215,215,290,290,119,152,170,170,246,246,260,279,279,295,295,295,330,350,350,368,368,368,211,222,222,294,294,304,46,46,60,60],"floor_reached":39,"playtime":1677,"items_purged":["Strike_R","Strike_R"],"score":688,"play_id":"2a4c5ed3-b1af-4305-84b2-8d4984f676ab","local_time":"20190506103208","is_ascension_mode":true,"campfire_choices":[{"data":"Rampage","floor":7.0,"key":"SMITH"},{"floor":11.0,"key":"REST"},{"floor":15.0,"key":"REST"},{"data":"Rage","floor":23.0,"key":"SMITH"},{"floor":28.0,"key":"REST"},{"floor":32.0,"key":"REST"}],"neow_cost":"NONE","seed_source_timestamp":0,"circlet_count":0,"master_deck":["AscendersBane","Strike_R","Strike_R","Defend_R","Defend_R","Defend_R","Defend_R","Bash","Cleave","Rampage+1","Cleave","Headbutt+1","Feel No Pain","Clash+1","Headbutt+1","Demon Form","Rage+1","Heavy Blade+1","Pummel+1","Evolve","Reaper+1","Shrug It Off","Clash+1"],"special_seed":0,"relics":["Burning Blood","Juzu Bracelet","Molten Egg 2","Pear","Bag of Marbles","Mark of Pain","Centennial Puzzle","Bottled Flame","PreservedInsect","Eternal Feather","Ornamental Fan"],"potions_floor_usage":[39],"damage_taken":[{"damage":7.0,"enemies":"Jaw Worm","floor":1.0,"turns":3.0},{"damage":1.0,"enemies":"Cultist","floor":5.0,"turns":3.0},{"damage":30.0,"enemies":"Lagavulin","floor":6.0,"turns":6.0},{"damage":32.0,"enemies":"Gremlin Nob","floor":8.0,"turns":4.0},{"damage":35.0,"enemies":"Lagavulin","floor":13.0,"turns":6.0},{"damage":6.0,"enemies":"2 Louse","floor":14.0,"turns":2.0},{"damage":2.0,"enemies":"Slime Boss","floor":16.0,"turns":9.0},{"damage":6.0,"enemies":"2 Thieves","floor":18.0,"turns":2.0},{"damage":6.0,"enemies":"3 Byrds","floor":19.0,"turns":3.0},{"damage":39.0,"enemies":"Cultist and Chosen","floor":21.0,"turns":6.0},{"damage":30.0,"enemies":"Gremlin Leader","floor":24.0,"turns":6.0},{"damage":35.0,"enemies":"Snake Plant","floor":25.0,"turns":5.0},{"damage":17.0,"enemies":"Centurion and Healer","floor":27.0,"turns":4.0},{"damage":18.0,"enemies":"Snecko","floor":31.0,"turns":3.0},{"damage":56.0,"enemies":"Champ","floor":33.0,"turns":9.0},{"damage":29.0,"enemies":"3 Shapes","floor":35.0,"turns":7.0},{"damage":39,"enemies":"3 Darklings","floor":38,"turns":6},{"damage":74,"enemies":"Writhing Mass","floor":39,"turns":6}],"seed_played":"-1436137963667808595","potions_obtained":[{"floor":1.0,"key":"AttackPotion"},{"floor":14.0,"key":"LiquidBronze"},{"floor":16.0,"key":"AttackPotion"},{"floor":18.0,"key":"Fire Potion"},{"floor":19.0,"key":"PowerPotion"},{"floor":27.0,"key":"Ancient Potion"},{"floor":38,"key":"GamblersBrew"}],"is_trial":false,"path_per_floor":["M","?","?","$","M","E","R","E","T","?","R","$","E","M","R","B",null,"M","M","?","M","?","R","E","M","T","M","R","?","$","M","R","B",null,"M","$","?","M","M"],"character_chosen":"IRONCLAD","items_purchased":["Feel No Pain","PreservedInsect","Ornamental Fan"],"campfire_rested":4,"item_purchase_floors":[12,30,36],"current_hp_per_floor":[71,76,76,76,81,57,57,31,41,32,60,60,31,31,59,63,87,87,87,87,54,85,85,61,32,32,21,49,49,49,37,65,15,75,52,52,52,34,0],"gold":60,"neow_bonus":"HUNDRED_GOLD","is_prod":false,"is_daily":false,"chose_seed":false,"campfire_upgraded":2,"win_rate":0,"timestamp":1557149528,"path_taken":["M","?","?","$","?","E","R","E","T","?","R","?","E","M","R","BOSS","M","M","?","M","?","R","E","M","T","M","R","?","$","M","R","BOSS","M","$","?","M","M"],"build_version":"2019-01-23","purchased_purges":2,"victory":false,"max_hp_per_floor":[80,85,85,85,85,85,85,85,95,95,95,95,95,95,95,95,95,95,95,95,95,95,95,95,95,95,95,95,95,95,95,95,95,95,95,95,90,90,90],"card_choices":[{"not_picked":["Battle Trance","Pommel Strike"],"picked":"Cleave","floor":1.0},{"not_picked":["Armaments","True Grit","Heavy Blade"],"picked":"SKIP","floor":5.0},{"not_picked":["Anger","Feel No Pain"],"picked":"Cleave","floor":6.0},{"not_picked":["Offering","Searing Blow"],"picked":"Headbutt","floor":8.0},{"not_picked":["Clothesline+1","Dark Embrace"],"picked":"Clash+1","floor":13.0},{"not_picked":["Sword Boomerang+1","Corruption"],"picked":"Headbutt+1","floor":14.0},{"not_picked":["Fiend Fire+1","Reaper+1"],"picked":"Demon Form","floor":16.0},{"not_picked":["Armaments","Wild Strike+1"],"picked":"Rage","floor":18.0},{"not_picked":["Carnage+1","Cleave+1","Hemokinesis+1"],"picked":"SKIP","floor":19.0},{"not_picked":["Havoc+1","Berserk"],"picked":"Heavy Blade+1","floor":21.0},{"not_picked":["Armaments","Clothesline+1"],"picked":"Pummel+1","floor":24.0},{"not_picked":["Pommel Strike+1","Corruption+1","Perfected Strike+1"],"picked":"SKIP","floor":25.0},{"not_picked":["Twin Strike+1","Clash+1"],"picked":"Evolve","floor":27.0},{"not_picked":["Corruption","Power Through","Perfected Strike+1"],"picked":"SKIP","floor":31.0},{"not_picked":["Brutality","Offering"],"picked":"Reaper+1","floor":33.0},{"not_picked":["Wild Strike+1","Flex+1"],"picked":"Shrug It Off","floor":35.0},{"not_picked":["Shrug It Off+1","Headbutt+1"],"picked":"Clash+1","floor":38}],"player_experience":701690,"relics_obtained":[{"floor":6.0,"key":"Juzu Bracelet"},{"floor":8.0,"key":"Molten Egg 2"},{"floor":9.0,"key":"Pear"},{"floor":13.0,"key":"Bag of Marbles"},{"floor":24.0,"key":"Centennial Puzzle"},{"floor":26.0,"key":"Bottled Flame"}],"event_choices":[{"damage_healed":0.0,"max_hp_gain":5.0,"max_hp_loss":0.0,"gold_gain":0.0,"event_name":"Big Fish","player_choice":"Donut","floor":2.0,"gold_loss":0.0,"damage_taken":0.0},{"damage_healed":0.0,"max_hp_gain":0.0,"max_hp_loss":0.0,"gold_gain":0.0,"cards_transformed":["Strike_R"],"event_name":"Transmorgrifier","player_choice":"Transformed","floor":3.0,"gold_loss":0.0,"damage_taken":0.0,"cards_obtained":["Rampage"]},{"damage_healed":0.0,"max_hp_gain":0.0,"max_hp_loss":0.0,"gold_gain":75.0,"event_name":"FaceTrader","player_choice":"Touch","floor":10.0,"gold_loss":0.0,"damage_taken":9.0},{"damage_healed":0.0,"max_hp_gain":0.0,"max_hp_loss":0.0,"gold_gain":0.0,"event_name":"Lab","player_choice":"Got Potions","floor":20.0,"gold_loss":0.0,"damage_taken":0.0},{"damage_healed":31.0,"max_hp_gain":0.0,"max_hp_loss":0.0,"gold_gain":0.0,"event_name":"The Library","player_choice":"Heal","floor":22.0,"gold_loss":0.0,"damage_taken":0.0},{"damage_healed":0.0,"max_hp_gain":0.0,"max_hp_loss":0.0,"gold_gain":0.0,"event_name":"Ghosts","player_choice":"Ignored","floor":29.0,"gold_loss":0.0,"damage_taken":0.0},{"damage_healed":0.0,"max_hp_gain":0.0,"max_hp_loss":5.0,"gold_gain":0.0,"event_name":"Winding Halls","player_choice":"Max HP","floor":37.0,"gold_loss":0.0,"damage_taken":0.0}],"is_beta":false,"boss_relics":[{"not_picked":["Tiny House","Runic Dome"],"picked":"Mark of Pain"},{"not_picked":["Lizard Tail","Coffee Dripper"],"picked":"Eternal Feather"}],"items_purged_floors":[4,12],"is_endless":false,"potions_floor_spawned":[1,14,16,18,19,27,38],"killed_by":"Writhing Mass","ascension_level":13}