{"gold_per_floor":[132,57,6,6,38,38,92,164,164,204,263,294,328,403,403,505,505,538,453,493,122,137,137,137,137,191,201,201,258,258,258,258,357,357,400,419,439,354,398,418,418,15,39,49,100,100,112,125,125,125],"floor_reached":50,"playtime":2919,"items_purged":["Doubt","Strike_G","Writhe","Strike_G"],"score":526,"play_id":"38c39e56-726d-4c19-91b0-610b2582660e","local_time":"20190412102136","is_ascension_mode":false,"campfire_choices":[{"data":"Crippling Poison","floor":6,"key":"SMITH"},{"data":"Noxious Fumes","floor":15,"key":"SMITH"},{"data":"HandOfGreed","floor":23,"key":"SMITH"},{"floor":28,"key":"REST"},{"floor":30,"key":"REST"},{"floor":32,"key":"REST"},{"floor":41,"key":"REST"},{"floor":46,"key":"RECALL"},{"floor":49,"key":"REST"}],"neow_cost":"CURSE","seed_source_timestamp":210633275764733,"circlet_count":0,"master_deck":["Defend_G","Defend_G","Defend_G","Defend_G","Defend_G","Strike_G","Strike_G","Strike_G","Survivor","Neutralize","Discovery","HandOfGreed+1","Backstab","Crippling Poison+1","Blur","Noxious Fumes+1","Noxious Fumes","Bullet Time","Prepared+1","Noxious Fumes+1","Footwork","Sucker Punch+1","Footwork+1","Burst","Backstab+1","Deadly Poison","Footwork","Bane+1","Noxious Fumes","Catalyst","Dodge and Roll+1"],"relics":["Ring of the Snake","Blue Candle","Pen Nib","Lantern","Juzu Bracelet","WristBlade","Darkstone Periapt","DollysMirror","MutagenicStrength","Incense Burner","Smiling Mask","Snake Skull","Busted Crown","ClockworkSouvenir","Tingsha"],"potions_floor_usage":[8,16,27,29,33,37,40,45,45],"damage_taken":[{"damage":0,"enemies":"Jaw Worm","floor":1,"turns":5},{"damage":0,"enemies":"Cultist","floor":5,"turns":5},{"damage":0,"enemies":"Small Slimes","floor":7,"turns":3},{"damage":1,"enemies":"3 Sentries","floor":8,"turns":10},{"damage":0,"enemies":"3 Louse","floor":10,"turns":4},{"damage":0,"enemies":"Large Slime","floor":11,"turns":4},{"damage":0,"enemies":"Gremlin Gang","floor":12,"turns":3},{"damage":16,"enemies":"Gremlin Nob","floor":13,"turns":4},{"damage":15,"enemies":"The Guardian","floor":16,"turns":9},{"damage":0,"enemies":"3 Byrds","floor":18,"turns":3},{"damage":2,"enemies":"2 Thieves","floor":20,"turns":3},{"damage":14,"enemies":"Snake Plant","floor":22,"turns":4},{"damage":29,"enemies":"3 Cultists","floor":27,"turns":7},{"damage":60,"enemies":"Slavers","floor":29,"turns":7},{"damage":3,"enemies":"Champ","floor":33,"turns":11},{"damage":0,"enemies":"3 Shapes","floor":35,"turns":4},{"damage":0,"enemies":"Orb Walker","floor":36,"turns":2},{"damage":5,"enemies":"3 Darklings","floor":37,"turns":5},{"damage":17,"enemies":"Maw","floor":39,"turns":8},{"damage":23,"enemies":"Writhing Mass","floor":40,"turns":6},{"damage":2,"enemies":"Transient","floor":44,"turns":5},{"damage":18,"enemies":"2 Orb Walkers","floor":45,"turns":5},{"damage":12,"enemies":"Sphere and 2 Shapes","floor":47,"turns":4},{"damage":18,"enemies":"3 Darklings","floor":48,"turns":5},{"damage":30,"enemies":"Donu and Deca","floor":50,"turns":8}],"seed_played":"6442236097718250281","potions_obtained":[{"floor":5,"key":"Energy Potion"},{"floor":7,"key":"Regen Potion"},{"floor":11,"key":"Dexterity Potion"},{"floor":18,"key":"SteroidPotion"},{"floor":22,"key":"Dexterity Potion"},{"floor":29,"key":"LiquidBronze"},{"floor":35,"key":"Explosive Potion"},{"floor":40,"key":"Swift Potion"},{"floor":44,"key":"Energy Potion"}],"is_trial":false,"path_per_floor":["M","$","?","$","M","R","M","E","T","M","M","M","E","?","R","B",null,"M","?","M","$","M","R","?","?","T","M","R","E","R","?","R","B",null,"M","M","M","$","M","M","R","$","T","M","?","R","M","M","R","B"],"character_chosen":"THE_SILENT","items_purchased":["DollysMirror","Footwork","Footwork","ClockworkSouvenir","Noxious Fumes","Catalyst"],"campfire_rested":5,"item_purchase_floors":[21,21,38,42,42,42],"current_hp_per_floor":[70,70,70,70,70,70,70,69,69,69,69,69,53,42,42,27,70,70,70,68,68,54,54,54,60,60,31,53,8,30,30,52,49,76,76,76,71,71,54,31,53,53,53,51,33,33,21,3,25,0],"gold":125,"neow_bonus":"RANDOM_COLORLESS_2","is_prod":false,"is_daily":false,"chose_seed":false,"campfire_upgraded":3,"win_rate":0,"timestamp":1555075296,"path_taken":["M","$","?","?","M","R","M","E","T","M","M","M","E","?","R","BOSS","M","?","M","$","M","R","?","?","T","M","R","E","R","?","R","BOSS","M","M","M","$","M","M","R","$","T","M","?","R","M","M","R","BOSS"],"build_version":"2019-01-23","purchased_purges":4,"victory":false,"max_hp_per_floor":[70,70,70,70,70,70,70,70,70,70,70,70,70,70,70,70,70,70,70,70,70,70,70,70,76,76,76,76,76,76,76,76,76,76,76,76,76,76,76,76,76,76,76,76,76,76,76,76,76,76],"card_choices":[{"not_picked":["Underhanded Strike","Poisoned Stab"],"picked":"Backstab","floor":1},{"not_picked":["Underhanded Strike","Terror"],"picked":"Crippling Poison","floor":5},{"not_picked":["Skewer","Flying Knee"],"picked":"Blur","floor":7},{"not_picked":["Backflip","Acrobatics","Burst"],"picked":"SKIP","floor":8},{"not_picked":["Cloak And Dagger","Acrobatics"],"picked":"Noxious Fumes","floor":10},{"not_picked":["Outmaneuver","Distraction","Bane"],"picked":"SKIP","floor":11},{"not_picked":["Heel Hook","Cloak And Dagger"],"picked":"Noxious Fumes","floor":12},{"not_picked":["Acrobatics","Backflip","Dodge and Roll"],"picked":"SKIP","floor":13},{"not_picked":["Storm of Steel","Malaise"],"picked":"Bullet Time","floor":16},{"not_picked":["Infinite Blades","Dagger Spray"],"picked":"Prepared+1","floor":18},{"not_picked":["Choke","Accuracy","Calculated Gamble"],"picked":"SKIP","floor":20},{"not_picked":["Flying Knee","Prepared"],"picked":"Sucker Punch+1","floor":22},{"not_picked":["Poisoned Stab+1","Cloak And Dagger"],"picked":"Footwork+1","floor":27},{"not_picked":["Slice","Prepared","Phantasmal Killer"],"picked":"SKIP","floor":29},{"not_picked":["Storm of Steel","Grand Finale"],"picked":"Burst","floor":33},{"not_picked":[],"picked":"Backstab+1","floor":35},{"not_picked":["Finisher"],"picked":"SKIP","floor":36},{"not_picked":[],"picked":"Deadly Poison","floor":37},{"not_picked":["Slice"],"picked":"SKIP","floor":39},{"not_picked":[],"picked":"Bane+1","floor":40},{"not_picked":["Riddle With Holes"],"picked":"SKIP","floor":44},{"not_picked":[],"picked":"Dodge and Roll+1","floor":45},{"not_picked":["Flechettes"],"picked":"SKIP","floor":47},{"not_picked":["Dash"],"picked":"SKIP","floor":48}],"player_experience":589758,"relics_obtained":[{"floor":8,"key":"Pen Nib"},{"floor":9,"key":"Lantern"},{"floor":13,"key":"Juzu Bracelet"},{"floor":26,"key":"Smiling Mask"},{"floor":29,"key":"Snake Skull"},{"floor":45,"key":"Tingsha"}],"event_choices":[{"damage_healed":0,"gold_gain":0,"player_choice":"Paid Gold","damage_taken":0,"relics_obtained":["Blue Candle"],"max_hp_gain":0,"max_hp_loss":0,"event_name":"WeMeetAgain","floor":3,"gold_loss":51},{"damage_healed":0,"gold_gain":75,"player_choice":"Gather Gold","damage_taken":11,"max_hp_gain":0,"max_hp_loss":0,"event_name":"World of Goop","floor":14,"gold_loss":0},{"damage_healed":0,"gold_gain":0,"player_choice":"Obtained Relic","damage_taken":0,"relics_obtained":["Darkstone Periapt"],"max_hp_gain":0,"max_hp_loss":0,"event_name":"Addict","floor":19,"gold_loss":85},{"damage_healed":0,"gold_gain":0,"player_choice":"Inject Mutagens","damage_taken":0,"relics_obtained":["MutagenicStrength"],"max_hp_gain":0,"max_hp_loss":0,"event_name":"Drug Dealer","floor":24,"gold_loss":0},{"damage_healed":0,"gold_gain":0,"player_choice":"Opened","damage_taken":0,"relics_obtained":["Incense Burner"],"max_hp_gain":0,"max_hp_loss":0,"event_name":"The Mausoleum","floor":25,"gold_loss":0,"cards_obtained":["Writhe"]},{"damage_healed":0,"gold_gain":0,"player_choice":"Ignored","damage_taken":0,"max_hp_gain":0,"max_hp_loss":0,"event_name":"NoteForYourself","floor":31,"gold_loss":0},{"damage_healed":0,"gold_gain":0,"player_choice":"Fight","damage_taken":0,"max_hp_gain":0,"max_hp_loss":0,"event_name":"Mysterious Sphere","floor":45,"gold_loss":0}],"is_beta":false,"boss_relics":[{"not_picked":["Eternal Feather","Sozu"],"picked":"WristBlade"},{"not_picked":["Coffee Dripper","Black Star"],"picked":"Busted Crown"}],"items_purged_floors":[2,21,38,42],"is_endless":false,"potions_floor_spawned":[5,7,11,18,22,29,35,40,44],"killed_by":"Donu and Deca","ascension_level":0}