{"gold_per_floor":[119,131,151,101,118,152,152,152,177,177,187,216,229,247,247,348,348,358,373,383,397,415,415,448,448,472,472,492,492,526,625,625,725,725,736,756,776,776,253,253,279,279,279,297,297,297,323,336,336,336],"floor_reached":51,"playtime":3664,"items_purged":["Strike_B"],"score":797,"play_id":"570a77f2-8c47-44bc-93cb-5f04d6bf4067","local_time":"20190615010628","is_ascension_mode":true,"campfire_choices":[{"data":"Defragment","floor":7,"key":"SMITH"},{"floor":10,"key":"REST"},{"floor":15,"key":"REST"},{"data":"Genetic Algorithm","floor":23,"key":"SMITH"},{"data":"Machine Learning","floor":25,"key":"SMITH"},{"data":"Genetic Algorithm","floor":27,"key":"SMITH"},{"data":"Loop","floor":29,"key":"SMITH"},{"data":"Chill","floor":32,"key":"SMITH"},{"data":"Capacitor","floor":40,"key":"SMITH"},{"data":"Buffer","floor":42,"key":"SMITH"},{"floor":45,"key":"REST"},{"floor":49,"key":"REST"}],"neow_cost":"CURSE","seed_source_timestamp":21236847157345,"circlet_count":0,"master_deck":["Strike_B","Strike_B","Defend_B","Defend_B","Defend_B","Defend_B","Zap","Dualcast","Clumsy","Genetic Algorithm+1","Go for the Eyes","Defragment+1","Chill+1","Electrodynamics","Conserve Battery","Cold Snap","Genetic Algorithm+1","Sunder","Ball Lightning","Cold Snap","Machine Learning+1","Melter+1","Defragment+1","Loop+1","Ball Lightning","Blizzard+1","Capacitor+1","Leap","Buffer+1","Coolheaded+1","Compile Driver+1","Capacitor+1","Doom and Gloom","Turbo+1","Barrage+1","Coolheaded+1","Undo+1"],"relics":["Cracked Core","Pocketwatch","Dream Catcher","Strawberry","Bag of Marbles","Nuclear Battery","Omamori","Bronze Scales","Vajra","Velvet Choker","Mango","Ice Cream","Singing Bowl","Art of War"],"potions_floor_usage":[12,12,24,33,36,50,50],"damage_taken":[{"damage":10,"enemies":"Small Slimes","floor":1,"turns":4},{"damage":6,"enemies":"Jaw Worm","floor":2,"turns":5},{"damage":6,"enemies":"2 Louse","floor":3,"turns":3},{"damage":5,"enemies":"Looter","floor":5,"turns":4},{"damage":24,"enemies":"Gremlin Nob","floor":6,"turns":5},{"damage":2,"enemies":"Blue Slaver","floor":11,"turns":3},{"damage":5,"enemies":"Lagavulin","floor":12,"turns":7},{"damage":10,"enemies":"Exordium Thugs","floor":13,"turns":4},{"damage":2,"enemies":"3 Louse","floor":14,"turns":4},{"damage":5,"enemies":"The Guardian","floor":16,"turns":10},{"damage":0,"enemies":"Shell Parasite","floor":18,"turns":5},{"damage":1,"enemies":"2 Thieves","floor":19,"turns":5},{"damage":0,"enemies":"Snake Plant","floor":20,"turns":5},{"damage":12,"enemies":"Sentry and Sphere","floor":21,"turns":4},{"damage":0,"enemies":"Centurion and Healer","floor":22,"turns":5},{"damage":11,"enemies":"Gremlin Leader","floor":24,"turns":7},{"damage":18,"enemies":"Snake Plant","floor":28,"turns":4},{"damage":10,"enemies":"Book of Stabbing","floor":30,"turns":5},{"damage":27,"enemies":"Champ","floor":33,"turns":9},{"damage":0,"enemies":"3 Shapes","floor":35,"turns":3},{"damage":6,"enemies":"3 Darklings","floor":36,"turns":5},{"damage":7,"enemies":"Transient","floor":37,"turns":5},{"damage":30,"enemies":"Nemesis","floor":41,"turns":9},{"damage":23,"enemies":"Writhing Mass","floor":44,"turns":6},{"damage":11,"enemies":"Giant Head","floor":47,"turns":7},{"damage":0,"enemies":"Sphere and 2 Shapes","floor":48,"turns":4},{"damage":16,"enemies":"Donu and Deca","floor":50,"turns":9}],"seed_played":"-968977060251284568","potions_obtained":[{"floor":1,"key":"SneckoOil"},{"floor":2,"key":"Weak Potion"},{"floor":5,"key":"EssenceOfSteel"},{"floor":12,"key":"Dexterity Potion"},{"floor":14,"key":"SkillPotion"},{"floor":18,"key":"Regen Potion"},{"floor":30,"key":"Weak Potion"},{"floor":37,"key":"Energy Potion"},{"floor":44,"key":"Weak Potion"}],"is_trial":false,"path_per_floor":["M","M","M","?","M","E","R","?","T","R","M","E","M","M","R","B",null,"M","M","M","M","M","R","E","R","T","R","M","R","E","?","R","B",null,"M","M","M","?","$","R","E","R","T","M","R","?","E","M","R","B",null],"character_chosen":"DEFECT","items_purchased":["Capacitor","Mango","Doom and Gloom"],"campfire_rested":4,"item_purchase_floors":[39,39,39],"current_hp_per_floor":[65,59,53,53,48,24,24,6,13,37,35,30,20,18,42,37,82,82,81,81,69,69,69,73,73,73,73,55,55,45,45,45,18,82,82,76,69,69,83,83,53,53,53,30,60,60,51,51,81,65],"gold":336,"neow_bonus":"ONE_RARE_RELIC","is_prod":false,"is_daily":false,"chose_seed":false,"campfire_upgraded":8,"win_rate":0,"timestamp":1560575188,"path_taken":["M","M","M","?","M","E","R","?","T","R","M","E","M","M","R","BOSS","M","M","M","M","M","R","E","R","T","R","M","R","E","?","R","BOSS","M","M","M","?","$","R","E","R","T","M","R","?","E","M","R","BOSS"],"build_version":"2019-01-23","purchased_purges":1,"victory":true,"max_hp_per_floor":[75,75,75,75,75,75,75,75,82,82,82,82,82,82,82,82,82,82,82,82,82,82,82,82,82,82,82,82,82,82,82,82,82,82,82,82,82,82,96,96,96,96,96,96,98,98,100,100,100,100],"card_choices":[{"not_picked":["Turbo","Streamline"],"picked":"Genetic Algorithm","floor":1},{"not_picked":["Scrape","Compile Driver"],"picked":"Go for the Eyes","floor":2},{"not_picked":["Hello World","Reinforced Body"],"picked":"Defragment","floor":3},{"not_picked":["Beam Cell","Coolheaded"],"picked":"Chill","floor":5},{"not_picked":["Cold Snap","Compile Driver"],"picked":"Electrodynamics","floor":6},{"not_picked":["Beam Cell","Gash"],"picked":"Conserve Battery","floor":10},{"not_picked":["Turbo","Blizzard"],"picked":"Cold Snap","floor":11},{"not_picked":["Doom and Gloom","Undo"],"picked":"Genetic Algorithm","floor":12},{"not_picked":["Barrage","Leap"],"picked":"Sunder","floor":13},{"not_picked":["Rebound","Gash"],"picked":"Ball Lightning","floor":14},{"not_picked":["BootSequence","Streamline"],"picked":"Cold Snap","floor":15},{"not_picked":["Electrodynamics","All For One"],"picked":"Machine Learning","floor":16},{"not_picked":["Skim","Reprogram"],"picked":"Melter+1","floor":18},{"not_picked":["Leap","Compile Driver+1"],"picked":"Defragment+1","floor":19},{"not_picked":["Turbo","Stack"],"picked":"Loop","floor":20},{"not_picked":["Leap","Stack"],"picked":"Ball Lightning","floor":21},{"not_picked":["Cold Snap","Skim"],"picked":"Blizzard+1","floor":22},{"not_picked":["Consume","Conserve Battery+1"],"picked":"Capacitor+1","floor":24},{"not_picked":["Ball Lightning","Hologram","Redo"],"picked":"SKIP","floor":28},{"not_picked":["Ball Lightning","Turbo"],"picked":"Leap","floor":30},{"not_picked":["Biased Cognition","Hyperbeam"],"picked":"Buffer","floor":33},{"not_picked":["Ball Lightning+1","Fusion+1"],"picked":"Coolheaded+1","floor":35},{"not_picked":["Compile Driver+1","Hello World","Stack"],"picked":"SKIP","floor":36},{"not_picked":["Aggregate+1","Hello World"],"picked":"Compile Driver+1","floor":37},{"not_picked":["Ball Lightning","Static Discharge"],"picked":"Turbo+1","floor":41},{"not_picked":["Sweeping Beam+1","Lockon+1"],"picked":"Barrage+1","floor":44},{"not_picked":["Sweeping Beam","Lockon","Fission"],"picked":"Singing Bowl","floor":45},{"not_picked":["Redo+1","Coolheaded","Stack"],"picked":"Singing Bowl","floor":47},{"not_picked":["Storm","Steam"],"picked":"Coolheaded+1","floor":48},{"not_picked":["Core Surge","Steam+1"],"picked":"Undo+1","floor":49}],"player_experience":253562,"relics_obtained":[{"floor":6,"key":"Dream Catcher"},{"floor":9,"key":"Strawberry"},{"floor":12,"key":"Bag of Marbles"},{"floor":24,"key":"Omamori"},{"floor":26,"key":"Bronze Scales"},{"floor":30,"key":"Vajra"},{"floor":41,"key":"Ice Cream"},{"floor":43,"key":"Singing Bowl"},{"floor":47,"key":"Art of War"}],"event_choices":[{"cards_removed":["Strike_B"],"damage_healed":0,"gold_gain":0,"player_choice":"Card Removal","damage_taken":0,"max_hp_gain":0,"max_hp_loss":0,"event_name":"The Cleric","floor":4,"gold_loss":50},{"damage_healed":0,"gold_gain":0,"player_choice":"Fled","damage_taken":18,"max_hp_gain":0,"max_hp_loss":0,"event_name":"Scrap Ooze","floor":8,"gold_loss":0},{"damage_healed":0,"gold_gain":99,"player_choice":"Stole From Cult","damage_taken":0,"max_hp_gain":0,"max_hp_loss":0,"event_name":"Nest","floor":31,"gold_loss":0},{"damage_healed":0,"gold_gain":0,"player_choice":"Ignored","damage_taken":0,"max_hp_gain":0,"max_hp_loss":0,"event_name":"Tomb of Lord Red Mask","floor":38,"gold_loss":0},{"damage_healed":0,"gold_gain":0,"player_choice":"Cursed","damage_taken":0,"max_hp_gain":0,"max_hp_loss":0,"event_name":"Wheel of Change","floor":46,"gold_loss":0,"cards_obtained":["Decay"]}],"is_beta":false,"boss_relics":[{"not_picked":["White Beast Statue","Tiny House"],"picked":"Nuclear Battery"},{"not_picked":["Runic Dome","FrozenCore"],"picked":"Velvet Choker"}],"items_purged_floors":[39],"is_endless":false,"potions_floor_spawned":[1,2,5,12,14,16,18,20,21,22,30,37,44,47],"ascension_level":1}