{"path_per_floor":["M","?","M","$","?","R","E","M","T","M","M","R","M","?","R","B",null,"M","M","$","T","M","R","E","R","T","R","M","$","M","?","R","B",null,"M","M","?","$","?","R","M","M","T","M","M","?","M","M","R"],"character_chosen":"THE_SILENT","items_purchased":["Deadly Poison","Whetstone","Noxious Fumes"],"gold_per_floor":[119,119,136,15,15,15,43,56,56,75,92,92,102,122,122,227,227,241,256,13,36,48,48,78,78,124,124,135,10,30,30,30,131,161,178,194,194,5,5,5,18,37,37,54,65,65,83,94,94],"floor_reached":50,"campfire_rested":2,"playtime":5003,"current_hp_per_floor":[69,62,62,62,62,62,36,36,36,36,36,57,57,57,57,34,70,62,48,48,48,50,50,52,52,52,52,48,48,39,70,70,19,75,75,63,63,63,54,54,50,7,7,9,3,3,19,14,36],"items_purged":["Strike_G","Strike_G","Strike_G","Dagger Spray"],"gold":94,"score":491,"play_id":"2f520dfb-e58d-4014-8e73-b9d1fd12efb2","is_prod":false,"is_daily":false,"is_ascension_mode":true,"campfire_upgraded":7,"path_taken":["M","?","?","$","?","R","E","M","T","M","M","R","M","?","R","BOSS","M","M","$","?","?","R","E","R","T","R","M","$","M","?","R","BOSS","M","M","?","$","?","R","M","M","T","M","M","?","M","M","R","BOSS"],"build_version":"2018-02-15-PROD1","purchased_purges":4,"victory":false,"master_deck":["Defend_G","Defend_G","Defend_G","Defend_G","Defend_G","Strike_G+1","Survivor+1","Neutralize","Deadly Poison+1","Poisoned Stab","Deadly Poison","Noxious Fumes+1","Footwork+1","Backstab","Escape Plan+1","Die Die Die+1","Deadly Poison+1","Masterful Stab+1","Outmaneuver","Dagger Throw+1","Deadly Poison+1","Footwork+1","Quick Slash+1","Escape Plan","Noxious Fumes","Madness+1","Madness","Calculated Gamble","Dagger Spray+1","Calculated Gamble","Catalyst+1"],"max_hp_per_floor":[70,70,70,70,70,70,70,70,70,70,70,70,70,70,70,70,70,70,70,70,70,70,70,70,70,70,70,70,70,70,70,70,70,75,75,75,75,75,75,75,75,75,75,75,75,75,75,75,75],"relics":["Ring of the Snake","Anchor","Kunai","Oddly Smooth Stone","Odd Mushroom","Lizard Tail","Whetstone","Blood Vial","Centennial Puzzle","Orichalcum","Tiny House","Unceasing Top"],"card_choices":[{"not_picked":["Tactician","Calculated Gamble"],"picked":"Deadly Poison"},{"not_picked":["Predator","Outmaneuver"],"picked":"Poisoned Stab"},{"not_picked":["Underhanded Strike","Flying Knee"],"picked":"Noxious Fumes"},{"not_picked":["Wraith Form","Backflip"],"picked":"Dagger Spray"},{"not_picked":["Skewer","PiercingWail"],"picked":"Footwork"},{"not_picked":["Prepared","Underhanded Strike"],"picked":"Backstab"},{"not_picked":["Dagger Spray","Backflip"],"picked":"Escape Plan"},{"not_picked":["A Thousand Cuts","Unload"],"picked":"Die Die Die"},{"not_picked":["Eviscerate","Quick Slash"],"picked":"Deadly Poison"},{"not_picked":["Deflect","Underhanded Strike"],"picked":"Masterful Stab"},{"not_picked":["Calculated Gamble","Poisoned Stab"],"picked":"Outmaneuver"},{"not_picked":["Prepared","PiercingWail"],"picked":"Dagger Throw"},{"not_picked":["Underhanded Strike","Crippling Poison"],"picked":"Deadly Poison"},{"not_picked":["Bouncing Flask","Phantasmal Killer"],"picked":"Footwork"},{"not_picked":["Storm of Steel","Phantasmal Killer"],"picked":"Die Die Die"},{"not_picked":["Predator","Dagger Spray"],"picked":"Quick Slash"},{"not_picked":["Expertise","Dodge and Roll"],"picked":"Escape Plan"},{"not_picked":["Blade Dance","Sucker Punch"],"picked":"Calculated Gamble"},{"not_picked":["Poisoned Stab","Acrobatics"],"picked":"Dagger Spray"},{"not_picked":["Masterful Stab","Dash"],"picked":"Calculated Gamble"},{"not_picked":["Deflect","Quick Slash"],"picked":"Catalyst"}],"player_experience":136585,"potions_floor_usage":[7,11,16,16,19,28,35,41,42,45,45,50],"damage_taken":[{"damage":1,"enemies":"Jaw Worm","floor":1,"turns":6},{"damage":0,"enemies":"Small Slimes","floor":3,"turns":3},{"damage":26,"enemies":"3 Sentries","floor":7,"turns":9},{"damage":0,"enemies":"2 Louse","floor":8,"turns":3},{"damage":0,"enemies":"Red Slaver","floor":10,"turns":3},{"damage":0,"enemies":"Large Slime","floor":11,"turns":5},{"damage":0,"enemies":"2 Fungi Beasts","floor":13,"turns":4},{"damage":0,"enemies":"The Mushroom Lair","floor":14,"turns":4},{"damage":23,"enemies":"The Guardian","floor":16,"turns":8},{"damage":8,"enemies":"2 Thieves","floor":18,"turns":4},{"damage":14,"enemies":"Spheric Guardian","floor":19,"turns":6},{"damage":0,"enemies":"Centurion and Healer","floor":22,"turns":8},{"damage":0,"enemies":"Book of Stabbing","floor":24,"turns":6},{"damage":6,"enemies":"3 Cultists","floor":28,"turns":6},{"damage":11,"enemies":"Chosen and Byrds","floor":30,"turns":6},{"damage":51,"enemies":"Champ","floor":33,"turns":13},{"damage":0,"enemies":"Orb Walker","floor":35,"turns":3},{"damage":12,"enemies":"3 Shapes","floor":36,"turns":5},{"damage":18,"enemies":"3 Darklings","floor":41,"turns":6},{"damage":45,"enemies":"Sphere and 2 Shapes","floor":42,"turns":7},{"damage":0,"enemies":"Maw","floor":44,"turns":7},{"damage":8,"enemies":"3 Darklings","floor":45,"turns":6},{"damage":24,"enemies":"4 Shapes","floor":47,"turns":6},{"damage":7,"enemies":"Sphere and 2 Shapes","floor":48,"turns":6},{"damage":40,"enemies":"Donu and Deca","floor":50,"turns":4}],"event_choices":[{"event_name":"Scrap Ooze","player_choice":"success","floor":2,"damage_taken":7},{"event_name":"Golden Wing","player_choice":"Ignored","floor":5,"damage_taken":0},{"event_name":"Mushrooms","player_choice":"Fought Mushrooms","floor":14,"damage_taken":0},{"event_name":"Wheel of Change","player_choice":"Full Heal","floor":31,"damage_taken":0},{"event_name":"Winding Halls","player_choice":"Embrace Madness","floor":39,"damage_taken":0},{"event_name":"Mysterious Sphere","player_choice":"Ignore","floor":46,"damage_taken":0}],"boss_relics":[{"not_picked":["Astrolabe","Cursed Key"],"picked":"Lizard Tail"},{"not_picked":["Question Card","White Beast Statue"],"picked":"Tiny House"}],"potions_floor_spawned":[1,3,10,14,16,19,33,41,42,44,48],"seed_played":"8200476735294934638","killed_by":"Donu and Deca","ascension_level":1,"is_trial":false}