{"gold_per_floor":[111,111,131,131,146,146,71,96,149,149,178,193,213,263,263,340,340,350,12,22,22,22,22,347,347,370,408,420,442,187,218,218,292,292,305,322,332,332,344,375,389,408,408,428,441,441,168,187,187,187],"floor_reached":50,"playtime":3390,"items_purged":["Strike_G","Strike_G","Strike_G","Dagger Spray+1"],"score":1213,"play_id":"8ded1416-4df9-4121-98a1-4f0d09b22a35","local_time":"20190201151006","is_ascension_mode":true,"campfire_choices":[{"data":"Poisoned Stab","floor":6,"key":"SMITH"},{"floor":10,"key":"REST"},{"data":"Dagger Spray","floor":15,"key":"SMITH"},{"data":"Crippling Poison","floor":23,"key":"SMITH"},{"floor":28,"key":"REST"},{"data":"Catalyst","floor":32,"key":"SMITH"},{"floor":46,"key":"REST"},{"floor":49,"key":"RECALL"}],"neow_cost":"NONE","seed_source_timestamp":7451851146821,"circlet_count":0,"master_deck":["AscendersBane","Defend_G","Defend_G","Defend_G","Defend_G","Defend_G","Survivor","Neutralize","Poisoned Stab+1","Dash","PiercingWail","Leg Sweep","Wraith Form v2","Crippling Poison+1","Catalyst+1","Necronomicurse","Well Laid Plans","PiercingWail","Deadly Poison","Catalyst","Corpse Explosion","Caltrops+1","PiercingWail+1","Poisoned Stab+1","Predator","Footwork+1","Acrobatics+1","Deflect","Bouncing Flask","Bullet Time","Leg Sweep"],"relics":["Ring of the Snake","Strawberry","Bag of Preparation","Smiling Mask","Sozu","Paper Crane","Old Coin","Necronomicon","MawBank","Kunai","Bronze Scales","Bottled Flame","Astrolabe","The Courier","FossilizedHelix","Bottled Tornado"],"potions_floor_usage":[8,16,16],"damage_taken":[{"damage":3,"enemies":"2 Louse","floor":1,"turns":4},{"damage":12,"enemies":"Small Slimes","floor":3,"turns":6},{"damage":0,"enemies":"Cultist","floor":5,"turns":4},{"damage":7,"enemies":"Lagavulin","floor":8,"turns":6},{"damage":2,"enemies":"3 Sentries","floor":11,"turns":7},{"damage":6,"enemies":"Red Slaver","floor":12,"turns":4},{"damage":0,"enemies":"Looter","floor":13,"turns":3},{"damage":39,"enemies":"The Guardian","floor":16,"turns":19},{"damage":12,"enemies":"Spheric Guardian","floor":18,"turns":7},{"damage":0,"enemies":"2 Thieves","floor":20,"turns":4},{"damage":10,"enemies":"Slavers","floor":24,"turns":6},{"damage":0,"enemies":"Book of Stabbing","floor":27,"turns":6},{"damage":3,"enemies":"Cultist and Chosen","floor":29,"turns":6},{"damage":1,"enemies":"Slavers","floor":31,"turns":6},{"damage":38,"enemies":"Automaton","floor":33,"turns":11},{"damage":2,"enemies":"Orb Walker","floor":35,"turns":3},{"damage":19,"enemies":"3 Darklings","floor":36,"turns":3},{"damage":2,"enemies":"Maw","floor":37,"turns":5},{"damage":3,"enemies":"Transient","floor":39,"turns":6},{"damage":21,"enemies":"Reptomancer","floor":40,"turns":11},{"damage":0,"enemies":"Jaw Worm Horde","floor":41,"turns":4},{"damage":0,"enemies":"4 Shapes","floor":42,"turns":3},{"damage":0,"enemies":"3 Darklings","floor":44,"turns":2},{"damage":0,"enemies":"Transient","floor":45,"turns":6},{"damage":6,"enemies":"Maw","floor":48,"turns":7},{"damage":25,"enemies":"Time Eater","floor":50,"turns":12}],"seed_played":"-6537549093545141559","potions_obtained":[{"floor":3,"key":"EssenceOfSteel"},{"floor":5,"key":"SteroidPotion"},{"floor":11,"key":"SpeedPotion"},{"floor":12,"key":"SmokeBomb"},{"floor":13,"key":"SteroidPotion"}],"is_trial":false,"path_per_floor":["M","?","M","?","M","R","$","E","T","R","E","M","M","?","R","B",null,"M","$","M","$","?","R","E","?","T","E","R","M","$","E","R","B",null,"M","M","M","?","M","E","M","M","T","M","M","R","$","M","R","B"],"character_chosen":"THE_SILENT","items_purchased":["Paper Crane","Bronze Scales","Deadly Poison","Bottled Tornado"],"campfire_rested":3,"item_purchase_floors":[19,30,30,47],"current_hp_per_floor":[56,49,37,39,39,39,39,32,32,53,51,45,45,45,45,6,56,44,44,44,44,59,59,49,28,28,28,49,46,46,45,45,7,57,55,36,34,34,31,10,10,10,10,10,10,31,31,25,25,0],"gold":187,"neow_bonus":"THREE_CARDS","is_prod":false,"is_daily":false,"chose_seed":false,"campfire_upgraded":4,"win_rate":0,"timestamp":1549030206,"path_taken":["M","?","M","?","M","R","$","E","T","R","E","M","M","?","R","BOSS","M","$","?","?","?","R","E","?","T","E","R","M","?","E","R","BOSS","M","M","M","?","M","E","M","?","T","M","?","R","$","M","R","BOSS"],"build_version":"2019-01-23","purchased_purges":4,"victory":false,"max_hp_per_floor":[66,66,66,73,73,73,73,73,73,73,73,73,73,73,73,73,73,73,73,73,73,73,73,73,73,73,73,73,73,73,73,73,73,73,73,73,73,73,73,73,73,73,73,73,73,73,73,73,73,73],"card_choices":[{"not_picked":["Quick Slash","Skewer"],"picked":"Dagger Spray","floor":0},{"not_picked":["Quick Slash","Slice"],"picked":"Dagger Spray","floor":1},{"not_picked":["Prepared","Backflip"],"picked":"Poisoned Stab","floor":3},{"not_picked":["Finisher","Heel Hook"],"picked":"Dash","floor":5},{"not_picked":["Quick Slash","Grand Finale"],"picked":"PiercingWail","floor":8},{"not_picked":["Riddle With Holes","Skewer"],"picked":"Backstab","floor":11},{"not_picked":["Setup","Prepared"],"picked":"Leg Sweep","floor":12},{"not_picked":["Reflex","Accuracy","Masterful Stab"],"picked":"SKIP","floor":13},{"not_picked":["Night Terror","Venomology"],"picked":"Wraith Form v2","floor":16},{"not_picked":["Quick Slash","Outmaneuver"],"picked":"Crippling Poison","floor":18},{"not_picked":["Underhanded Strike","Dodge and Roll","Sucker Punch"],"picked":"SKIP","floor":20},{"not_picked":["Dodge and Roll","Dash"],"picked":"Catalyst","floor":24},{"not_picked":["Caltrops","Venomology"],"picked":"Well Laid Plans","floor":27},{"not_picked":["Terror","Underhanded Strike"],"picked":"PiercingWail","floor":29},{"not_picked":["Flying Knee","Eviscerate"],"picked":"Catalyst","floor":31},{"not_picked":["Venomology","After Image"],"picked":"Corpse Explosion","floor":33},{"not_picked":["Poisoned Stab","Slice"],"picked":"Predator","floor":35},{"not_picked":["Dodge and Roll","Quick Slash","Flying Knee"],"picked":"SKIP","floor":36},{"not_picked":["Terror","Flechettes"],"picked":"Footwork+1","floor":37},{"not_picked":["Flying Knee","Flechettes","Prepared"],"picked":"SKIP","floor":39},{"not_picked":["A Thousand Cuts","Flying Knee"],"picked":"Acrobatics+1","floor":40},{"not_picked":["Choke","Poisoned Stab+1"],"picked":"Deflect","floor":41},{"not_picked":["Setup+1","Outmaneuver+1"],"picked":"Bouncing Flask","floor":42},{"not_picked":["Cloak And Dagger","Masterful Stab","Quick Slash"],"picked":"SKIP","floor":44},{"not_picked":["Concentrate","Flying Knee+1"],"picked":"Bullet Time","floor":45},{"not_picked":["Dagger Throw","PiercingWail"],"picked":"Leg Sweep","floor":48}],"player_experience":823476,"relics_obtained":[{"floor":8,"key":"Bag of Preparation"},{"floor":11,"key":"Smiling Mask"},{"floor":24,"key":"Old Coin"},{"floor":25,"key":"Necronomicon"},{"floor":26,"key":"MawBank"},{"floor":27,"key":"Kunai"},{"floor":31,"key":"Bottled Flame"},{"floor":40,"key":"The Courier"},{"floor":43,"key":"FossilizedHelix"}],"event_choices":[{"cards_removed":["Strike_G"],"damage_healed":0,"gold_gain":0,"player_choice":"Card Removal","damage_taken":7,"max_hp_gain":0,"max_hp_loss":0,"event_name":"Golden Wing","floor":2,"gold_loss":0},{"damage_healed":0,"gold_gain":0,"player_choice":"Success","damage_taken":5,"relics_obtained":["Strawberry"],"max_hp_gain":0,"max_hp_loss":0,"event_name":"Scrap Ooze","floor":4,"gold_loss":0},{"damage_healed":0,"gold_gain":50,"player_choice":"Pray","damage_taken":0,"max_hp_gain":0,"max_hp_loss":0,"event_name":"Golden Shrine","floor":14,"gold_loss":0},{"damage_healed":15,"gold_gain":0,"player_choice":"Heal","damage_taken":0,"max_hp_gain":0,"max_hp_loss":0,"event_name":"The Library","floor":22,"gold_loss":0},{"damage_healed":0,"gold_gain":0,"player_choice":"Obtained Book","damage_taken":21,"max_hp_gain":0,"max_hp_loss":0,"event_name":"Cursed Tome","floor":25,"gold_loss":0},{"damage_healed":0,"gold_gain":0,"player_choice":"Got Potions","damage_taken":0,"max_hp_gain":0,"max_hp_loss":0,"event_name":"Lab","floor":38,"gold_loss":0}],"is_beta":false,"boss_relics":[{"not_picked":["Ring of the Serpent","Busted Crown"],"picked":"Sozu"},{"not_picked":["White Beast Statue","WristBlade"],"picked":"Astrolabe"}],"items_purged_floors":[7,19,30,47],"is_endless":false,"potions_floor_spawned":[3,5,11,12,13,24,35,39,40,45,48],"killed_by":"Time Eater","ascension_level":20}