{"gold_per_floor":[114,129,54,70,70,70,105,105,131,145,145,209,50,78,78,150,150,165,182,234,250,250,250,250,278,278,296,306,8,40,40],"floor_reached":31,"playtime":1578,"items_purged":["Pain","Strike_G"],"score":761,"play_id":"a4ab9f7a-115a-4f25-873f-87d189f0f837","local_time":"20190417164945","is_ascension_mode":true,"campfire_choices":[{"data":"Neutralize","floor":6,"key":"SMITH"},{"data":"Poisoned Stab","floor":8,"key":"SMITH"},{"floor":11,"key":"REST"},{"data":"Footwork","floor":15,"key":"SMITH"},{"data":"Glass Knife","floor":23,"key":"SMITH"}],"neow_cost":"NONE","seed_source_timestamp":18240898032276,"circlet_count":0,"master_deck":["AscendersBane","Defend_G","Defend_G","Defend_G","Defend_G","Defend_G","Strike_G","Strike_G","Strike_G","Survivor","Neutralize+1","Backflip","Poisoned Stab+1","Poisoned Stab","Poisoned Stab","Footwork+1","Glass Knife+1","Poisoned Stab","Blur","Clumsy","Poisoned Stab","Dagger Spray+1","Blur+1","Well Laid Plans","PiercingWail"],"relics":["Ring of the Snake","WarpedTongs","Orichalcum","Anchor","Tiny Chest","Pocketwatch","Cursed Key","Omamori","Bag of Marbles","Bird Faced Urn"],"potions_floor_usage":[7,14,25,30],"damage_taken":[{"damage":0,"enemies":"2 Louse","floor":1,"turns":4},{"damage":0,"enemies":"Small Slimes","floor":2,"turns":4},{"damage":0,"enemies":"Cultist","floor":4,"turns":3},{"damage":24,"enemies":"Gremlin Nob","floor":7,"turns":4},{"damage":3,"enemies":"Exordium Wildlife","floor":10,"turns":6},{"damage":3,"enemies":"Lagavulin","floor":12,"turns":7},{"damage":17,"enemies":"Gremlin Nob","floor":14,"turns":4},{"damage":0,"enemies":"The Guardian","floor":16,"turns":11},{"damage":0,"enemies":"Chosen","floor":18,"turns":4},{"damage":10,"enemies":"Spheric Guardian","floor":19,"turns":4},{"damage":0,"enemies":"Centurion and Healer","floor":21,"turns":7},{"damage":9,"enemies":"Gremlin Leader","floor":25,"turns":6},{"damage":10,"enemies":"Snake Plant","floor":27,"turns":4},{"damage":1,"enemies":"Shelled Parasite and Fungi","floor":28,"turns":6},{"damage":28,"enemies":"Book of Stabbing","floor":30,"turns":6},{"damage":8,"enemies":"Sentry and Sphere","floor":31,"turns":3}],"seed_played":"-1164584444111270709","potions_obtained":[{"floor":2,"key":"Dexterity Potion"},{"floor":4,"key":"FearPotion"},{"floor":10,"key":"Ancient Potion"},{"floor":14,"key":"SteroidPotion"},{"floor":21,"key":"AttackPotion"}],"is_trial":false,"path_per_floor":["M","M","?","M","?","R","E","R","T","M","R","E","$","E","R","B",null,"M","M","T","M","T","R","?","E","T","M","M","$","E","M"],"character_chosen":"THE_SILENT","items_purchased":["Footwork","PiercingWail","Bag of Marbles"],"campfire_rested":1,"item_purchase_floors":[13,29,29],"current_hp_per_floor":[65,65,65,65,65,65,41,41,41,38,59,56,56,39,39,39,64,64,54,54,54,54,54,54,45,45,35,34,34,6,0],"gold":40,"neow_bonus":"TEN_PERCENT_HP_BONUS","is_prod":false,"is_daily":false,"chose_seed":false,"campfire_upgraded":4,"win_rate":0,"timestamp":1555512585,"path_taken":["M","M","?","M","?","R","E","R","T","M","R","E","$","E","R","BOSS","M","M","?","M","?","R","?","E","T","M","?","$","E","M"],"build_version":"2019-01-23","purchased_purges":2,"victory":false,"max_hp_per_floor":[72,72,72,72,72,72,72,72,72,72,72,72,72,72,72,72,72,72,72,72,72,72,72,72,72,72,72,72,72,72,72],"card_choices":[{"not_picked":["Eviscerate","Blur"],"picked":"Backflip","floor":1},{"not_picked":["Slice","Endless Agony"],"picked":"Poisoned Stab","floor":2},{"not_picked":["Bane","Blur"],"picked":"Poisoned Stab","floor":4},{"not_picked":["Storm of Steel","Escape Plan"],"picked":"Poisoned Stab","floor":7},{"not_picked":["Blade Dance","Concentrate","Prepared"],"picked":"SKIP","floor":10},{"not_picked":["Bane","All Out Attack","Sucker Punch"],"picked":"SKIP","floor":12},{"not_picked":["Finisher","Eviscerate","Dagger Throw"],"picked":"SKIP","floor":14},{"not_picked":["Doppelganger","Tools of the Trade"],"picked":"Glass Knife","floor":16},{"not_picked":["Slice","Dagger Throw"],"picked":"Poisoned Stab","floor":18},{"not_picked":["Deflect","Deadly Poison"],"picked":"Blur","floor":19},{"not_picked":["Quick Slash","Accuracy","Sucker Punch"],"picked":"SKIP","floor":21},{"not_picked":["Slice","Poisoned Stab"],"picked":"Dagger Spray+1","floor":25},{"not_picked":["Outmaneuver","Underhanded Strike"],"picked":"Blur+1","floor":27},{"not_picked":["Deadly Poison","Dash"],"picked":"Well Laid Plans","floor":28},{"not_picked":["Well Laid Plans","Heel Hook","Accuracy"],"picked":"SKIP","floor":30}],"player_experience":1151592,"relics_obtained":[{"floor":7,"key":"Orichalcum"},{"floor":9,"key":"Anchor"},{"floor":12,"key":"Tiny Chest"},{"floor":14,"key":"Pocketwatch"},{"floor":25,"key":"Omamori"},{"floor":30,"key":"Bird Faced Urn"}],"event_choices":[{"cards_removed":["Strike_G"],"damage_healed":0,"gold_gain":0,"player_choice":"Card Removal","damage_taken":0,"max_hp_gain":0,"max_hp_loss":0,"event_name":"The Cleric","floor":3,"gold_loss":75},{"damage_healed":0,"gold_gain":0,"player_choice":"Rummage","damage_taken":0,"relics_obtained":["WarpedTongs"],"max_hp_gain":0,"max_hp_loss":0,"event_name":"Accursed Blacksmith","floor":5,"gold_loss":0,"cards_obtained":["Pain"]},{"damage_healed":0,"gold_gain":0,"player_choice":"1 cards matched","damage_taken":0,"max_hp_gain":0,"max_hp_loss":0,"event_name":"Match and Keep!","floor":24,"gold_loss":0,"cards_obtained":["Poisoned Stab"]},{"damage_healed":0,"gold_gain":0,"player_choice":"1 cards matched","damage_taken":0,"max_hp_gain":0,"max_hp_loss":0,"event_name":"Match and Keep!","floor":24,"gold_loss":0,"cards_obtained":["Poisoned Stab"]}],"is_beta":false,"boss_relics":[{"not_picked":["Runic Dome","WristBlade"],"picked":"Cursed Key"}],"items_purged_floors":[13,29],"is_endless":false,"potions_floor_spawned":[2,4,10,14,18,21],"killed_by":"Sentry and Sphere","ascension_level":20}