{"gold_per_floor":[363,383,104,104,53,53,80,80,106,123,138,168,168,187,187,282,282,301,216,216,248,248,248,259,274,274,288,353,371,371,29,29,134,134,151,151,251,261,271,22,34,34,59,59,69,85,307,335,335,335,335,335,29,58,58],"floor_reached":56,"playtime":4613,"items_purged":["Strike_R","Defend_R+1"],"score":1182,"play_id":"b34806f4-1276-483c-a661-7d0010411dc6","local_time":"20190130192930","is_ascension_mode":false,"campfire_choices":[{"floor":6.0,"key":"REST"},{"floor":13.0,"key":"RECALL"},{"data":"Inflame","floor":15.0,"key":"SMITH"},{"data":"Limit Break","floor":23.0,"key":"SMITH"},{"data":"Ghostly","floor":32.0,"key":"SMITH"},{"data":"Barricade","floor":42.0,"key":"SMITH"},{"data":"Madness","floor":44.0,"key":"SMITH"},{"data":"Flame Barrier","floor":49.0,"key":"SMITH"},{"data":"Ghostly","floor":52.0,"key":"SMITH"}],"neow_cost":"PERCENT_DAMAGE","seed_source_timestamp":0,"circlet_count":0,"master_deck":["Strike_R+1","Strike_R+1","Defend_R+1","Defend_R+1","Defend_R+1","Bash","Inflame+1","Shrug It Off","Shrug It Off","Impervious","Inflame+1","Limit Break+1","Twin Strike+1","Rampage","Ghostly","Ghostly","Ghostly","Ghostly+1","Ghostly+1","Flame Barrier+1","Juggernaut","Madness+1","Barricade+1","Whirlwind","Flame Barrier+1"],"special_seed":0,"relics":["Burning Blood","Sling","Self Forming Clay","Anchor","Singing Bowl","Black Star","Ancient Tea Set","Red Mask","Pear","Tiny Chest","Gremlin Horn","Pantograph","Empty Cage","StoneCalendar","Matryoshka","Toxic Egg 2","Letter Opener","Shuriken","Bronze Scales","Centennial Puzzle","Gambling Chip"],"potions_floor_usage":[55,55],"damage_taken":[{"damage":7.0,"enemies":"2 Louse","floor":1.0,"turns":4.0},{"damage":7.0,"enemies":"Small Slimes","floor":2.0,"turns":4.0},{"damage":20.0,"enemies":"Gremlin Nob","floor":7.0,"turns":4.0},{"damage":0.0,"enemies":"Jaw Worm","floor":10.0,"turns":3.0},{"damage":5.0,"enemies":"Large Slime","floor":11.0,"turns":4.0},{"damage":18.0,"enemies":"Lagavulin","floor":12.0,"turns":6.0},{"damage":0.0,"enemies":"3 Louse","floor":14.0,"turns":5.0},{"damage":11.0,"enemies":"Slime Boss","floor":16.0,"turns":11.0},{"damage":20.0,"enemies":"3 Byrds","floor":18.0,"turns":7.0},{"damage":30.0,"enemies":"Masked Bandits","floor":21.0,"turns":8.0},{"damage":1.0,"enemies":"Spheric Guardian","floor":24.0,"turns":4.0},{"damage":3.0,"enemies":"Shelled Parasite and Fungi","floor":25.0,"turns":6.0},{"damage":24.0,"enemies":"3 Cultists","floor":27.0,"turns":7.0},{"damage":7.0,"enemies":"Gremlin Leader","floor":28.0,"turns":6.0},{"damage":9.0,"enemies":"Centurion and Healer","floor":29.0,"turns":8.0},{"damage":48.0,"enemies":"Collector","floor":33.0,"turns":9.0},{"damage":3.0,"enemies":"Orb Walker","floor":35.0,"turns":8.0},{"damage":2.0,"enemies":"Mind Bloom Boss Battle","floor":37.0,"turns":12.0},{"damage":0.0,"enemies":"3 Darklings","floor":38.0,"turns":7.0},{"damage":12.0,"enemies":"Maw","floor":39.0,"turns":9.0},{"damage":5.0,"enemies":"Jaw Worm Horde","floor":41.0,"turns":7.0},{"damage":7.0,"enemies":"4 Shapes","floor":45.0,"turns":7.0},{"damage":0.0,"enemies":"Writhing Mass","floor":46.0,"turns":9.0},{"damage":38.0,"enemies":"Giant Head","floor":48.0,"turns":9.0},{"damage":42.0,"enemies":"Awakened One","floor":50.0,"turns":18.0},{"damage":39.0,"enemies":"Shield and Spear","floor":54.0,"turns":9.0},{"damage":54,"enemies":"The Heart","floor":55,"turns":14}],"seed_played":"-5424002361964611347","potions_obtained":[{"floor":7.0,"key":"Ancient Potion"},{"floor":10.0,"key":"Fire Potion"},{"floor":16.0,"key":"Poison Potion"},{"floor":24.0,"key":"SpeedPotion"},{"floor":27.0,"key":"PowerPotion"},{"floor":29.0,"key":"LiquidBronze"},{"floor":37.0,"key":"FearPotion"},{"floor":38.0,"key":"FairyPotion"},{"floor":39.0,"key":"LiquidBronze"},{"floor":41.0,"key":"BloodPotion"}],"is_trial":false,"path_per_floor":["M","M","$","?","$","R","E","?","T","M","M","E","R","M","R","B",null,"M","?","?","?","?","R","M","M","T","M","E","M","?","$","R","B",null,"M","?","?","M","M","$","M","R","T","R","M","M","?","E","R","B",null,"R","$","E","B",null],"character_chosen":"IRONCLAD","items_purchased":["Sling","Shrug It Off","Pantograph","Madness","Matryoshka","Bronze Scales","SpeedPotion"],"campfire_rested":1,"item_purchase_floors":[3,5,31,31,40,53,53],"current_hp_per_floor":[55,54,54,59,59,84,70,53,53,59,60,48,48,56,56,51,87,73,73,73,49,43,43,45,47,57,39,38,37,37,37,37,17,59,61,63,65,65,61,61,64,64,64,64,65,71,71,41,41,30,73,73,73,42,26],"gold":58,"neow_bonus":"TWO_FIFTY_GOLD","is_prod":false,"is_daily":false,"chose_seed":false,"campfire_upgraded":7,"win_rate":0,"timestamp":1548894570,"path_taken":["M","M","$","?","$","R","E","?","T","M","M","E","R","M","R","BOSS","M","?","?","?","?","R","?","M","T","M","E","M","?","$","R","BOSS","M","?","?","M","M","$","M","R","T","R","M","M","?","E","R","BOSS","R","$","E","BOSS"],"build_version":"2019-01-23","purchased_purges":2,"victory":true,"max_hp_per_floor":[80,80,80,85,85,85,85,85,85,85,85,85,85,87,87,87,87,87,87,87,87,43,43,45,47,57,57,57,59,59,59,59,59,59,61,63,65,65,67,67,69,69,69,69,71,71,71,73,73,73,73,73,73,75,75],"card_choices":[{"not_picked":["Armaments","Sword Boomerang","Pummel"],"picked":"SKIP","floor":1.0},{"not_picked":["Flex","Havoc"],"picked":"Inflame","floor":2.0},{"not_picked":["Combust","Corruption"],"picked":"Shrug It Off","floor":7.0},{"not_picked":["Body Slam","Headbutt","Anger"],"picked":"SKIP","floor":10.0},{"not_picked":["Dropkick","Clothesline"],"picked":"Impervious","floor":11.0},{"not_picked":["Clothesline","Impervious"],"picked":"Inflame","floor":12.0},{"not_picked":["Dual Wield","Thunderclap","Flex"],"picked":"Singing Bowl","floor":14.0},{"not_picked":["Impervious","Immolate"],"picked":"Limit Break","floor":16.0},{"not_picked":["Havoc","Spot Weakness+1"],"picked":"Twin Strike+1","floor":18.0},{"not_picked":["Metallicize","Twin Strike"],"picked":"Rampage","floor":21.0},{"not_picked":["Twin Strike+1","Searing Blow","Dual Wield"],"picked":"Singing Bowl","floor":24.0},{"not_picked":["Iron Wave","Infernal Blade","Uppercut"],"picked":"Singing Bowl","floor":25.0},{"not_picked":["Metallicize+1","Perfected Strike"],"picked":"Flame Barrier","floor":27.0},{"not_picked":["Clash+1","Shrug It Off"],"picked":"Juggernaut","floor":28.0},{"not_picked":["Shrug It Off+1","Feel No Pain+1","Clash"],"picked":"Singing Bowl","floor":29.0},{"not_picked":["Reaper","Feed"],"picked":"Barricade","floor":33.0},{"not_picked":["Wild Strike+1","Sword Boomerang+1","Uppercut+1"],"picked":"Singing Bowl","floor":35.0},{"not_picked":["Jack Of All Trades","Panache","Transmutation"],"picked":"Singing Bowl","floor":36.0},{"not_picked":["Havoc+1","Bloodletting+1","Wild Strike"],"picked":"Singing Bowl","floor":37.0},{"not_picked":["Cleave","Heavy Blade"],"picked":"Whirlwind","floor":38.0},{"not_picked":["Wild Strike","Bloodletting+1","Flex"],"picked":"Singing Bowl","floor":39.0},{"not_picked":["Carnage","Pommel Strike","Burning Pact+1"],"picked":"Singing Bowl","floor":41.0},{"not_picked":["Warcry+1","Twin Strike","Headbutt+1"],"picked":"Singing Bowl","floor":45.0},{"not_picked":["Clash","Inflame+1"],"picked":"Flame Barrier+1","floor":46.0},{"not_picked":["Warcry+1","Corruption","Thunderclap+1"],"picked":"Singing Bowl","floor":48.0},{"not_picked":["Sever Soul+1","Flex+1","Fire Breathing"],"picked":"Singing Bowl","floor":54.0}],"player_experience":251042,"relics_obtained":[{"floor":7.0,"key":"Self Forming Clay"},{"floor":9.0,"key":"Anchor"},{"floor":12.0,"key":"Singing Bowl"},{"floor":21.0,"key":"Red Mask"},{"floor":26.0,"key":"Pear"},{"floor":28.0,"key":"Tiny Chest"},{"floor":28.0,"key":"Gremlin Horn"},{"floor":37.0,"key":"StoneCalendar"},{"floor":43.0,"key":"Toxic Egg 2"},{"floor":48.0,"key":"Letter Opener"},{"floor":48.0,"key":"Shuriken"},{"floor":54.0,"key":"Centennial Puzzle"},{"floor":54.0,"key":"Gambling Chip"}],"event_choices":[{"damage_healed":0.0,"max_hp_gain":5.0,"max_hp_loss":0.0,"gold_gain":0.0,"event_name":"Big Fish","player_choice":"Donut","floor":4.0,"gold_loss":0.0,"damage_taken":0.0},{"damage_healed":0.0,"max_hp_gain":0.0,"max_hp_loss":0.0,"gold_gain":0.0,"event_name":"Shining Light","player_choice":"Entered Light","floor":8.0,"gold_loss":0.0,"damage_taken":17.0,"cards_upgraded":["Inflame","Strike_R"]},{"damage_healed":0.0,"max_hp_gain":0.0,"max_hp_loss":0.0,"gold_gain":0.0,"event_name":"Addict","player_choice":"Obtained Relic","floor":19.0,"gold_loss":85.0,"damage_taken":0.0,"relics_obtained":["Ancient Tea Set"]},{"damage_healed":0.0,"max_hp_gain":0.0,"max_hp_loss":0.0,"gold_gain":0.0,"event_name":"The Mausoleum","player_choice":"Ignored","floor":20.0,"gold_loss":0.0,"damage_taken":0.0},{"damage_healed":0.0,"max_hp_gain":0.0,"max_hp_loss":0.0,"gold_gain":0.0,"event_name":"Masked Bandits","player_choice":"Fought Bandits","floor":21.0,"gold_loss":0.0,"damage_taken":0.0},{"damage_healed":0.0,"max_hp_gain":0.0,"max_hp_loss":44.0,"gold_gain":0.0,"event_name":"Ghosts","player_choice":"Became a Ghost","floor":22.0,"gold_loss":0.0,"damage_taken":0.0,"cards_obtained":["Ghostly","Ghostly","Ghostly","Ghostly","Ghostly"]},{"damage_healed":0.0,"max_hp_gain":0.0,"max_hp_loss":0.0,"gold_gain":0.0,"event_name":"Back to Basics","player_choice":"Simplicity","floor":30.0,"gold_loss":0.0,"damage_taken":0.0,"cards_upgraded":["Strike_R","Strike_R","Strike_R","Defend_R","Defend_R","Defend_R","Defend_R"]},{"damage_healed":0.0,"max_hp_gain":0.0,"max_hp_loss":0.0,"gold_gain":0.0,"event_name":"SensoryStone","player_choice":"Memory 1","floor":36.0,"gold_loss":0.0,"damage_taken":0.0},{"damage_healed":0.0,"max_hp_gain":0.0,"max_hp_loss":0.0,"gold_gain":0.0,"event_name":"MindBloom","player_choice":"Fight","floor":37.0,"gold_loss":0.0,"damage_taken":0.0},{"damage_healed":0.0,"max_hp_gain":0.0,"max_hp_loss":0.0,"gold_gain":222.0,"event_name":"Tomb of Lord Red Mask","player_choice":"Wore Mask","floor":47.0,"gold_loss":0.0,"damage_taken":0.0}],"is_beta":false,"boss_relics":[{"not_picked":["Ectoplasm","White Beast Statue"],"picked":"Black Star"},{"not_picked":["Runic Dome","Mark of Pain"],"picked":"Empty Cage"}],"items_purged_floors":[3,53],"is_endless":false,"potions_floor_spawned":[7,10,16,24,27,29,37,38,39,41,46,54],"ascension_level":0}