{"gold_per_floor":[115,115,115,13,13,13,48,63,63,88,108,134,134,153,153,254,254,269,319,333,15,26,60,60,71,98,98,123,134,134],"floor_reached":30,"playtime":1401,"items_purged":["Regret"],"score":381,"play_id":"f18cb39e-9cbb-4829-a328-90879a80ccc8","local_time":"20190522194112","is_ascension_mode":true,"campfire_choices":[{"data":"Zap","floor":6,"key":"SMITH"},{"data":"Sunder","floor":13,"key":"SMITH"},{"floor":15,"key":"REST"},{"data":"Thunder Strike","floor":24,"key":"SMITH"}],"neow_cost":"NONE","seed_source_timestamp":171110117959900,"circlet_count":0,"master_deck":["Strike_B+1","Strike_B+1","Defend_B+1","Defend_B+1","Defend_B+1","Zap+1","Dualcast","Doubt","Sunder+1","Cold Snap","Hologram+1","Electrodynamics+1","Steam","Cold Snap","Thunder Strike+1","Gash","Electrodynamics+1","Meteor Strike+1","Sweeping Beam+1","Self Repair+1","Stack+1","Conserve Battery+1","Machine Learning+1","Capacitor+1","The Bomb+1","FTL+1","BootSequence+1","Coolheaded+1","Glacier+1"],"relics":["Calling Bell","Blood Vial","Frozen Egg 2","Thread and Needle","The Courier","Gremlin Horn","Bag of Marbles","War Paint","Toxic Egg 2","Astrolabe","Regal Pillow","Oddly Smooth Stone","Pantograph"],"potions_floor_usage":[12,20,30],"damage_taken":[{"damage":2,"enemies":"Small Slimes","floor":1,"turns":4},{"damage":46,"enemies":"Gremlin Nob","floor":7,"turns":7},{"damage":2,"enemies":"Jaw Worm","floor":8,"turns":4},{"damage":12,"enemies":"Lagavulin","floor":10,"turns":6},{"damage":0,"enemies":"2 Louse","floor":11,"turns":2},{"damage":3,"enemies":"3 Sentries","floor":12,"turns":5},{"damage":3,"enemies":"Gremlin Gang","floor":14,"turns":2},{"damage":0,"enemies":"Slime Boss","floor":16,"turns":5},{"damage":1,"enemies":"Chosen","floor":18,"turns":4},{"damage":15,"enemies":"2 Thieves","floor":20,"turns":3},{"damage":8,"enemies":"3 Cultists","floor":22,"turns":3},{"damage":31,"enemies":"Book of Stabbing","floor":23,"turns":7},{"damage":6,"enemies":"Snecko","floor":25,"turns":4},{"damage":0,"enemies":"Gremlin Leader","floor":28,"turns":6},{"damage":8,"enemies":"Centurion and Healer","floor":29,"turns":5},{"damage":75,"enemies":"Book of Stabbing","floor":30,"turns":8}],"seed_played":"5211653791128833817","potions_obtained":[{"floor":7,"key":"Swift Potion"},{"floor":8,"key":"Energy Potion"},{"floor":16,"key":"Poison Potion"},{"floor":20,"key":"Dexterity Potion"},{"floor":23,"key":"Dexterity Potion"},{"floor":28,"key":"Regen Potion"},{"floor":29,"key":"PowerPotion"}],"is_trial":false,"path_per_floor":["M","?","?","$","?","R","E","M","T","E","M","E","R","M","R","B",null,"M","?","M","$","M","E","R","M","T","?","E","M","E"],"character_chosen":"DEFECT","items_purchased":["Cold Snap","Machine Learning+1","Capacitor+1","The Bomb+1"],"campfire_rested":1,"item_purchase_floors":[4,21,21,21],"current_hp_per_floor":[73,66,71,71,71,71,27,27,27,17,19,18,18,17,41,43,80,80,80,65,65,69,50,50,56,56,56,68,72,0],"gold":134,"neow_bonus":"BOSS_RELIC","is_prod":false,"is_daily":false,"chose_seed":false,"campfire_upgraded":3,"win_rate":0,"timestamp":1558568472,"path_taken":["M","?","?","$","?","R","E","M","T","E","M","E","R","M","R","BOSS","M","?","M","$","M","E","R","?","T","?","E","M","E"],"build_version":"2019-01-23","purchased_purges":1,"victory":false,"max_hp_per_floor":[75,75,80,80,80,80,80,80,80,80,80,80,80,80,80,80,80,80,80,80,80,80,80,80,80,80,80,80,80,80],"card_choices":[{"not_picked":["Redo","Sweeping Beam"],"picked":"Sunder","floor":1},{"not_picked":["Doom and Gloom","Barrage"],"picked":"Hologram","floor":7},{"not_picked":["Ball Lightning","Rebound"],"picked":"Electrodynamics+1","floor":8},{"not_picked":["Streamline","Barrage"],"picked":"Steam","floor":10},{"not_picked":["Gash","Undo"],"picked":"Cold Snap","floor":11},{"not_picked":["Redo","Sunder"],"picked":"Thunder Strike","floor":12},{"not_picked":["Sweeping Beam","Hello World+1"],"picked":"Gash","floor":14},{"not_picked":["Thunder Strike","Reboot+1"],"picked":"Electrodynamics+1","floor":16},{"not_picked":["Redo+1","Barrage"],"picked":"Stack+1","floor":18},{"not_picked":["FTL+1","Cold Snap"],"picked":"Conserve Battery+1","floor":20},{"not_picked":["Genetic Algorithm+1","Redo+1","Doom and Gloom"],"picked":"SKIP","floor":22},{"not_picked":["Gash","Hologram+1"],"picked":"FTL+1","floor":23},{"not_picked":["Go for the Eyes","Steam Power+1"],"picked":"BootSequence+1","floor":25},{"not_picked":["Sunder","Sweeping Beam"],"picked":"Coolheaded+1","floor":28},{"not_picked":["Conserve Battery+1","Sweeping Beam"],"picked":"Glacier+1","floor":29}],"player_experience":617527,"relics_obtained":[{"floor":0,"key":"Blood Vial"},{"floor":0,"key":"Frozen Egg 2"},{"floor":0,"key":"Thread and Needle"},{"floor":7,"key":"Gremlin Horn"},{"floor":9,"key":"Bag of Marbles"},{"floor":10,"key":"War Paint"},{"floor":12,"key":"Toxic Egg 2"},{"floor":23,"key":"Regal Pillow"},{"floor":26,"key":"Oddly Smooth Stone"},{"floor":28,"key":"Pantograph"}],"event_choices":[{"damage_healed":0,"gold_gain":0,"player_choice":"Success","damage_taken":7,"relics_obtained":["The Courier"],"max_hp_gain":0,"max_hp_loss":0,"event_name":"Scrap Ooze","floor":2,"gold_loss":0},{"damage_healed":0,"gold_gain":0,"player_choice":"Donut","damage_taken":0,"max_hp_gain":5,"max_hp_loss":0,"event_name":"Big Fish","floor":3,"gold_loss":0},{"cards_removed":["Shame"],"damage_healed":0,"gold_gain":0,"player_choice":"Forget","damage_taken":0,"max_hp_gain":0,"max_hp_loss":0,"event_name":"Living Wall","floor":5,"gold_loss":0},{"damage_healed":0,"gold_gain":100,"player_choice":"Bet on Murderer","damage_taken":0,"max_hp_gain":0,"max_hp_loss":0,"event_name":"The Joust","floor":19,"gold_loss":50},{"damage_healed":0,"gold_gain":0,"player_choice":"Simplicity","damage_taken":0,"max_hp_gain":0,"max_hp_loss":0,"event_name":"Back to Basics","floor":27,"gold_loss":0,"cards_upgraded":["Strike_B","Strike_B","Defend_B","Defend_B"]}],"is_beta":false,"boss_relics":[{"not_picked":["Tiny House","Runic Pyramid"],"picked":"Astrolabe"}],"items_purged_floors":[4],"is_endless":false,"potions_floor_spawned":[7,8,16,20,23,28,29],"killed_by":"Book of Stabbing","ascension_level":1}