{"path_per_floor":["M","M","$","?","?","E","$","R","T","E","?","M","R","E","R","B",null,"M","?","?","M","M","R"],"character_chosen":"IRONCLAD","items_purchased":["Flex","Whirlwind"],"gold_per_floor":[109,119,18,18,18,61,25,25,97,140,511,526,526,560,560,690,690,704,704,704,728,741,741,741],"floor_reached":24,"campfire_rested":0,"playtime":848,"current_hp_per_floor":[80,80,80,60,60,66,66,66,66,54,50,56,56,62,62,20,80,80,80,80,62,57,57,0],"items_purged":["Defend_R"],"gold":741,"score":301,"play_id":"3326314b-9e12-4493-8475-e240e503ef69","local_time":"20180413082644","is_prod":false,"is_daily":false,"chose_seed":false,"is_ascension_mode":true,"campfire_upgraded":4,"timestamp":1523618804,"path_taken":["M","M","$","?","?","E","$","R","T","E","?","M","R","E","R","BOSS","M","?","?","M","M","R","M"],"build_version":"2018-04-12","seed_source_timestamp":254174478052974,"purchased_purges":1,"victory":false,"master_deck":["Strike_R","Strike_R","Strike_R","Strike_R","Strike_R","Defend_R","Defend_R","Bash","Clash","Dual Wield+1","Flex+1","Inflame","Whirlwind+1","Heavy Blade+1","Headbutt","Demon Form","Infernal Blade+1","Shrug It Off+1"],"max_hp_per_floor":[80,80,80,80,80,80,80,80,80,80,80,80,80,80,80,80,80,80,80,80,80,80,80,80],"relics":["Black Blood","Golden Idol","Juzu Bracelet","Dodecahedron","Smiling Mask","Old Coin","Matryoshka","Nloth\u0027s Gift"],"card_choices":[{"not_picked":["Rampage","Cleave"],"picked":"Clash","floor":1},{"not_picked":["Sentinel","Armaments"],"picked":"Dual Wield","floor":2},{"not_picked":["Body Slam","Warcry"],"picked":"Inflame","floor":6},{"not_picked":["Twin Strike","Havoc"],"picked":"Heavy Blade","floor":12},{"not_picked":["Berserk","Intimidate"],"picked":"Headbutt","floor":14},{"not_picked":["Dark Embrace","Offering"],"picked":"Demon Form","floor":16},{"not_picked":["Perfected Strike","Shrug It Off"],"picked":"Infernal Blade","floor":18},{"not_picked":["Twin Strike","Barricade"],"picked":"Shrug It Off","floor":21}],"player_experience":264144,"potions_floor_usage":[10,12,14,16,21,22],"damage_taken":[{"damage":0,"enemies":"Jaw Worm","floor":1,"turns":1},{"damage":0,"enemies":"Small Slimes","floor":2,"turns":1},{"damage":0,"enemies":"Gremlin Nob","floor":6,"turns":1},{"damage":18,"enemies":"Lagavulin","floor":10,"turns":6},{"damage":10,"enemies":"Gremlin Nob","floor":11,"turns":3},{"damage":0,"enemies":"2 Louse","floor":12,"turns":1},{"damage":0,"enemies":"Gremlin Nob","floor":14,"turns":2},{"damage":48,"enemies":"Slime Boss","floor":16,"turns":10},{"damage":0,"enemies":"3 Byrds","floor":18,"turns":2},{"damage":28,"enemies":"2 Thieves","floor":21,"turns":3},{"damage":15,"enemies":"Snecko","floor":22,"turns":4},{"damage":59,"enemies":"Slaver and Parasite","floor":24,"turns":4}],"event_choices":[{"event_name":"Golden Idol","player_choice":"Take Damage","floor":4,"damage_taken":0},{"event_name":"Purifier","player_choice":"One Purge","floor":5,"damage_taken":0},{"event_name":"Dead Adventurer","player_choice":"Searched \u00271\u0027 times","floor":11,"damage_taken":0},{"event_name":"N\u0027loth","player_choice":"Traded a NeowsBlessing","floor":19,"damage_taken":0},{"event_name":"Drug Dealer","player_choice":"Ignored","floor":20,"damage_taken":0}],"boss_relics":[{"not_picked":["Tiny House","Ectoplasm"],"picked":"Black Blood"}],"potions_floor_spawned":[2,10,11,11,16,18],"seed_played":"240867838522298456","killed_by":"Slaver and Parasite","ascension_level":3,"is_trial":false}