{"gold_per_floor":[110,110,127,127,145,145,165,13,38,70,70,105,105,30,30,105,105,115,133,183,199,226,256,256,267,267,277,277,311,168,187,187,259,259,274,284,284,284,294,294,312,337,337,337,348,383,394,16,16,16,16],"floor_reached":51,"playtime":2991,"items_purged":["Decay","Strike_R"],"score":1414,"play_id":"182a9bdc-8209-47a3-ac86-450f671fe788","local_time":"20190617021413","is_ascension_mode":true,"campfire_choices":[{"data":"Headbutt","floor":6,"key":"SMITH"},{"floor":11,"key":"REST"},{"data":"Pommel Strike","floor":15,"key":"SMITH"},{"floor":24,"key":"REST"},{"floor":28,"key":"REST"},{"floor":32,"key":"RECALL"},{"floor":40,"key":"REST"},{"floor":44,"key":"REST"},{"floor":49,"key":"REST"}],"neow_cost":"NONE","seed_source_timestamp":48662225966990,"circlet_count":0,"master_deck":["AscendersBane","Strike_R","Strike_R","Strike_R","Defend_R","Defend_R","Defend_R","Defend_R","Bash+1","Headbutt+1","Rampage","Pommel Strike+1","Feel No Pain","True Grit+1","Fiend Fire","Anger+1","Burning Pact","Armaments","Inflame+1","Immolate","Feel No Pain","Shockwave","Feed","Shrug It Off","Metallicize+1","Disarm","Evolve","Corruption","Armaments","Armaments+1","Battle Trance","Disarm"],"relics":["Burning Blood","Regal Pillow","PreservedInsect","Bag of Preparation","Fusion Hammer","Happy Flower","Thread and Needle","Sundial","Cursed Key","Dream Catcher","Meat on the Bone","Centennial Puzzle","TheAbacus"],"potions_floor_usage":[21,39,46,47],"damage_taken":[{"damage":5,"enemies":"2 Louse","floor":1,"turns":3},{"damage":7,"enemies":"Cultist","floor":3,"turns":4},{"damage":9,"enemies":"Jaw Worm","floor":5,"turns":3},{"damage":18,"enemies":"Lots of Slimes","floor":7,"turns":4},{"damage":35,"enemies":"Lagavulin","floor":10,"turns":7},{"damage":18,"enemies":"3 Sentries","floor":12,"turns":8},{"damage":33,"enemies":"The Guardian","floor":16,"turns":13},{"damage":0,"enemies":"2 Thieves","floor":18,"turns":3},{"damage":4,"enemies":"Chosen","floor":19,"turns":3},{"damage":14,"enemies":"3 Cultists","floor":21,"turns":5},{"damage":57,"enemies":"Gremlin Leader","floor":23,"turns":5},{"damage":5,"enemies":"Snake Plant","floor":25,"turns":3},{"damage":19,"enemies":"Snecko","floor":27,"turns":6},{"damage":15,"enemies":"Slavers","floor":29,"turns":2},{"damage":0,"enemies":"3 Cultists","floor":31,"turns":4},{"damage":8,"enemies":"Champ","floor":33,"turns":8},{"damage":6,"enemies":"3 Shapes","floor":35,"turns":8},{"damage":37,"enemies":"3 Darklings","floor":36,"turns":4},{"damage":15,"enemies":"Transient","floor":39,"turns":6},{"damage":29,"enemies":"Maw","floor":41,"turns":9},{"damage":35,"enemies":"Reptomancer","floor":42,"turns":7},{"damage":0,"enemies":"Jaw Worm Horde","floor":45,"turns":5},{"damage":69,"enemies":"Giant Head","floor":46,"turns":10},{"damage":3,"enemies":"Spire Growth","floor":47,"turns":7},{"damage":27,"enemies":"Time Eater","floor":50,"turns":15},{"damage":65,"enemies":"Awakened One","floor":51,"turns":12}],"seed_played":"3889480185925555427","potions_obtained":[{"floor":1,"key":"FearPotion"},{"floor":7,"key":"Fire Potion"},{"floor":18,"key":"Block Potion"},{"floor":23,"key":"Ancient Potion"},{"floor":27,"key":"Weak Potion"},{"floor":45,"key":"BloodPotion"},{"floor":46,"key":"Ancient Potion"}],"is_trial":false,"path_per_floor":["M","?","M","?","M","R","M","$","T","E","R","E","?","?","R","B",null,"M","M","?","M","T","E","R","M","T","M","R","E","$","M","R","B",null,"M","M","?","?","M","R","M","E","T","R","M","E","M","$","R","B","B"],"character_chosen":"IRONCLAD","items_purchased":["Feel No Pain","Shockwave","Centennial Puzzle","TheAbacus"],"campfire_rested":6,"item_purchase_floors":[8,30,48,48],"current_hp_per_floor":[76,76,75,75,72,72,60,60,60,31,70,58,58,58,58,31,69,75,77,77,69,69,18,57,58,58,45,82,73,73,79,79,77,81,84,53,53,53,44,81,58,29,29,68,77,14,41,41,82,61,0],"gold":16,"neow_bonus":"TEN_PERCENT_HP_BONUS","is_prod":false,"is_daily":false,"chose_seed":false,"campfire_upgraded":2,"win_rate":0,"timestamp":1560730453,"path_taken":["M","?","?","?","M","R","?","?","T","E","R","E","?","?","R","BOSS","M","M","?","M","?","E","R","M","T","?","R","E","$","M","R","BOSS","M","M","?","?","M","R","M","E","T","R","M","E","M","$","R","BOSS","BOSS"],"build_version":"2019-01-23","purchased_purges":2,"victory":false,"max_hp_per_floor":[82,82,82,82,82,82,82,82,82,82,82,82,82,82,82,82,82,82,82,82,82,82,82,82,82,82,82,82,82,82,82,82,82,82,85,85,85,81,81,81,81,81,81,81,84,84,88,88,88,88,88],"card_choices":[{"not_picked":["Warcry","Heavy Blade"],"picked":"Headbutt","floor":1},{"not_picked":["Heavy Blade","Blood for Blood"],"picked":"Rampage","floor":3},{"not_picked":["Warcry","Iron Wave","Heavy Blade"],"picked":"SKIP","floor":5},{"not_picked":["Havoc","Whirlwind"],"picked":"Pommel Strike","floor":7},{"not_picked":["Twin Strike","Reckless Charge","Warcry"],"picked":"SKIP","floor":10},{"not_picked":["Seeing Red","Sever Soul"],"picked":"True Grit","floor":12},{"not_picked":["Reaper","Barricade"],"picked":"Fiend Fire","floor":16},{"not_picked":["Warcry","Clothesline"],"picked":"Anger+1","floor":18},{"not_picked":["Body Slam","Clothesline"],"picked":"Burning Pact","floor":19},{"not_picked":["Dual Wield","Thunderclap"],"picked":"Armaments","floor":21},{"not_picked":["Thunderclap+1","Shrug It Off"],"picked":"Inflame+1","floor":23},{"not_picked":["Heavy Blade","Rupture","Headbutt"],"picked":"SKIP","floor":25},{"not_picked":["Perfected Strike","Headbutt"],"picked":"Immolate","floor":27},{"not_picked":["Havoc","Twin Strike"],"picked":"Feel No Pain","floor":29},{"not_picked":["Pummel","Sword Boomerang","Hemokinesis"],"picked":"SKIP","floor":31},{"not_picked":["Double Tap","Brutality"],"picked":"Feed","floor":33},{"not_picked":["Clothesline+1","Blood for Blood+1"],"picked":"Shrug It Off","floor":35},{"not_picked":["Heavy Blade","Intimidate"],"picked":"Metallicize+1","floor":36},{"not_picked":["True Grit","Rampage"],"picked":"Disarm","floor":39},{"not_picked":["Cleave+1","Shrug It Off"],"picked":"Evolve","floor":41},{"not_picked":["Headbutt","Body Slam"],"picked":"Corruption","floor":42},{"not_picked":["Wild Strike+1","Iron Wave"],"picked":"Armaments","floor":45},{"not_picked":["Wild Strike","Reckless Charge+1"],"picked":"Armaments+1","floor":46},{"not_picked":["True Grit","Pommel Strike"],"picked":"Battle Trance","floor":47},{"not_picked":["Flex","Body Slam"],"picked":"Disarm","floor":49}],"player_experience":1379725,"relics_obtained":[{"floor":9,"key":"Regal Pillow"},{"floor":10,"key":"PreservedInsect"},{"floor":12,"key":"Bag of Preparation"},{"floor":22,"key":"Happy Flower"},{"floor":23,"key":"Thread and Needle"},{"floor":29,"key":"Sundial"},{"floor":42,"key":"Dream Catcher"},{"floor":46,"key":"Meat on the Bone"}],"event_choices":[{"damage_healed":0,"gold_gain":0,"player_choice":"Upgraded","damage_taken":0,"max_hp_gain":0,"max_hp_loss":0,"event_name":"Upgrade Shrine","floor":2,"gold_loss":0,"cards_upgraded":["Bash"]},{"damage_healed":0,"gold_gain":0,"player_choice":"Cursed","damage_taken":0,"max_hp_gain":0,"max_hp_loss":0,"event_name":"Wheel of Change","floor":4,"gold_loss":0,"cards_obtained":["Decay"]},{"damage_healed":0,"gold_gain":0,"player_choice":"Grow","damage_taken":0,"max_hp_gain":0,"max_hp_loss":0,"event_name":"Living Wall","floor":13,"gold_loss":0,"cards_upgraded":["True Grit"]},{"cards_removed":["Strike_R"],"damage_healed":0,"gold_gain":0,"player_choice":"Card Removal","damage_taken":0,"max_hp_gain":0,"max_hp_loss":0,"event_name":"The Cleric","floor":14,"gold_loss":75},{"damage_healed":0,"gold_gain":50,"player_choice":"Stole From Cult","damage_taken":0,"max_hp_gain":0,"max_hp_loss":0,"event_name":"Nest","floor":20,"gold_loss":0},{"damage_healed":0,"gold_gain":0,"player_choice":"Ignored","damage_taken":0,"max_hp_gain":0,"max_hp_loss":0,"event_name":"Mysterious Sphere","floor":37,"gold_loss":0},{"damage_healed":0,"gold_gain":0,"player_choice":"Max HP","damage_taken":0,"max_hp_gain":0,"max_hp_loss":4,"event_name":"Winding Halls","floor":38,"gold_loss":0}],"is_beta":false,"boss_relics":[{"not_picked":["Empty Cage","Runic Dome"],"picked":"Fusion Hammer"},{"not_picked":["Lizard Tail","Tiny House"],"picked":"Cursed Key"}],"items_purged_floors":[8,30],"is_endless":false,"potions_floor_spawned":[1,7,18,19,23,27,31,36,45,46],"killed_by":"Awakened One","ascension_level":20}