{"gold_per_floor":[113,38,52,52,52,95,95,95,95,95,111,125,163,188,188,188],"floor_reached":16,"playtime":766,"items_purged":["Strike_R"],"score":138,"play_id":"e3f300da-7cd5-45f1-bf26-603271852d94","local_time":"20190202163724","is_ascension_mode":true,"campfire_choices":[{"floor":7,"key":"REST"},{"data":"Twin Strike","floor":10,"key":"SMITH"},{"floor":15,"key":"REST"}],"neow_cost":"NONE","seed_source_timestamp":1056290569567520,"circlet_count":0,"master_deck":["Strike_R","Strike_R","Strike_R","Strike_R","Defend_R","Defend_R","Defend_R","Defend_R","Bash","Twin Strike+1","Wild Strike","Armaments","Flex","Dropkick","Dropkick"],"relics":["Burning Blood","Pen Nib","Golden Idol","Frozen Egg 2","Sundial","Question Card"],"potions_floor_usage":[6,11],"damage_taken":[{"damage":1,"enemies":"Cultist","floor":1,"turns":3},{"damage":2,"enemies":"Jaw Worm","floor":3,"turns":3},{"damage":41,"enemies":"3 Sentries","floor":6,"turns":12},{"damage":2,"enemies":"Small Slimes","floor":11,"turns":3},{"damage":22,"enemies":"Gremlin Gang","floor":12,"turns":6},{"damage":33,"enemies":"Gremlin Nob","floor":13,"turns":4},{"damage":0,"enemies":"Large Slime","floor":14,"turns":4},{"damage":40,"enemies":"Hexaghost","floor":16,"turns":9}],"seed_played":"2829708273287511902","potions_obtained":[{"floor":3,"key":"Dexterity Potion"},{"floor":6,"key":"EssenceOfSteel"},{"floor":12,"key":"Explosive Potion"}],"is_trial":false,"path_per_floor":["M","$","M","?","$","E","R","?","T","R","M","M","E","M","R","B"],"character_chosen":"IRONCLAD","items_purchased":[],"campfire_rested":2,"item_purchase_floors":[],"current_hp_per_floor":[80,80,80,60,60,25,49,49,49,49,53,37,10,16,40,0],"gold":188,"neow_bonus":"RANDOM_COMMON_RELIC","is_prod":false,"is_daily":false,"chose_seed":false,"campfire_upgraded":1,"win_rate":0,"timestamp":1549139844,"path_taken":["M","$","?","?","$","E","R","?","T","R","?","M","E","M","R","BOSS"],"build_version":"2019-01-23","purchased_purges":1,"victory":false,"max_hp_per_floor":[80,80,80,80,80,80,80,80,80,80,80,80,80,80,80,80],"card_choices":[{"not_picked":["Power Through","Perfected Strike"],"picked":"Twin Strike","floor":1},{"not_picked":["Body Slam","Flame Barrier","Burning Pact"],"picked":"SKIP","floor":3},{"not_picked":["Entrench","Thunderclap","Perfected Strike"],"picked":"SKIP","floor":6},{"not_picked":["Iron Wave","Body Slam"],"picked":"Armaments","floor":11},{"not_picked":["Thunderclap","Shockwave"],"picked":"Flex","floor":12},{"not_picked":["Twin Strike","Clash"],"picked":"Dropkick","floor":13},{"not_picked":["Cleave","Sever Soul","True Grit"],"picked":"Dropkick","floor":14}],"player_experience":387599,"relics_obtained":[{"floor":6,"key":"Frozen Egg 2"},{"floor":9,"key":"Sundial"},{"floor":13,"key":"Question Card"}],"event_choices":[{"damage_healed":0,"gold_gain":0,"player_choice":"Take Damage","damage_taken":20,"relics_obtained":["Golden Idol"],"max_hp_gain":0,"max_hp_loss":0,"event_name":"Golden Idol","floor":4,"gold_loss":0},{"damage_healed":0,"gold_gain":0,"player_choice":"1 cards matched","damage_taken":0,"max_hp_gain":0,"max_hp_loss":0,"event_name":"Match and Keep!","floor":8,"gold_loss":0,"cards_obtained":["Wild Strike"]}],"is_beta":false,"boss_relics":[],"items_purged_floors":[2],"is_endless":false,"potions_floor_spawned":[3,6,12],"killed_by":"Hexaghost","ascension_level":5}