{"gold_per_floor":[117,132,132,152,203,236,236,263,263,263,295,295,330,346,346,450,450,467,483,120,138,138,166,166,193,216,216,249,282,297,316,316,420,420,438,452,452,471,17,17,44,8,8,108,108,133,133,145,145,145],"floor_reached":51,"playtime":4530,"items_purged":["Defend_G"],"score":889,"play_id":"e0a1faf0-16ae-4566-b0d8-fb3440621a8b","local_time":"20190412195859","is_ascension_mode":true,"campfire_choices":[{"data":"Neutralize","floor":7,"key":"SMITH"},{"data":"Well Laid Plans","floor":10,"key":"SMITH"},{"data":"Prepared","floor":15,"key":"SMITH"},{"data":"Cloak And Dagger","floor":24,"key":"SMITH"},{"floor":27,"key":"REST"},{"data":"Infinite Blades","floor":32,"key":"SMITH"},{"data":"Apotheosis","floor":40,"key":"SMITH"},{"data":"Caltrops","floor":49,"key":"SMITH"}],"neow_cost":"NONE","seed_source_timestamp":243609321041000,"circlet_count":0,"master_deck":["Defend_G","Defend_G","Defend_G","Defend_G","Strike_G+1","Strike_G","Strike_G","Strike_G","Strike_G","Survivor","Neutralize+1","Well Laid Plans+1","Quick Slash","Leg Sweep","Sucker Punch+1","Prepared+1","Corpse Explosion","Dagger Spray","Die Die Die","PiercingWail","Infinite Blades+1","Dash","Cloak And Dagger+1","Outmaneuver","PiercingWail","Dagger Spray+1","Infinite Blades+1","Deflect+1","Deflect+1","Backflip+1","Burst","Shame","Flying Knee+1","Prepared+1","Caltrops+1","Apotheosis+1","Backstab","Flying Knee","Caltrops+1","Calculated Gamble","All Out Attack+1"],"relics":["Ring of the Snake","Boot","Orichalcum","Torii","Odd Mushroom","WingedGreaves","Whetstone","Mummified Hand","Pantograph","Vajra","Turnip","Omamori","Art of War","Kunai","Pear","Calling Bell","Snake Skull","Ninja Scroll","Nunchaku","Pocketwatch","Potion Belt","Anchor","Pen Nib","Thread and Needle","Bottled Tornado"],"potions_floor_usage":[14,25,50,50],"damage_taken":[{"damage":0,"enemies":"Jaw Worm","floor":1,"turns":4},{"damage":0,"enemies":"2 Louse","floor":2,"turns":3},{"damage":0,"enemies":"Cultist","floor":4,"turns":4},{"damage":7,"enemies":"3 Sentries","floor":6,"turns":15},{"damage":19,"enemies":"The Mushroom Lair","floor":8,"turns":9},{"damage":10,"enemies":"Lagavulin","floor":11,"turns":11},{"damage":12,"enemies":"3 Sentries","floor":13,"turns":10},{"damage":3,"enemies":"Large Slime","floor":14,"turns":7},{"damage":5,"enemies":"Hexaghost","floor":16,"turns":12},{"damage":3,"enemies":"3 Byrds","floor":18,"turns":3},{"damage":0,"enemies":"Chosen","floor":19,"turns":6},{"damage":2,"enemies":"Shelled Parasite and Fungi","floor":21,"turns":7},{"damage":12,"enemies":"Book of Stabbing","floor":23,"turns":8},{"damage":26,"enemies":"Slavers","floor":25,"turns":4},{"damage":2,"enemies":"Gremlin Leader","floor":28,"turns":6},{"damage":10,"enemies":"Book of Stabbing","floor":29,"turns":6},{"damage":0,"enemies":"3 Cultists","floor":30,"turns":3},{"damage":13,"enemies":"Centurion and Healer","floor":31,"turns":5},{"damage":9,"enemies":"Automaton","floor":33,"turns":13},{"damage":9,"enemies":"3 Darklings","floor":35,"turns":3},{"damage":3,"enemies":"3 Shapes","floor":36,"turns":4},{"damage":1,"enemies":"Spire Growth","floor":38,"turns":6},{"damage":1,"enemies":"Nemesis","floor":41,"turns":7},{"damage":8,"enemies":"Mind Bloom Boss Battle","floor":44,"turns":7},{"damage":8,"enemies":"Giant Head","floor":46,"turns":9},{"damage":0,"enemies":"Sphere and 2 Shapes","floor":48,"turns":3},{"damage":8,"enemies":"Time Eater","floor":50,"turns":13}],"seed_played":"6620661550598967154","potions_obtained":[{"floor":1,"key":"Weak Potion"},{"floor":4,"key":"Ancient Potion"},{"floor":8,"key":"FearPotion"},{"floor":14,"key":"Fruit Juice"},{"floor":16,"key":"Fire Potion"},{"floor":25,"key":"SpeedPotion"},{"floor":31,"key":"Fire Potion"},{"floor":33,"key":"SkillPotion"},{"floor":41,"key":"EssenceOfSteel"},{"floor":44,"key":"Poison Potion"},{"floor":46,"key":"GhostInAJar"}],"is_trial":false,"path_per_floor":["M","M","?","M","T","E","R","?","T","R","E","T","E","M","R","B",null,"M","M","$","M","?","E","R","E","T","R","E","E","M","M","R","B",null,"M","M","?","M","$","R","E","$","T","?","$","E","?","M","R","B",null],"character_chosen":"THE_SILENT","items_purchased":["Vajra","Dash","Cloak And Dagger","Outmaneuver","Apotheosis","Backstab","Potion Belt","Good Instincts","Caltrops"],"campfire_rested":1,"item_purchase_floors":[20,20,20,20,39,39,39,39,42],"current_hp_per_floor":[70,70,75,75,75,68,68,49,49,49,39,39,27,29,29,49,80,77,77,77,75,80,68,68,42,42,66,64,64,64,51,51,67,90,81,78,78,77,77,77,76,76,76,82,82,74,74,74,74,82],"gold":145,"neow_bonus":"RANDOM_COMMON_RELIC","is_prod":false,"is_daily":false,"chose_seed":false,"campfire_upgraded":7,"win_rate":0,"timestamp":1555113539,"path_taken":["M","M","?","M","?","E","R","?","T","R","E","?","E","?","R","BOSS","M","M","$","M","?","E","R","E","T","R","E","E","?","M","R","BOSS","M","M","?","?","$","R","E","?","T","?","$","E","?","M","R","BOSS"],"build_version":"2019-01-23","purchased_purges":1,"victory":true,"max_hp_per_floor":[70,70,75,75,75,75,75,75,75,75,75,75,75,80,80,80,80,80,80,80,80,80,80,80,80,80,80,80,90,90,90,90,90,90,90,90,90,90,90,90,90,90,90,90,90,90,90,90,90,90],"card_choices":[{"not_picked":["Choke","Blur"],"picked":"Well Laid Plans","floor":1},{"not_picked":["Predator","Bane"],"picked":"Quick Slash","floor":2},{"not_picked":["Riddle With Holes","Blade Dance"],"picked":"Leg Sweep","floor":4},{"not_picked":["Outmaneuver","Dagger Throw"],"picked":"Sucker Punch","floor":6},{"not_picked":["Distraction","Eviscerate"],"picked":"Prepared","floor":8},{"not_picked":["Poisoned Stab","Expertise"],"picked":"Prepared","floor":11},{"not_picked":["Outmaneuver","Dodge and Roll"],"picked":"Corpse Explosion","floor":13},{"not_picked":["Underhanded Strike","Deflect"],"picked":"Dagger Spray","floor":14},{"not_picked":["Unload","Corpse Explosion"],"picked":"Die Die Die","floor":16},{"not_picked":["Flying Knee","Quick Slash"],"picked":"PiercingWail","floor":18},{"not_picked":["Deadly Poison","Caltrops"],"picked":"Infinite Blades+1","floor":19},{"not_picked":["Eviscerate","Wraith Form v2"],"picked":"PiercingWail","floor":21},{"not_picked":["Distraction","Poisoned Stab+1"],"picked":"Dagger Spray+1","floor":23},{"not_picked":["Eviscerate","Outmaneuver"],"picked":"Infinite Blades","floor":25},{"not_picked":["Concentrate","Outmaneuver","Poisoned Stab"],"picked":"SKIP","floor":28},{"not_picked":["Distraction+1","Deadly Poison"],"picked":"Deflect+1","floor":29},{"not_picked":["Outmaneuver+1","Heel Hook+1"],"picked":"Deflect+1","floor":30},{"not_picked":["Deflect+1","PiercingWail"],"picked":"Backflip+1","floor":31},{"not_picked":["Adrenaline","Wraith Form v2"],"picked":"Burst","floor":33},{"not_picked":["Deadly Poison","Dagger Throw+1"],"picked":"Flying Knee+1","floor":35},{"not_picked":["Deflect","Escape Plan"],"picked":"Prepared+1","floor":36},{"not_picked":["Reflex+1","Poisoned Stab+1"],"picked":"Caltrops+1","floor":38},{"not_picked":["Bane","Acrobatics+1"],"picked":"Flying Knee","floor":41},{"not_picked":["Dagger Throw","Dash"],"picked":"Calculated Gamble","floor":44},{"not_picked":["Cloak And Dagger","Quick Slash"],"picked":"All Out Attack+1","floor":46},{"not_picked":["Endless Agony+1","Blade Dance","Masterful Stab+1"],"picked":"SKIP","floor":48}],"player_experience":456728,"relics_obtained":[{"floor":5,"key":"Orichalcum"},{"floor":6,"key":"Torii"},{"floor":8,"key":"Odd Mushroom"},{"floor":9,"key":"WingedGreaves"},{"floor":11,"key":"Whetstone"},{"floor":12,"key":"Mummified Hand"},{"floor":13,"key":"Pantograph"},{"floor":23,"key":"Turnip"},{"floor":25,"key":"Omamori"},{"floor":26,"key":"Art of War"},{"floor":28,"key":"Kunai"},{"floor":29,"key":"Pear"},{"floor":34,"key":"Snake Skull"},{"floor":34,"key":"Ninja Scroll"},{"floor":34,"key":"Nunchaku"},{"floor":37,"key":"Pocketwatch"},{"floor":41,"key":"Anchor"},{"floor":43,"key":"Pen Nib"},{"floor":44,"key":"Thread and Needle"},{"floor":46,"key":"Bottled Tornado"}],"event_choices":[{"damage_healed":0,"gold_gain":0,"player_choice":"Donut","damage_taken":0,"max_hp_gain":5,"max_hp_loss":0,"event_name":"Big Fish","floor":3,"gold_loss":0},{"damage_healed":0,"gold_gain":0,"player_choice":"Fought Mushrooms","damage_taken":0,"max_hp_gain":0,"max_hp_loss":0,"event_name":"Mushrooms","floor":8,"gold_loss":0},{"cards_removed":["Prepared"],"damage_healed":5,"gold_gain":0,"player_choice":"Offered Common","damage_taken":0,"max_hp_gain":0,"max_hp_loss":0,"event_name":"Bonfire Elementals","floor":22,"gold_loss":0},{"cards_removed":["Prepared"],"damage_healed":5,"gold_gain":0,"player_choice":"Offered Special","damage_taken":0,"max_hp_gain":0,"max_hp_loss":0,"event_name":"Bonfire Elementals","floor":22,"gold_loss":0},{"damage_healed":0,"gold_gain":0,"player_choice":"Relic","damage_taken":0,"max_hp_gain":0,"max_hp_loss":0,"event_name":"Wheel of Change","floor":37,"gold_loss":0},{"damage_healed":0,"gold_gain":0,"player_choice":"Fight","damage_taken":0,"max_hp_gain":0,"max_hp_loss":0,"event_name":"MindBloom","floor":44,"gold_loss":0},{"cards_removed":["Good Instincts"],"damage_healed":0,"gold_gain":0,"player_choice":"Removed Skill","damage_taken":0,"max_hp_gain":0,"max_hp_loss":0,"event_name":"Falling","floor":47,"gold_loss":0}],"is_beta":false,"boss_relics":[{"not_picked":["Sozu","Coffee Dripper","Ectoplasm"]},{"not_picked":["Black Star","Snecko Eye"],"picked":"Calling Bell"}],"items_purged_floors":[20],"is_endless":false,"potions_floor_spawned":[1,4,8,14,16,18,19,25,31,33,36,41,44,46],"ascension_level":1}