{"gold_per_floor":[119,119,69,21,41,72,90,90,169,198,215,226,226,244,244,342,342,359,113,129,229,243,243,243,243],"floor_reached":25,"playtime":2177,"items_purged":[],"score":320,"play_id":"a400e40a-6356-4082-9a80-4e6e2e1f82a6","local_time":"20190611192618","is_ascension_mode":true,"campfire_choices":[{"floor":8,"key":"REST"},{"floor":15,"key":"REST"},{"floor":23,"key":"REST"}],"neow_cost":"NONE","seed_source_timestamp":2114368135456636,"circlet_count":0,"master_deck":["AscendersBane","Defend_G","Defend_G","Defend_G","Defend_G","Strike_G","Strike_G","Strike_G+1","Strike_G+1","Strike_G","Survivor","Neutralize","Slice","Flying Knee","Blur","Footwork","Noxious Fumes","Adrenaline","Poisoned Stab","Corpse Explosion","Well Laid Plans"],"relics":["Ring of the Snake","Whetstone","Happy Flower","Bottled Lightning","Question Card","Bird Faced Urn","Snecko Eye","Paper Crane"],"potions_floor_usage":[6,16,20],"damage_taken":[{"damage":1,"enemies":"Jaw Worm","floor":1,"turns":3},{"damage":0,"enemies":"Small Slimes","floor":5,"turns":3},{"damage":24,"enemies":"Lagavulin","floor":6,"turns":12},{"damage":2,"enemies":"2 Louse","floor":7,"turns":4},{"damage":27,"enemies":"Gremlin Nob","floor":10,"turns":4},{"damage":3,"enemies":"Exordium Thugs","floor":11,"turns":6},{"damage":0,"enemies":"Red Slaver","floor":12,"turns":4},{"damage":23,"enemies":"3 Louse","floor":14,"turns":5},{"damage":15,"enemies":"Hexaghost","floor":16,"turns":11},{"damage":6,"enemies":"Spheric Guardian","floor":18,"turns":5},{"damage":18,"enemies":"Shell Parasite","floor":20,"turns":6},{"damage":28,"enemies":"Snake Plant","floor":22,"turns":6},{"damage":79,"enemies":"Gremlin Leader","floor":25,"turns":6}],"seed_played":"-5016098835669564571","potions_obtained":[{"floor":5,"key":"EssenceOfSteel"},{"floor":11,"key":"EssenceOfSteel"},{"floor":16,"key":"EssenceOfSteel"},{"floor":22,"key":"LiquidBronze"}],"is_trial":false,"path_per_floor":["M","?","?","$","M","E","M","R","T","E","M","M","?","M","R","B",null,"M","$","M","?","M","R","?","E"],"character_chosen":"THE_SILENT","items_purchased":["Flying Knee","Paper Crane"],"campfire_rested":3,"item_purchase_floors":[4,19],"current_hp_per_floor":[62,55,55,55,55,31,29,50,50,23,22,26,31,10,32,21,62,60,60,48,48,26,48,73,0],"gold":243,"neow_bonus":"RANDOM_COMMON_RELIC","is_prod":false,"is_daily":false,"chose_seed":false,"campfire_upgraded":0,"win_rate":0,"timestamp":1560291978,"path_taken":["M","?","?","$","M","E","?","R","T","E","M","M","?","M","R","BOSS","M","$","M","?","?","R","?","E"],"build_version":"2019-01-23","purchased_purges":0,"victory":false,"max_hp_per_floor":[70,70,70,70,70,70,70,70,70,70,70,70,75,75,75,75,75,75,75,75,75,75,75,75,75],"card_choices":[{"not_picked":["Underhanded Strike","Bane"],"picked":"Slice","floor":1},{"not_picked":["Slice","Reflex"],"picked":"Blur","floor":5},{"not_picked":["Bane","Dagger Throw","Backflip"],"picked":"SKIP","floor":6},{"not_picked":["Blade Dance","Tactician","Heel Hook"],"picked":"SKIP","floor":7},{"not_picked":["Tactician","Underhanded Strike","Terror"],"picked":"Footwork","floor":10},{"not_picked":["Dodge and Roll","Outmaneuver","Flying Knee"],"picked":"Noxious Fumes","floor":11},{"not_picked":["Leg Sweep","Cloak And Dagger","Reflex"],"picked":"Adrenaline","floor":12},{"not_picked":["Flechettes","Prepared","Dagger Throw"],"picked":"Poisoned Stab","floor":14},{"not_picked":["Storm of Steel","Grand Finale","Tools of the Trade"],"picked":"Corpse Explosion","floor":16},{"not_picked":["Riddle With Holes+1","Sucker Punch","Dagger Spray+1"],"picked":"Well Laid Plans","floor":18},{"not_picked":["Quick Slash","Expertise","Flying Knee+1","Blade Dance"],"picked":"SKIP","floor":20},{"not_picked":["Deflect+1","Underhanded Strike","Heel Hook","Dagger Spray"],"picked":"SKIP","floor":22}],"player_experience":991365,"relics_obtained":[{"floor":6,"key":"Bottled Lightning"},{"floor":9,"key":"Question Card"},{"floor":10,"key":"Bird Faced Urn"}],"event_choices":[{"damage_healed":0,"gold_gain":0,"player_choice":"Success","damage_taken":7,"relics_obtained":["Happy Flower"],"max_hp_gain":0,"max_hp_loss":0,"event_name":"Scrap Ooze","floor":2,"gold_loss":0},{"cards_removed":["Defend_G"],"damage_healed":0,"gold_gain":0,"player_choice":"Card Removal","damage_taken":0,"max_hp_gain":0,"max_hp_loss":0,"event_name":"The Cleric","floor":3,"gold_loss":50},{"damage_healed":0,"gold_gain":0,"player_choice":"Donut","damage_taken":0,"max_hp_gain":5,"max_hp_loss":0,"event_name":"Big Fish","floor":13,"gold_loss":0},{"damage_healed":0,"gold_gain":100,"player_choice":"Pray","damage_taken":0,"max_hp_gain":0,"max_hp_loss":0,"event_name":"Golden Shrine","floor":21,"gold_loss":0},{"damage_healed":25,"gold_gain":0,"player_choice":"Heal","damage_taken":0,"max_hp_gain":0,"max_hp_loss":0,"event_name":"The Library","floor":24,"gold_loss":0}],"is_beta":false,"boss_relics":[{"not_picked":["Eternal Feather","Philosopher\u0027s Stone"],"picked":"Snecko Eye"}],"items_purged_floors":[],"is_endless":false,"potions_floor_spawned":[5,11,16,22],"killed_by":"Gremlin Leader","ascension_level":10}