{"gold_per_floor":[118,138,288,80,95,95,118,151,163,175,216,247,259],"floor_reached":13,"playtime":799,"items_purged":["Doubt"],"score":186,"play_id":"c32eb650-b2d1-492d-a870-94372c875342","local_time":"20190223225153","is_ascension_mode":true,"campfire_choices":[{"data":"Zap","floor":6,"key":"SMITH"},{"data":"Rip and Tear","floor":10,"key":"SMITH"}],"neow_cost":"NONE","seed_source_timestamp":35800197558305,"circlet_count":0,"master_deck":["AscendersBane","Strike_B","Strike_B","Strike_B","Strike_B","Defend_B","Defend_B","Defend_B","Defend_B","Zap+1","Dualcast","White Noise","Genetic Algorithm","Cold Snap","Rip and Tear+1","Doom and Gloom"],"relics":["Cracked Core","NeowsBlessing","Tiny Chest","MawBank","Cables","Unceasing Top"],"potions_floor_usage":[8,13,13],"damage_taken":[{"damage":0,"enemies":"Small Slimes","floor":1,"turns":1},{"damage":0,"enemies":"Jaw Worm","floor":2,"turns":1},{"damage":0,"enemies":"Cultist","floor":5,"turns":1},{"damage":10,"enemies":"Lagavulin","floor":8,"turns":5},{"damage":31,"enemies":"3 Sentries","floor":11,"turns":7},{"damage":17,"enemies":"3 Louse","floor":12,"turns":3},{"damage":11,"enemies":"Lagavulin","floor":13,"turns":3}],"seed_played":"4434158201881196193","potions_obtained":[{"floor":2,"key":"Weak Potion"},{"floor":11,"key":"FearPotion"},{"floor":12,"key":"Strength Potion"}],"is_trial":false,"path_per_floor":["M","M","?","$","M","R","T","E","T","R","E","M","E"],"character_chosen":"DEFECT","items_purchased":["Tiny Chest"],"campfire_rested":0,"item_purchase_floors":[4],"current_hp_per_floor":[64,64,64,64,64,64,64,54,54,54,23,6,0],"gold":259,"neow_bonus":"THREE_ENEMY_KILL","is_prod":false,"is_daily":false,"chose_seed":false,"campfire_upgraded":2,"win_rate":0,"timestamp":1550958713,"path_taken":["M","M","?","$","M","R","?","E","T","R","E","M","E"],"build_version":"2019-01-23","purchased_purges":1,"victory":false,"max_hp_per_floor":[71,71,71,71,71,71,71,71,71,71,71,71,71],"card_choices":[{"not_picked":["Gash","Loop"],"picked":"White Noise","floor":1},{"not_picked":["Chaos","Coolheaded"],"picked":"Genetic Algorithm","floor":2},{"not_picked":["Sunder","Stack"],"picked":"Cold Snap","floor":5},{"not_picked":["Recycle","Steam"],"picked":"Rip and Tear","floor":8},{"not_picked":["Sweeping Beam","Lockon"],"picked":"Doom and Gloom","floor":11},{"not_picked":["Heatsinks","Beam Cell","Sweeping Beam"],"picked":"SKIP","floor":12}],"player_experience":976818,"relics_obtained":[{"floor":8,"key":"MawBank"},{"floor":9,"key":"Cables"},{"floor":11,"key":"Unceasing Top"}],"event_choices":[{"damage_healed":0,"gold_gain":150,"player_choice":"AGREE","damage_taken":0,"max_hp_gain":0,"max_hp_loss":0,"event_name":"Liars Game","floor":3,"gold_loss":0,"cards_obtained":["Doubt"]}],"is_beta":false,"boss_relics":[],"items_purged_floors":[4],"is_endless":false,"potions_floor_spawned":[2,11,12],"killed_by":"Lagavulin","ascension_level":20}