{"path_per_floor":["M","$","$","M","$","R","E","R","T","R","M","?","M","M","R","B",null,"M","?","M","?","M","E","R","?","T","E","M","M","E","M","R","B",null,"M","?","M","$","M","R","E","R","T","?","T","E","R","M","R","B"],"character_chosen":"IRONCLAD","items_purchased":["Pear","Dual Wield","Trip"],"gold_per_floor":[17,17,17,28,28,28,54,54,54,54,70,70,85,101,101,203,203,217,217,234,234,249,275,275,275,275,306,322,336,364,375,375,476,476,490,490,510,123,133,133,163,163,163,216,239,270,270,289,289,289],"floor_reached":51,"campfire_rested":4,"playtime":6020,"current_hp_per_floor":[80,80,80,80,80,80,76,76,76,76,80,80,80,80,80,72,80,80,80,80,65,60,51,76,83,83,62,70,39,51,54,81,22,92,91,79,46,56,57,87,90,90,90,97,97,97,97,76,102,95],"items_purged":[],"gold":289,"score":640,"play_id":"f1d0432a-f890-4f5a-b93b-8a9ae52d093b","is_prod":false,"is_daily":false,"is_ascension_mode":false,"campfire_upgraded":4,"path_taken":["M","?","$","M","$","R","E","R","T","R","M","?","M","?","R","BOSS","M","?","M","?","M","E","R","?","T","E","M","?","E","M","R","BOSS","M","?","M","$","M","R","E","R","T","?","?","E","R","M","R","BOSS"],"build_version":"2018-02-08-PROD1","purchased_purges":0,"victory":true,"master_deck":["Strike_R","Strike_R","Strike_R","Strike_R","Strike_R","Defend_R","Defend_R","Defend_R","Defend_R","Bash+1","Clash+1","Disarm+1","Heavy Blade+1","Thunderclap","Spot Weakness+1","Feel No Pain","Demon Form","Fire Breathing+1","True Grit+1","Clothesline","Headbutt","Flex","Whirlwind+1","Armaments","Cleave","Disarm+1","Impervious+1","Sword Boomerang+1","Barricade","Battle Trance+1","Madness+1","Madness+1","Cleave+1","Dual Wield+1","Trip+1","Intimidate+1","Flex+1","Hemokinesis+1","Dropkick","Cleave+1","Anger+1","Metallicize"],"max_hp_per_floor":[80,80,80,80,80,80,80,80,80,80,80,80,80,80,80,80,80,80,80,80,85,85,85,85,92,92,92,92,92,92,92,92,92,92,92,92,92,102,102,102,102,102,102,102,102,102,102,102,102,102],"relics":["Burning Blood","Thread and Needle","Bottled Lightning","Magic Flower","Black Star","Dream Catcher","Happy Flower","Strawberry","Champion Belt","Ice Cream","Shovel","Toxic Egg 2","Ornamental Fan","Lizard Tail","Pear","Letter Opener","Bottled Tornado","Torii","Juzu Bracelet","Sundial","Orichalcum","Oddly Smooth Stone","Pen Nib","Darkstone Periapt"],"card_choices":[{"not_picked":["Clothesline","Searing Blow"],"picked":"Clash"},{"not_picked":["Bloodletting","Battle Trance"],"picked":"Disarm"},{"not_picked":["Bloodletting","Body Slam"],"picked":"Heavy Blade"},{"not_picked":["Battle Trance","Clash"],"picked":"Thunderclap"},{"not_picked":["Thunderclap","Twin Strike"],"picked":"Spot Weakness"},{"not_picked":["Anger","Disarm"],"picked":"Feel No Pain"},{"not_picked":["Bludgeon","Reaper"],"picked":"Demon Form"},{"not_picked":["Sword Boomerang","Disarm"],"picked":"Fire Breathing"},{"not_picked":["Armaments","Iron Wave"],"picked":"True Grit"},{"not_picked":["Armaments","Clash"],"picked":"Clothesline"},{"not_picked":["Brutality","Thunderclap"],"picked":"Headbutt"},{"not_picked":["Wild Strike","Shrug It Off"],"picked":"Flex"},{"not_picked":["Wild Strike","Perfected Strike"],"picked":"Whirlwind"},{"not_picked":["Sword Boomerang","Corruption"],"picked":"Armaments"},{"not_picked":["Headbutt","Iron Wave"],"picked":"Cleave"},{"not_picked":["Headbutt","Iron Wave"],"picked":"Disarm"},{"not_picked":["Clash","Second Wind"],"picked":"Impervious"},{"not_picked":["Iron Wave","Wild Strike"],"picked":"Sword Boomerang"},{"not_picked":["Demon Form","Impervious"],"picked":"Barricade"},{"not_picked":["Sword Boomerang","Thunderclap"],"picked":"Battle Trance"},{"not_picked":["Clash","Shrug It Off"],"picked":"Cleave"},{"not_picked":["Whirlwind","Thunderclap"],"picked":"Intimidate"},{"not_picked":["Armaments","Heavy Blade"],"picked":"Flex"},{"not_picked":["Burning Pact","Headbutt"],"picked":"Hemokinesis"},{"not_picked":["Reckless Charge","True Grit"],"picked":"Dropkick"},{"not_picked":["Reckless Charge","Headbutt"],"picked":"Cleave"},{"not_picked":["Burning Pact","Armaments"],"picked":"Anger"},{"not_picked":["Feel No Pain","Intimidate"],"picked":"Metallicize"}],"player_experience":54875,"potions_floor_usage":[44,50,50],"damage_taken":[{"damage":0.0,"enemies":"Blue Slaver","floor":1.0,"turns":6.0},{"damage":0.0,"enemies":"Jaw Worm","floor":4.0,"turns":3.0},{"damage":10.0,"enemies":"Gremlin Nob","floor":7.0,"turns":4.0},{"damage":2.0,"enemies":"Small Slimes","floor":11.0,"turns":4.0},{"damage":0.0,"enemies":"3 Louse","floor":13.0,"turns":3.0},{"damage":0.0,"enemies":"Red Slaver","floor":14.0,"turns":3.0},{"damage":17.0,"enemies":"Slime Boss","floor":16.0,"turns":8.0},{"damage":0.0,"enemies":"Shell Parasite","floor":18.0,"turns":7.0},{"damage":3.0,"enemies":"Chosen","floor":20.0,"turns":5.0},{"damage":14.0,"enemies":"Snake Plant","floor":22.0,"turns":6.0},{"damage":18.0,"enemies":"Book of Stabbing","floor":23.0,"turns":7.0},{"damage":30.0,"enemies":"Slavers","floor":27.0,"turns":7.0},{"damage":1.0,"enemies":"Cultist and Chosen","floor":28.0,"turns":7.0},{"damage":40.0,"enemies":"Chosen and Byrds","floor":29.0,"turns":7.0},{"damage":22.0,"enemies":"Gremlin Leader","floor":30.0,"turns":6.0},{"damage":6.0,"enemies":"Snake Plant","floor":31.0,"turns":5.0},{"damage":68.0,"enemies":"Collector","floor":33.0,"turns":10.0},{"damage":10.0,"enemies":"3 Shapes","floor":35.0,"turns":9.0},{"damage":42.0,"enemies":"3 Darklings","floor":37.0,"turns":7.0},{"damage":8.0,"enemies":"Maw","floor":39.0,"turns":7.0},{"damage":6,"enemies":"2 Orb Walkers","floor":41,"turns":4},{"damage":2,"enemies":"Mysterious Sphere","floor":44,"turns":6},{"damage":9,"enemies":"Giant Head","floor":46,"turns":6},{"damage":30,"enemies":"4 Shapes","floor":48,"turns":4},{"damage":16,"enemies":"Time Eater","floor":50,"turns":12}],"event_choices":[{"event_name":"Living Wall","player_choice":"Grow","floor":12.0,"damage_taken":0.0},{"event_name":"Vampires","player_choice":"Ignored","floor":19.0,"damage_taken":0.0},{"event_name":"Forgotten Altar","player_choice":"Shed Blood","floor":21.0,"damage_taken":0.0},{"event_name":"The Mausoleum","player_choice":"Yes","floor":25.0,"damage_taken":0.0},{"event_name":"Winding Halls","player_choice":"Embrace Madness","floor":36.0,"damage_taken":0.0},{"event_name":"Mysterious Sphere","player_choice":"Fight","floor":44,"damage_taken":0}],"boss_relics":[],"potions_floor_spawned":[4,7,14,23,27,29,30,33,39,41,48],"seed_played":"4972690194691688690","ascension_level":0,"is_trial":false}