{"gold_per_floor":[118,13,31,43,43,75,75,100,100,100,100,65,80,114,114,114],"floor_reached":16,"playtime":540,"items_purged":[],"score":286,"play_id":"65ed3b62-e3f4-4ec6-b76c-1e3a5056eae8","local_time":"20190523005541","is_ascension_mode":true,"campfire_choices":[{"data":"Zap","floor":7,"key":"SMITH"},{"floor":10,"key":"REST"},{"data":"Fission","floor":15,"key":"SMITH"}],"neow_cost":"NONE","seed_source_timestamp":50508763085267,"circlet_count":0,"master_deck":["AscendersBane","Strike_B","Strike_B","Strike_B","Defend_B","Defend_B","Defend_B","Defend_B","Zap+1","Dualcast","Cold Snap","Ball Lightning","Lockon","Glacier","Undo","Cold Snap","Fission+1"],"relics":["Cracked Core","NeowsBlessing","Anchor","Mercury Hourglass","Dodecahedron","Regal Pillow"],"potions_floor_usage":[6,8,16,16],"damage_taken":[{"damage":0,"enemies":"Cultist","floor":1,"turns":1},{"damage":0,"enemies":"Small Slimes","floor":3,"turns":1},{"damage":0,"enemies":"Jaw Worm","floor":4,"turns":1},{"damage":21,"enemies":"Gremlin Nob","floor":6,"turns":4},{"damage":0,"enemies":"Lagavulin","floor":8,"turns":5},{"damage":0,"enemies":"Looter","floor":13,"turns":3},{"damage":11,"enemies":"Gremlin Nob","floor":14,"turns":3},{"damage":29,"enemies":"Hexaghost","floor":16,"turns":9}],"seed_played":"2932575211384063948","potions_obtained":[{"floor":3,"key":"SkillPotion"},{"floor":6,"key":"AttackPotion"},{"floor":8,"key":"Poison Potion"},{"floor":13,"key":"Block Potion"},{"floor":14,"key":"FocusPotion"}],"is_trial":false,"path_per_floor":["M","$","M","M","?","E","R","E","T","R","?","?","M","E","R","B"],"character_chosen":"DEFECT","items_purchased":["Ball Lightning","Weak Potion"],"campfire_rested":1,"item_purchase_floors":[2,2],"current_hp_per_floor":[64,64,64,64,57,36,36,36,36,57,22,39,39,28,28,0],"gold":114,"neow_bonus":"THREE_ENEMY_KILL","is_prod":false,"is_daily":false,"chose_seed":false,"campfire_upgraded":2,"win_rate":0,"timestamp":1558565741,"path_taken":["M","?","?","M","?","E","R","E","T","R","?","?","M","E","R","BOSS"],"build_version":"2019-01-23","purchased_purges":0,"victory":false,"max_hp_per_floor":[71,71,71,71,71,71,71,71,71,71,71,71,71,71,71,71],"card_choices":[{"not_picked":["Beam Cell","Conserve Battery"],"picked":"Cold Snap","floor":1},{"not_picked":["Streamline","Steam"],"picked":"Lockon","floor":3},{"not_picked":["BootSequence","Conserve Battery"],"picked":"Glacier","floor":4},{"not_picked":["Beam Cell","Rebound"],"picked":"Undo","floor":6},{"not_picked":["Steam","BootSequence","Double Energy"],"picked":"SKIP","floor":8},{"not_picked":["Redo","Stack"],"picked":"Cold Snap","floor":13},{"not_picked":["Tempest","Rebound"],"picked":"Fission","floor":14}],"player_experience":1243320,"relics_obtained":[{"floor":8,"key":"Anchor"},{"floor":9,"key":"Mercury Hourglass"},{"floor":14,"key":"Regal Pillow"}],"event_choices":[{"cards_removed":["Strike_B"],"damage_healed":0,"gold_gain":0,"player_choice":"Card Removal","damage_taken":7,"max_hp_gain":0,"max_hp_loss":0,"event_name":"Golden Wing","floor":5,"gold_loss":0},{"damage_healed":0,"gold_gain":0,"player_choice":"Success","damage_taken":35,"relics_obtained":["Dodecahedron"],"max_hp_gain":0,"max_hp_loss":0,"event_name":"Scrap Ooze","floor":11,"gold_loss":0},{"damage_healed":17,"gold_gain":0,"player_choice":"Healed","damage_taken":0,"max_hp_gain":0,"max_hp_loss":0,"event_name":"The Cleric","floor":12,"gold_loss":35}],"is_beta":false,"boss_relics":[],"items_purged_floors":[],"is_endless":false,"potions_floor_spawned":[3,6,8,13,14],"killed_by":"Hexaghost","ascension_level":20}