{"gold_per_floor":[119,119,139,19,35,35,65,65,113,124,157,157,157,14,14,91,91,108,122,138,63,63,63,79,111,111,111,146,158,176,186,186,259,259,269,289,307,407,457,457,487,487,487,497,523,541,541,561,561,561,561,561,561,118,147,147],"floor_reached":57,"playtime":4947,"items_purged":["Regret","Strike_G","Defend_G"],"score":2828,"play_id":"7433e57c-e408-4a5b-8718-8c28be2a213d","local_time":"20190204155406","is_ascension_mode":true,"campfire_choices":[{"data":"Wraith Form v2","floor":6,"key":"SMITH"},{"data":"Noxious Fumes","floor":8,"key":"SMITH"},{"data":"Neutralize","floor":13,"key":"SMITH"},{"data":"Well Laid Plans","floor":15,"key":"SMITH"},{"data":"Deadly Poison","floor":23,"key":"SMITH"},{"data":"Burst","floor":27,"key":"SMITH"},{"data":"Ghostly","floor":32,"key":"SMITH"},{"data":"Ghostly","floor":40,"key":"SMITH"},{"data":"Ghostly","floor":42,"key":"SMITH"},{"data":"After Image","floor":47,"key":"SMITH"},{"floor":49,"key":"RECALL"},{"floor":53,"key":"REST"}],"neow_cost":"CURSE","seed_source_timestamp":6223474178168,"circlet_count":0,"master_deck":["AscendersBane","Defend_G","Defend_G","Defend_G","Defend_G","Survivor","Neutralize+1","Wraith Form v2+1","Slice+1","Quick Slash+1","Noxious Fumes+1","Backflip","Well Laid Plans+1","Unload","Leg Sweep+1","Deadly Poison+1","Ghostly+1","Ghostly+1","Ghostly+1","Burst+1","Deadly Poison","Corpse Explosion","PiercingWail+1","Noxious Fumes+1","Noxious Fumes+1","PiercingWail+1","After Image+1","Backflip+1"],"relics":["Ring of the Snake","Art of War","Blue Candle","Philosopher\u0027s Stone","Incense Burner","Ornamental Fan","Mercury Hourglass","Empty Cage","Pocketwatch","Strawberry","Question Card","Snake Skull","War Paint","Whetstone"],"potions_floor_usage":[10,11,25,33,36,48,48,51,56,56],"damage_taken":[{"damage":29,"enemies":"Jaw Worm","floor":1,"turns":9},{"damage":4,"enemies":"Cultist","floor":3,"turns":3},{"damage":0,"enemies":"Small Slimes","floor":5,"turns":2},{"damage":2,"enemies":"Gremlin Nob","floor":7,"turns":5},{"damage":1,"enemies":"Gremlin Gang","floor":10,"turns":5},{"damage":14,"enemies":"3 Sentries","floor":11,"turns":9},{"damage":17,"enemies":"Hexaghost","floor":16,"turns":12},{"damage":21,"enemies":"2 Thieves","floor":18,"turns":5},{"damage":0,"enemies":"Spheric Guardian","floor":19,"turns":6},{"damage":12,"enemies":"Snecko","floor":20,"turns":8},{"damage":0,"enemies":"Snake Plant","floor":24,"turns":6},{"damage":4,"enemies":"Gremlin Leader","floor":25,"turns":6},{"damage":0,"enemies":"Slavers","floor":28,"turns":7},{"damage":4,"enemies":"Cultist and Chosen","floor":29,"turns":6},{"damage":3,"enemies":"3 Cultists","floor":30,"turns":6},{"damage":0,"enemies":"Shelled Parasite and Fungi","floor":31,"turns":6},{"damage":2,"enemies":"Automaton","floor":33,"turns":9},{"damage":0,"enemies":"3 Darklings","floor":35,"turns":4},{"damage":0,"enemies":"Orb Walker","floor":36,"turns":5},{"damage":1,"enemies":"Spire Growth","floor":37,"turns":7},{"damage":0,"enemies":"Mind Bloom Boss Battle","floor":38,"turns":8},{"damage":1,"enemies":"Giant Head","floor":41,"turns":10},{"damage":1,"enemies":"Maw","floor":44,"turns":7},{"damage":1,"enemies":"Reptomancer","floor":45,"turns":7},{"damage":3,"enemies":"3 Darklings","floor":46,"turns":4},{"damage":15,"enemies":"Sphere and 2 Shapes","floor":48,"turns":5},{"damage":0,"enemies":"Donu and Deca","floor":50,"turns":9},{"damage":11,"enemies":"Awakened One","floor":51,"turns":13},{"damage":2,"enemies":"Shield and Spear","floor":55,"turns":6},{"damage":21,"enemies":"The Heart","floor":56,"turns":12}],"seed_played":"7571943855135879840","potions_obtained":[{"floor":1,"key":"Dexterity Potion"},{"floor":5,"key":"EssenceOfSteel"},{"floor":16,"key":"Poison Potion"},{"floor":24,"key":"SteroidPotion"},{"floor":25,"key":"PowerPotion"},{"floor":30,"key":"Block Potion"},{"floor":33,"key":"AttackPotion"},{"floor":37,"key":"AttackPotion"},{"floor":44,"key":"SpeedPotion"},{"floor":45,"key":"SpeedPotion"},{"floor":48,"key":"SteroidPotion"}],"is_trial":false,"path_per_floor":["M","?","M","$","M","R","E","R","T","M","E","?","R","$","R","B",null,"M","M","M","?","?","R","M","E","T","R","E","M","M","M","R","B",null,"M","M","M","?","?","R","E","R","T","M","E","M","R","M","R","B","B",null,"R","$","E","B",null],"character_chosen":"THE_SILENT","items_purchased":["Noxious Fumes","Well Laid Plans","Backflip","War Paint","FearPotion","FearPotion"],"campfire_rested":1,"item_purchase_floors":[4,14,54,54,54,54],"current_hp_per_floor":[30,30,26,26,26,26,24,24,24,23,9,66,66,66,66,49,62,41,41,29,29,29,29,29,25,25,25,25,21,18,18,18,16,29,29,29,28,28,28,28,34,34,34,33,32,29,29,14,14,14,3,31,40,40,38,17],"gold":147,"neow_bonus":"THREE_RARE_CARDS","is_prod":false,"is_daily":false,"chose_seed":false,"campfire_upgraded":10,"win_rate":0,"timestamp":1549292046,"path_taken":["M","?","M","$","M","R","E","R","T","?","E","?","R","$","R","BOSS","M","?","M","?","?","R","M","E","T","R","E","?","M","M","R","BOSS","M","M","M","?","?","R","E","R","T","M","E","?","R","M","R","BOSS","BOSS","R","$","E","BOSS"],"build_version":"2019-01-23","purchased_purges":3,"victory":true,"max_hp_per_floor":[66,66,66,66,66,66,66,66,66,66,66,66,66,66,66,66,66,66,66,66,66,33,33,33,33,33,33,33,33,33,33,33,33,33,33,33,33,33,33,33,40,40,40,40,40,40,40,40,40,40,40,40,40,40,40,40],"card_choices":[{"not_picked":["Bullet Time","Unload"],"picked":"Wraith Form v2","floor":0},{"not_picked":["Prepared","Dagger Spray"],"picked":"Predator","floor":1},{"not_picked":["Accuracy","Deflect"],"picked":"Quick Slash","floor":3},{"not_picked":["Dagger Spray","Terror","Riddle With Holes"],"picked":"SKIP","floor":5},{"not_picked":["Infinite Blades","Flying Knee","Slice"],"picked":"SKIP","floor":7},{"not_picked":["Blur","Underhanded Strike","Poisoned Stab"],"picked":"SKIP","floor":10},{"not_picked":["Terror","All Out Attack"],"picked":"Backflip","floor":11},{"not_picked":["Tools of the Trade","Envenom"],"picked":"Unload","floor":16},{"not_picked":["Underhanded Strike+1","Masterful Stab"],"picked":"Leg Sweep+1","floor":18},{"not_picked":["Masterful Stab","Flying Knee","Setup"],"picked":"SKIP","floor":19},{"not_picked":["Setup","Prepared"],"picked":"Deadly Poison","floor":20},{"not_picked":["Flying Knee","Dodge and Roll"],"picked":"Burst","floor":24},{"not_picked":["Bane","Dagger Spray","Flying Knee"],"picked":"SKIP","floor":25},{"not_picked":["Dagger Spray","Acrobatics"],"picked":"Deadly Poison","floor":28},{"not_picked":["Skewer","Flechettes","Outmaneuver"],"picked":"SKIP","floor":29},{"not_picked":["Finisher+1","Escape Plan","Skewer"],"picked":"SKIP","floor":30},{"not_picked":["Deflect","Blade Dance","Distraction"],"picked":"SKIP","floor":31},{"not_picked":["Burst","Malaise"],"picked":"Corpse Explosion","floor":33},{"not_picked":["Prepared","Terror+1","Slice"],"picked":"SKIP","floor":35},{"not_picked":["Blade Dance+1","Poisoned Stab"],"picked":"PiercingWail+1","floor":36},{"not_picked":["Deadly Poison","Escape Plan","Cloak And Dagger+1"],"picked":"SKIP","floor":37},{"not_picked":["Dagger Throw","Deadly Poison"],"picked":"Noxious Fumes+1","floor":38},{"not_picked":["Outmaneuver","Heel Hook"],"picked":"Noxious Fumes+1","floor":41},{"not_picked":["Infinite Blades","Dagger Throw+1","Outmaneuver","Dash"],"picked":"SKIP","floor":44},{"not_picked":["Cloak And Dagger+1","Endless Agony","Sucker Punch"],"picked":"PiercingWail","floor":45},{"not_picked":["Bane","Backflip","Riddle With Holes"],"picked":"After Image","floor":46},{"not_picked":["Dash","Slice+1","Cloak And Dagger+1","Sucker Punch"],"picked":"SKIP","floor":48},{"not_picked":["Endless Agony+1","Escape Plan","Bane","Poisoned Stab"],"picked":"SKIP","floor":55}],"player_experience":888951,"relics_obtained":[{"floor":7,"key":"Art of War"},{"floor":11,"key":"Blue Candle"},{"floor":25,"key":"Incense Burner"},{"floor":26,"key":"Ornamental Fan"},{"floor":28,"key":"Mercury Hourglass"},{"floor":38,"key":"Pocketwatch"},{"floor":41,"key":"Strawberry"},{"floor":43,"key":"Question Card"},{"floor":45,"key":"Snake Skull"},{"floor":55,"key":"Whetstone"}],"event_choices":[{"damage_healed":0,"gold_gain":0,"cards_transformed":["Strike_G"],"player_choice":"Transformed","damage_taken":0,"max_hp_gain":0,"max_hp_loss":0,"event_name":"Transmorgrifier","floor":2,"gold_loss":0,"cards_obtained":["Slice"]},{"cards_removed":["Predator"],"damage_healed":57,"gold_gain":0,"player_choice":"Offered Uncommon","damage_taken":0,"max_hp_gain":0,"max_hp_loss":0,"event_name":"Bonfire Elementals","floor":12,"gold_loss":0},{"cards_removed":["Strike_G"],"damage_healed":0,"gold_gain":0,"player_choice":"Gave Gold","damage_taken":0,"max_hp_gain":0,"max_hp_loss":0,"event_name":"Beggar","floor":21,"gold_loss":75},{"damage_healed":0,"gold_gain":0,"player_choice":"Became a Ghost","damage_taken":0,"max_hp_gain":0,"max_hp_loss":33,"event_name":"Ghosts","floor":22,"gold_loss":0,"cards_obtained":["Ghostly","Ghostly","Ghostly"]},{"damage_healed":0,"gold_gain":0,"player_choice":"Fight","damage_taken":0,"max_hp_gain":0,"max_hp_loss":0,"event_name":"MindBloom","floor":38,"gold_loss":0},{"damage_healed":0,"gold_gain":50,"player_choice":"Pray","damage_taken":0,"max_hp_gain":0,"max_hp_loss":0,"event_name":"Golden Shrine","floor":39,"gold_loss":0}],"is_beta":false,"boss_relics":[{"not_picked":["Lizard Tail","Ectoplasm"],"picked":"Philosopher\u0027s Stone"},{"not_picked":["Snecko Eye","HoveringKite"],"picked":"Empty Cage"}],"items_purged_floors":[4,14,54],"is_endless":false,"potions_floor_spawned":[1,5,16,24,25,30,31,33,37,44,45,46,48],"ascension_level":20}