{"gold_per_floor":[119,134,150,103,103,103,129,129,181,194,213,231,101,113,113,188,188,201,201,24,24,43,43,43],"floor_reached":24,"playtime":1372,"items_purged":["Strike_R"],"score":380,"play_id":"d351bf52-e2f7-42a8-bd9c-c013ed723999","local_time":"20190614110336","is_ascension_mode":true,"campfire_choices":[{"data":"Defend_R","floor":6,"key":"SMITH"},{"data":"Searing Blow","floor":8,"key":"SMITH"},{"floor":15,"key":"REST"},{"floor":23,"key":"REST"}],"neow_cost":"NONE","seed_source_timestamp":2344210377199894,"circlet_count":0,"master_deck":["AscendersBane","Strike_R","Strike_R","Defend_R+1","Defend_R+1","Defend_R+1","Bash","Deep Breath","Armaments+1","Twin Strike","Searing Blow+1","Iron Wave","Inflame","Clothesline","Reaper","Havoc+1","Ghostly Armor+1","Shrug It Off+1","Enlightenment","Pummel","Writhe","Seeing Red"],"relics":["Burning Blood","Dodecahedron","War Paint","Astrolabe","Boot"],"potions_floor_usage":[4,4,12,16,16,18,22,22,24],"damage_taken":[{"damage":4,"enemies":"2 Louse","floor":1,"turns":3},{"damage":2,"enemies":"Cultist","floor":2,"turns":4},{"damage":13,"enemies":"Jaw Worm","floor":3,"turns":7},{"damage":20,"enemies":"Exordium Thugs","floor":4,"turns":5},{"damage":43,"enemies":"3 Sentries","floor":7,"turns":12},{"damage":13,"enemies":"Blue Slaver","floor":10,"turns":4},{"damage":3,"enemies":"2 Fungi Beasts","floor":11,"turns":4},{"damage":0,"enemies":"Large Slime","floor":12,"turns":6},{"damage":6,"enemies":"Looter","floor":14,"turns":3},{"damage":21,"enemies":"Hexaghost","floor":16,"turns":9},{"damage":41,"enemies":"3 Byrds","floor":18,"turns":11},{"damage":19,"enemies":"Spheric Guardian","floor":22,"turns":5},{"damage":60,"enemies":"Book of Stabbing","floor":24,"turns":6}],"seed_played":"6553233588167179125","potions_obtained":[{"floor":2,"key":"GamblersBrew"},{"floor":3,"key":"Poison Potion"},{"floor":11,"key":"Ancient Potion"},{"floor":14,"key":"Fire Potion"},{"floor":16,"key":"Weak Potion"},{"floor":19,"key":"Energy Potion"},{"floor":19,"key":"EntropicBrew"}],"is_trial":false,"path_per_floor":["M","M","M","M","?","R","E","R","T","M","M","M","$","M","R","B",null,"M","?","$","?","M","R","E"],"character_chosen":"IRONCLAD","items_purchased":["SkillPotion","Enlightenment","Pummel"],"campfire_rested":2,"item_purchase_floors":[13,20,20],"current_hp_per_floor":[70,74,67,53,53,53,16,16,16,9,12,18,18,18,40,25,63,37,37,37,37,24,46,0],"gold":43,"neow_bonus":"RANDOM_COLORLESS","is_prod":false,"is_daily":false,"chose_seed":false,"campfire_upgraded":2,"win_rate":0,"timestamp":1560521016,"path_taken":["M","M","M","M","?","R","E","R","T","M","?","M","?","M","R","BOSS","M","?","?","?","M","R","E"],"build_version":"2019-01-23","purchased_purges":1,"victory":false,"max_hp_per_floor":[75,75,75,75,75,75,75,75,75,75,75,75,75,75,75,75,75,75,75,75,75,75,75,75],"card_choices":[{"not_picked":["Infernal Blade","Body Slam","Warcry"],"picked":"SKIP","floor":1},{"not_picked":["Clothesline","Power Through"],"picked":"Armaments","floor":2},{"not_picked":["Shrug It Off","Fire Breathing"],"picked":"Twin Strike","floor":3},{"not_picked":["Body Slam","Pommel Strike","Fire Breathing"],"picked":"SKIP","floor":4},{"not_picked":["Berserk","Bloodletting"],"picked":"Searing Blow","floor":7},{"not_picked":["Fire Breathing","Cleave"],"picked":"Iron Wave","floor":10},{"not_picked":["Pommel Strike","Corruption"],"picked":"Inflame","floor":11},{"not_picked":["Clash","Burning Pact"],"picked":"Clothesline","floor":12},{"not_picked":["True Grit","Sword Boomerang","Wild Strike"],"picked":"SKIP","floor":14},{"not_picked":["Immolate","Double Tap"],"picked":"Reaper","floor":16},{"not_picked":["Corruption","Twin Strike","True Grit"],"picked":"SKIP","floor":18},{"not_picked":["Corruption","Iron Wave"],"picked":"Seeing Red","floor":22}],"player_experience":1034815,"relics_obtained":[{"floor":7,"key":"Dodecahedron"},{"floor":9,"key":"War Paint"}],"event_choices":[{"damage_healed":0,"gold_gain":0,"player_choice":"Upgraded","damage_taken":0,"max_hp_gain":0,"max_hp_loss":0,"event_name":"Upgrade Shrine","floor":5,"gold_loss":0,"cards_upgraded":["Armaments"]},{"damage_healed":0,"gold_gain":0,"player_choice":"Got Potions","damage_taken":0,"max_hp_gain":0,"max_hp_loss":0,"event_name":"Lab","floor":19,"gold_loss":0},{"damage_healed":0,"gold_gain":0,"player_choice":"Opened","damage_taken":0,"relics_obtained":["Boot"],"max_hp_gain":0,"max_hp_loss":0,"event_name":"The Mausoleum","floor":21,"gold_loss":0,"cards_obtained":["Writhe"]}],"is_beta":false,"boss_relics":[{"not_picked":["Pandora\u0027s Box","Sozu"],"picked":"Astrolabe"}],"items_purged_floors":[13],"is_endless":false,"potions_floor_spawned":[2,3,11,14,16,22],"killed_by":"Book of Stabbing","ascension_level":18}