{"gold_per_floor":[115,140,140,155,18,51,51,80,127,191,30,49,49,80,80,151,151,166,166,166,176,190,190,218,218,218,230,255,272,272,282,282,356,356,376,123,13,30,30,30,45,75,75,92,124,124,152,163,163,163,163,163,163,17,47,47],"floor_reached":56,"playtime":4337,"items_purged":["Strike_B","Strike_B+1"],"score":2636,"play_id":"6dfdbf9b-6030-4335-a57b-75b12d1b94f1","local_time":"20190207220624","is_ascension_mode":true,"campfire_choices":[{"data":"1","floor":7,"key":"LIFT"},{"data":"Defragment","floor":13,"key":"SMITH"},{"data":"Biased Cognition","floor":15,"key":"SMITH"},{"data":"Buffer","floor":23,"key":"SMITH"},{"floor":25,"key":"REST"},{"data":"Capacitor","floor":30,"key":"SMITH"},{"data":"Reinforced Body","floor":32,"key":"SMITH"},{"data":"Buffer","floor":40,"key":"SMITH"},{"floor":49,"key":"RECALL"},{"data":"Coolheaded","floor":53,"key":"SMITH"}],"neow_cost":"NONE","seed_source_timestamp":31567258269629,"circlet_count":0,"master_deck":["AscendersBane","Strike_B+1","Defend_B+1","Defend_B+1","Defend_B+1","Defend_B+1","Zap+1","Dualcast","Rebound+1","Defragment+1","Doom and Gloom+1","Echo Form","Undo","Hologram","Biased Cognition+1","Ghostly","Ghostly+1","Ghostly","Buffer+1","Glacier","Reinforced Body+1","Capacitor+1","Buffer+1","Coolheaded+1","Steam Power+1","Coolheaded+1","Glacier","Secret Technique","Loop"],"relics":["Cracked Core","NeowsBlessing","Lantern","Girya","Orichalcum","Pantograph","DataDisk","Sozu","The Courier","Incense Burner","Blood Vial","Black Star","Chemical X","Smiling Mask","Calipers","Mummified Hand","Whetstone","Dream Catcher","Letter Opener","Ice Cream","Ginger"],"potions_floor_usage":[8,8,16,28,28],"damage_taken":[{"damage":0,"enemies":"Cultist","floor":1,"turns":1},{"damage":0,"enemies":"Jaw Worm","floor":4,"turns":1},{"damage":0,"enemies":"Gremlin Nob","floor":6,"turns":1},{"damage":8,"enemies":"3 Sentries","floor":8,"turns":4},{"damage":20,"enemies":"Gremlin Nob","floor":10,"turns":4},{"damage":0,"enemies":"2 Louse","floor":12,"turns":2},{"damage":2,"enemies":"Gremlin Nob","floor":14,"turns":3},{"damage":0,"enemies":"Slime Boss","floor":16,"turns":5},{"damage":9,"enemies":"2 Thieves","floor":18,"turns":4},{"damage":0,"enemies":"Spheric Guardian","floor":21,"turns":4},{"damage":0,"enemies":"Shelled Parasite and Fungi","floor":22,"turns":6},{"damage":21,"enemies":"Slavers","floor":24,"turns":7},{"damage":0,"enemies":"Snecko","floor":27,"turns":5},{"damage":0,"enemies":"Gremlin Leader","floor":28,"turns":7},{"damage":0,"enemies":"Centurion and Healer","floor":29,"turns":6},{"damage":0,"enemies":"Shelled Parasite and Fungi","floor":31,"turns":5},{"damage":0,"enemies":"Automaton","floor":33,"turns":9},{"damage":0,"enemies":"3 Darklings","floor":35,"turns":7},{"damage":0,"enemies":"Orb Walker","floor":38,"turns":6},{"damage":0,"enemies":"Spire Growth","floor":41,"turns":6},{"damage":0,"enemies":"Giant Head","floor":42,"turns":10},{"damage":0,"enemies":"Transient","floor":44,"turns":6},{"damage":8,"enemies":"Nemesis","floor":45,"turns":11},{"damage":0,"enemies":"Reptomancer","floor":47,"turns":6},{"damage":5,"enemies":"3 Darklings","floor":48,"turns":5},{"damage":0,"enemies":"Time Eater","floor":50,"turns":14},{"damage":0,"enemies":"Awakened One","floor":51,"turns":27},{"damage":0,"enemies":"Shield and Spear","floor":55,"turns":12},{"damage":6,"enemies":"The Heart","floor":56,"turns":11}],"seed_played":"2377757604040131512","potions_obtained":[{"floor":4,"key":"Swift Potion"},{"floor":6,"key":"EssenceOfSteel"},{"floor":10,"key":"Fire Potion"},{"floor":16,"key":"EntropicBrew"}],"is_trial":false,"path_per_floor":["M","T","?","M","$","E","R","E","T","?","$","M","R","E","R","B",null,"M","?","?","M","M","R","E","R","T","M","E","M","R","M","R","B",null,"M","$","?","M","$","R","M","E","T","M","E","?","E","M","R","B","B",null,"R","$","E","B"],"character_chosen":"DEFECT","items_purchased":["Doom and Gloom","SteroidPotion","LiquidBronze","Chemical X","Secret Technique"],"campfire_rested":1,"item_purchase_floors":[5,5,11,36,54],"current_hp_per_floor":[64,64,64,64,64,64,64,56,56,36,36,36,36,34,34,59,68,59,59,35,35,35,35,14,24,24,24,24,26,26,28,28,35,35,35,35,35,35,35,35,35,35,35,35,27,27,29,26,26,35,35,35,35,35,35,29],"gold":47,"neow_bonus":"THREE_ENEMY_KILL","is_prod":false,"is_daily":false,"chose_seed":false,"campfire_upgraded":7,"win_rate":0,"timestamp":1549573584,"path_taken":["M","?","?","M","$","E","R","E","T","?","?","?","R","E","R","BOSS","M","?","?","M","M","R","E","R","T","M","E","M","R","M","R","BOSS","M","$","?","M","?","R","M","E","T","?","E","?","E","M","R","BOSS","BOSS","R","$","E","BOSS"],"build_version":"2019-01-23","purchased_purges":2,"victory":false,"max_hp_per_floor":[71,71,71,71,71,71,71,71,71,71,71,71,71,71,71,71,71,71,71,35,35,35,35,35,35,35,35,35,35,35,35,35,35,35,35,35,35,35,35,35,35,35,35,35,35,35,35,35,35,35,35,35,35,35,35,35],"card_choices":[{"not_picked":["BootSequence","Stack"],"picked":"Rebound","floor":1},{"not_picked":["Barrage","Cold Snap"],"picked":"Defragment","floor":4},{"not_picked":["Aggregate","BootSequence","Steam"],"picked":"SKIP","floor":6},{"not_picked":["Aggregate","BootSequence","Steam"],"picked":"SKIP","floor":6},{"not_picked":["Aggregate","BootSequence","Steam"],"picked":"SKIP","floor":6},{"not_picked":["Beam Cell","Melter"],"picked":"Echo Form","floor":8},{"not_picked":["Streamline","Compile Driver"],"picked":"Undo","floor":10},{"not_picked":["Stack","Rebound"],"picked":"Hologram","floor":12},{"not_picked":["Streamline","Fusion"],"picked":"Biased Cognition","floor":14},{"not_picked":["Stack","Gash+1","Redo"],"picked":"SKIP","floor":18},{"not_picked":["Ball Lightning+1","Compile Driver"],"picked":"Buffer","floor":21},{"not_picked":["Conserve Battery","Leap"],"picked":"Glacier","floor":22},{"not_picked":["Tempest","Gash"],"picked":"Reinforced Body","floor":24},{"not_picked":["Fusion","Beam Cell+1","Steam"],"picked":"SKIP","floor":27},{"not_picked":["Barrage","Heatsinks"],"picked":"Capacitor","floor":28},{"not_picked":["Barrage","Conserve Battery+1","Cold Snap"],"picked":"SKIP","floor":29},{"not_picked":["Machine Learning","Turbo","Chaos"],"picked":"SKIP","floor":31},{"not_picked":["Machine Learning","Turbo","Chaos"],"picked":"SKIP","floor":31},{"not_picked":["Amplify","Electrodynamics"],"picked":"Buffer","floor":33},{"not_picked":["FTL","Streamline","Conserve Battery+1"],"picked":"SKIP","floor":35},{"not_picked":["Conserve Battery","Double Energy"],"picked":"Coolheaded+1","floor":38},{"not_picked":["Streamline+1","Chill"],"picked":"Steam Power+1","floor":41},{"not_picked":["Aggregate+1","Steam Power"],"picked":"Coolheaded","floor":42},{"not_picked":["Streamline","Melter","Cold Snap"],"picked":"SKIP","floor":44},{"not_picked":["All For One","Conserve Battery","Loop"],"picked":"SKIP","floor":45},{"not_picked":["Rebound","Sweeping Beam+1"],"picked":"Glacier","floor":47},{"not_picked":["Stack","Melter","Cold Snap"],"picked":"SKIP","floor":48},{"not_picked":["Hyperbeam","Lockon"],"picked":"Loop","floor":55}],"player_experience":919564,"relics_obtained":[{"floor":2,"key":"Lantern"},{"floor":6,"key":"Girya"},{"floor":9,"key":"Orichalcum"},{"floor":10,"key":"Pantograph"},{"floor":14,"key":"DataDisk"},{"floor":24,"key":"The Courier"},{"floor":26,"key":"Incense Burner"},{"floor":28,"key":"Blood Vial"},{"floor":42,"key":"Smiling Mask"},{"floor":42,"key":"Calipers"},{"floor":45,"key":"Mummified Hand"},{"floor":45,"key":"Whetstone"},{"floor":47,"key":"Dream Catcher"},{"floor":47,"key":"Letter Opener"},{"floor":55,"key":"Ice Cream"},{"floor":55,"key":"Ginger"}],"event_choices":[{"damage_healed":0,"gold_gain":0,"player_choice":"Grow","damage_taken":0,"max_hp_gain":0,"max_hp_loss":0,"event_name":"Living Wall","floor":3,"gold_loss":0,"cards_upgraded":["Zap"]},{"damage_healed":0,"gold_gain":30,"player_choice":"Searched \u00272\u0027 times","damage_taken":0,"max_hp_gain":0,"max_hp_loss":0,"event_name":"Dead Adventurer","floor":10,"gold_loss":0},{"damage_healed":0,"gold_gain":0,"player_choice":"Simplicity","damage_taken":0,"max_hp_gain":0,"max_hp_loss":0,"event_name":"Back to Basics","floor":19,"gold_loss":0,"cards_upgraded":["Strike_B","Strike_B","Strike_B","Defend_B","Defend_B","Defend_B","Defend_B"]},{"damage_healed":0,"gold_gain":0,"player_choice":"Became a Ghost","damage_taken":0,"max_hp_gain":0,"max_hp_loss":36,"event_name":"Ghosts","floor":20,"gold_loss":0,"cards_obtained":["Ghostly","Ghostly","Ghostly"]},{"cards_removed":["Strike_B"],"damage_healed":0,"gold_gain":0,"player_choice":"Upgrade and Remove","damage_taken":0,"max_hp_gain":0,"max_hp_loss":0,"event_name":"Designer","floor":37,"gold_loss":110,"cards_upgraded":["Ghostly"]},{"damage_healed":0,"gold_gain":0,"player_choice":"Ignored","damage_taken":0,"max_hp_gain":0,"max_hp_loss":0,"event_name":"Tomb of Lord Red Mask","floor":46,"gold_loss":0}],"is_beta":false,"boss_relics":[{"not_picked":["Coffee Dripper","Lizard Tail"],"picked":"Sozu"},{"not_picked":["Runic Dome","Calling Bell"],"picked":"Black Star"}],"items_purged_floors":[11,36],"is_endless":false,"potions_floor_spawned":[4,6,10,16,21,22,24,35,38,41,45],"killed_by":"The Heart","ascension_level":20}