{"gold_per_floor":[118,138,153,153,172,172,202,202,202,237,88,123,23,23,23,124,124,138,148,166,176,23,23],"floor_reached":23,"playtime":1166,"items_purged":["Strike_B","Strike_B"],"score":248,"play_id":"3068a271-914a-4fe4-b43a-264d2c082b9c","local_time":"20181207140224","is_ascension_mode":true,"campfire_choices":[{"floor":6,"key":"REST"},{"data":"Genetic Algorithm","floor":8,"key":"SMITH"},{"floor":15,"key":"REST"}],"neow_cost":"NONE","seed_source_timestamp":696004256854502,"circlet_count":0,"master_deck":["Strike_B+1","Defend_B","Defend_B","Defend_B","Defend_B+1","Zap","Dualcast","Ball Lightning","Ball Lightning","Genetic Algorithm+1","Reboot","Creative AI","White Noise","Lockon","BootSequence+1"],"relics":["Cracked Core","Bottled Flame","Mercury Hourglass","Mummified Hand","Dodecahedron","Runic Pyramid"],"potions_floor_usage":[7,18,20,23,23],"damage_taken":[{"damage":15,"enemies":"Jaw Worm","floor":1,"turns":4},{"damage":0,"enemies":"Cultist","floor":2,"turns":3},{"damage":0,"enemies":"Small Slimes","floor":3,"turns":2},{"damage":2,"enemies":"Looter","floor":5,"turns":2},{"damage":13,"enemies":"3 Sentries","floor":7,"turns":6},{"damage":18,"enemies":"Lagavulin","floor":10,"turns":4},{"damage":0,"enemies":"Gremlin Nob","floor":12,"turns":3},{"damage":30,"enemies":"Slime Boss","floor":16,"turns":6},{"damage":5,"enemies":"Chosen","floor":18,"turns":2},{"damage":20,"enemies":"Spheric Guardian","floor":19,"turns":4},{"damage":14,"enemies":"Snake Plant","floor":20,"turns":4},{"damage":34,"enemies":"Shelled Parasite and Fungi","floor":21,"turns":6},{"damage":6,"enemies":"Book of Stabbing","floor":23,"turns":4}],"seed_played":"-4652015696556351851","potions_obtained":[{"floor":2,"key":"SkillPotion"},{"floor":16,"key":"AttackPotion"},{"floor":18,"key":"SkillPotion"},{"floor":20,"key":"SteroidPotion"}],"is_trial":false,"path_per_floor":["M","M","M","?","M","R","E","R","T","E","$","E","$","?","R","B",null,"M","M","M","M","$","E"],"character_chosen":"DEFECT","items_purchased":["White Noise","EssenceOfSteel","EssenceOfSteel"],"campfire_rested":2,"item_purchase_floors":[11,22,22],"current_hp_per_floor":[60,60,60,45,43,65,52,52,52,34,34,34,34,34,56,26,75,70,50,36,2,2,0],"gold":23,"neow_bonus":"REMOVE_CARD","is_prod":false,"is_daily":false,"chose_seed":false,"campfire_upgraded":1,"win_rate":0,"timestamp":1544205744,"path_taken":["M","M","M","?","M","R","E","R","T","E","$","E","$","?","R","BOSS","M","M","M","M","$","E"],"build_version":"2018-12-06","purchased_purges":2,"victory":false,"max_hp_per_floor":[75,75,75,75,75,75,75,75,75,75,75,75,75,75,75,75,75,75,75,75,75,75,75],"card_choices":[{"not_picked":["Conserve Battery","Beam Cell"],"picked":"Ball Lightning","floor":1},{"not_picked":["Streamline","Hologram","Stack"],"picked":"SKIP","floor":2},{"not_picked":["Chill","Turbo"],"picked":"Ball Lightning","floor":3},{"not_picked":["Rebound","Sweeping Beam"],"picked":"Genetic Algorithm","floor":5},{"not_picked":["Streamline","Rebound"],"picked":"Reboot","floor":7},{"not_picked":["Hologram","Coolheaded"],"picked":"Creative AI","floor":10},{"not_picked":["Steam Power","Rebound","Streamline"],"picked":"SKIP","floor":12},{"not_picked":["Sweeping Beam","Genetic Algorithm","Turbo"],"picked":"SKIP","floor":18},{"not_picked":["Lockon","Go for the Eyes","Gash"],"picked":"SKIP","floor":19},{"not_picked":["Go for the Eyes","Gash"],"picked":"Lockon","floor":19},{"not_picked":["Steam+1","Blizzard"],"picked":"BootSequence+1","floor":20},{"not_picked":["Fusion+1","Rebound","Darkness+1"],"picked":"SKIP","floor":21}],"player_experience":370276,"relics_obtained":[{"floor":7,"key":"Bottled Flame"},{"floor":9,"key":"Mercury Hourglass"},{"floor":10,"key":"Mummified Hand"},{"floor":12,"key":"Dodecahedron"}],"event_choices":[{"damage_healed":0,"gold_gain":0,"player_choice":"Entered Light","damage_taken":15,"max_hp_gain":0,"max_hp_loss":0,"event_name":"Shining Light","floor":4,"gold_loss":0,"cards_upgraded":["Defend_B","Strike_B"]},{"damage_healed":0,"gold_gain":0,"player_choice":"Ignored","damage_taken":0,"max_hp_gain":0,"max_hp_loss":0,"event_name":"Golden Idol","floor":14,"gold_loss":0}],"is_beta":false,"boss_relics":[{"not_picked":["Snecko Eye","Velvet Choker"],"picked":"Runic Pyramid"}],"items_purged_floors":[11,13],"is_endless":false,"potions_floor_spawned":[2,16,18,20],"killed_by":"Book of Stabbing","ascension_level":1}