{"path_per_floor":["M","M","?","M","?","R","M","M","T","M","?","M","M","E","R","B",null,"M","?","T","M","$","R"],"character_chosen":"IRONCLAD","items_purchased":["Flex","Lantern","Ginger"],"gold_per_floor":[113,131,131,149,149,149,169,188,212,227,287,298,314,346,346,445,445,458,458,504,524,38,38,38],"floor_reached":24,"campfire_rested":3,"playtime":1023,"current_hp_per_floor":[40,35,19,25,25,49,53,55,55,47,47,56,56,60,90,91,102,51,51,51,43,43,74,0],"items_purged":[],"gold":38,"score":255,"play_id":"805c28ff-2b4f-41ef-a6a3-cd2663ef95e2","local_time":"20180412081714","is_prod":false,"is_daily":false,"is_ascension_mode":true,"campfire_upgraded":0,"timestamp":1523531834,"path_taken":["M","M","?","M","?","R","M","M","T","?","?","M","M","E","R","BOSS","M","?","?","M","$","R","E"],"build_version":"2018-04-05v2","purchased_purges":0,"victory":false,"master_deck":["Strike_R+1","Strike_R","Strike_R+1","Strike_R","Defend_R","Defend_R","Defend_R","Bash","Spot Weakness","Twin Strike","Feed","Purity","Inflame","Shrug It Off","Clash+1","Flex"],"max_hp_per_floor":[80,80,80,80,80,80,83,86,86,86,86,89,92,102,102,102,102,105,105,105,105,105,105,105],"relics":["Burning Blood","Oddly Smooth Stone","Strawberry","Black Star","Ancient Tea Set","Lantern","Ginger"],"card_choices":[{"not_picked":["Headbutt","Anger"],"picked":"Spot Weakness","floor":1},{"not_picked":["Bloodletting","Entrench"],"picked":"Twin Strike","floor":2},{"not_picked":["Warcry","Blood for Blood"],"picked":"Inflame","floor":10},{"not_picked":["Iron Wave","Bloodletting"],"picked":"Shrug It Off","floor":13},{"not_picked":["Corruption","Entrench"],"picked":"Clash","floor":18}],"player_experience":257932,"potions_floor_usage":[7,13,16,16,16],"damage_taken":[{"damage":6,"enemies":"Cultist","floor":1,"turns":3},{"damage":11,"enemies":"Jaw Worm","floor":2,"turns":4},{"damage":0,"enemies":"2 Louse","floor":4,"turns":2},{"damage":5,"enemies":"Lots of Slimes","floor":7,"turns":4},{"damage":7,"enemies":"3 Louse","floor":8,"turns":3},{"damage":14,"enemies":"Red Slaver","floor":10,"turns":2},{"damage":0,"enemies":"2 Fungi Beasts","floor":12,"turns":2},{"damage":9,"enemies":"Exordium Thugs","floor":13,"turns":4},{"damage":12,"enemies":"3 Sentries","floor":14,"turns":8},{"damage":5,"enemies":"Slime Boss","floor":16,"turns":9},{"damage":60,"enemies":"3 Byrds","floor":18,"turns":7},{"damage":14,"enemies":"Shell Parasite","floor":21,"turns":4},{"damage":79,"enemies":"Book of Stabbing","floor":24,"turns":5}],"event_choices":[{"event_name":"Shining Light","player_choice":"Entered Light","floor":3,"damage_taken":0},{"event_name":"Match and Keep!","player_choice":"2 cards matched","floor":5,"damage_taken":0},{"event_name":"Golden Wing","player_choice":"Gained Gold","floor":11,"damage_taken":0},{"event_name":"Cursed Tome","player_choice":"Ignored","floor":19,"damage_taken":0}],"boss_relics":[{"not_picked":["Snecko Eye","Calling Bell"],"picked":"Black Star"}],"potions_floor_spawned":[1,4,10,12,13],"seed_played":"-7256826480359128349","killed_by":"Book of Stabbing","ascension_level":3,"is_trial":false}