{"gold_per_floor":[116,66,66,92,92,126,51,51,51,78,78,78,178,219,219,317,317,332,247,247,247,247,282,282,325,325,146,146,65,100,115,115,211,274,297,310,331,349,30,64,64,107,107,107,440,440,540,28,28,28],"floor_reached":51,"playtime":2189,"items_purged":["Defend_R","Strike_R+1"],"score":1369,"play_id":"3c2ac5ad-c180-4e6c-b9be-470f03b42655","local_time":"20190508143815","is_ascension_mode":true,"campfire_choices":[{"data":"Bash","floor":8,"key":"SMITH"},{"data":"Cleave","floor":11,"key":"SMITH"},{"floor":15,"key":"REST"},{"floor":24,"key":"REST"},{"data":"Shockwave","floor":32,"key":"SMITH"},{"floor":41,"key":"REST"},{"floor":44,"key":"REST"},{"data":"Warcry","floor":46,"key":"SMITH"},{"data":"Double Tap","floor":49,"key":"SMITH"}],"neow_cost":"NONE","seed_source_timestamp":1726192534336624,"circlet_count":0,"master_deck":["AscendersBane","Strike_R+1","Strike_R+1","Defend_R+1","Defend_R+1","Defend_R+1","Bash+1","Rage+1","Cleave+1","Dropkick+1","Double Tap+1","Shockwave+1","Heavy Blade","Dropkick","Warcry+1","Ghostly Armor","Sword Boomerang+1","Ghostly Armor","Rampage","Clothesline","Blood for Blood"],"relics":["Burning Blood","NeowsBlessing","Red Skull","Juzu Bracelet","Dodecahedron","Bag of Preparation","Pantograph","Paper Frog","Busted Crown","Strawberry","Prayer Wheel","Blue Candle","Meat on the Bone","Art of War","Blood Vial","Tiny House","Oddly Smooth Stone","FossilizedHelix","Bag of Marbles","Bottled Lightning","Turnip","Vajra","Letter Opener"],"potions_floor_usage":[14,23,25,30,40,42,47,50,50],"damage_taken":[{"damage":0,"enemies":"Small Slimes","floor":1,"turns":1},{"damage":0,"enemies":"Lagavulin","floor":6,"turns":1},{"damage":0,"enemies":"3 Sentries","floor":10,"turns":1},{"damage":16,"enemies":"Gremlin Nob","floor":14,"turns":3},{"damage":52,"enemies":"The Guardian","floor":16,"turns":11},{"damage":7,"enemies":"Shell Parasite","floor":18,"turns":3},{"damage":58,"enemies":"Gremlin Leader","floor":23,"turns":5},{"damage":44,"enemies":"Book of Stabbing","floor":25,"turns":5},{"damage":14,"enemies":"Slavers","floor":30,"turns":4},{"damage":0,"enemies":"3 Byrds","floor":31,"turns":4},{"damage":69,"enemies":"Champ","floor":33,"turns":9},{"damage":0,"enemies":"Orb Walker","floor":35,"turns":3},{"damage":23,"enemies":"3 Shapes","floor":36,"turns":5},{"damage":10,"enemies":"3 Darklings","floor":37,"turns":4},{"damage":5,"enemies":"Maw","floor":38,"turns":7},{"damage":44,"enemies":"Reptomancer","floor":40,"turns":7},{"damage":60,"enemies":"Nemesis","floor":42,"turns":9},{"damage":6,"enemies":"Mind Bloom Boss Battle","floor":47,"turns":5},{"damage":79,"enemies":"Awakened One","floor":50,"turns":13}],"seed_played":"7153073489165620927","potions_obtained":[{"floor":6,"key":"Strength Potion"},{"floor":14,"key":"PowerPotion"},{"floor":23,"key":"Regen Potion"},{"floor":25,"key":"LiquidBronze"},{"floor":30,"key":"BloodPotion"},{"floor":34,"key":"Ancient Potion"},{"floor":37,"key":"Block Potion"},{"floor":42,"key":"Dexterity Potion"},{"floor":47,"key":"Fire Potion"}],"is_trial":false,"path_per_floor":["M","?","?","T","?","E","$","R","T","E","R","?","?","E","R","B",null,"M","?","?","?","?","E","R","E","T","$","?","$","E","M","R","B",null,"M","M","M","M","$","E","R","E","T","R","?","R","?","$","R","B",null],"character_chosen":"IRONCLAD","items_purchased":["Heavy Blade","Art of War","Dropkick","Oddly Smooth Stone","Rampage","Vajra","Letter Opener","Blood for Blood","Energy Potion"],"campfire_rested":4,"item_purchase_floors":[27,27,29,39,39,48,48,48,48],"current_hp_per_floor":[78,78,66,66,50,56,56,56,56,62,62,42,42,32,56,34,69,68,75,75,75,75,23,49,25,25,25,54,54,58,66,66,36,79,87,72,70,73,73,49,76,45,45,72,72,72,92,92,92,31],"gold":28,"neow_bonus":"THREE_ENEMY_KILL","is_prod":false,"is_daily":false,"chose_seed":false,"campfire_upgraded":5,"win_rate":0,"timestamp":1557337095,"path_taken":["M","?","?","?","?","E","?","R","T","E","R","?","?","E","R","BOSS","M","?","?","?","?","E","R","E","T","$","?","?","E","M","R","BOSS","M","M","M","M","$","E","R","E","T","R","?","R","?","?","R","BOSS"],"build_version":"2019-01-23","purchased_purges":2,"victory":true,"max_hp_per_floor":[80,80,80,80,80,80,80,80,80,80,80,80,80,80,80,80,80,80,87,87,87,87,87,87,87,87,87,87,87,87,87,87,87,92,92,92,92,92,92,92,92,92,92,92,92,92,92,92,92,92],"card_choices":[{"not_picked":["Perfected Strike","Shrug It Off"],"picked":"Rage","floor":1},{"not_picked":["Corruption","Thunderclap"],"picked":"Cleave","floor":6},{"not_picked":["Hemokinesis","Thunderclap","Combust"],"picked":"SKIP","floor":10},{"not_picked":["Inflame","Pummel"],"picked":"Dropkick","floor":14},{"not_picked":["Reaper","Immolate"],"picked":"Double Tap","floor":16},{"not_picked":["Flex"],"picked":"SKIP","floor":18},{"not_picked":["Evolve"],"picked":"SKIP","floor":23},{"not_picked":[],"picked":"Shockwave","floor":25},{"not_picked":["Perfected Strike"],"picked":"SKIP","floor":30},{"not_picked":["Cleave"],"picked":"SKIP","floor":31},{"not_picked":["True Grit"],"picked":"SKIP","floor":31},{"not_picked":[],"picked":"Warcry","floor":34},{"not_picked":[],"picked":"Ghostly Armor","floor":35},{"not_picked":["Thunderclap+1"],"picked":"SKIP","floor":35},{"not_picked":[],"picked":"Sword Boomerang+1","floor":36},{"not_picked":["Dual Wield"],"picked":"SKIP","floor":36},{"not_picked":[],"picked":"Ghostly Armor","floor":37},{"not_picked":["Double Tap"],"picked":"SKIP","floor":37},{"not_picked":["Havoc"],"picked":"SKIP","floor":38},{"not_picked":["Burning Pact"],"picked":"SKIP","floor":38},{"not_picked":[],"picked":"Clothesline","floor":40},{"not_picked":["Entrench"],"picked":"SKIP","floor":42}],"player_experience":712341,"relics_obtained":[{"floor":4,"key":"Juzu Bracelet"},{"floor":6,"key":"Dodecahedron"},{"floor":9,"key":"Bag of Preparation"},{"floor":10,"key":"Pantograph"},{"floor":14,"key":"Paper Frog"},{"floor":23,"key":"Prayer Wheel"},{"floor":25,"key":"Blue Candle"},{"floor":26,"key":"Meat on the Bone"},{"floor":30,"key":"Blood Vial"},{"floor":40,"key":"FossilizedHelix"},{"floor":42,"key":"Bag of Marbles"},{"floor":43,"key":"Bottled Lightning"},{"floor":47,"key":"Turnip"}],"event_choices":[{"cards_removed":["Strike_R"],"damage_healed":0,"gold_gain":0,"player_choice":"Card Removal","damage_taken":0,"max_hp_gain":0,"max_hp_loss":0,"event_name":"The Cleric","floor":2,"gold_loss":50},{"damage_healed":0,"gold_gain":0,"player_choice":"Success","damage_taken":12,"relics_obtained":["Red Skull"],"max_hp_gain":0,"max_hp_loss":0,"event_name":"Scrap Ooze","floor":3,"gold_loss":0},{"damage_healed":0,"gold_gain":0,"player_choice":"Entered Light","damage_taken":16,"max_hp_gain":0,"max_hp_loss":0,"event_name":"Shining Light","floor":5,"gold_loss":0,"cards_upgraded":["Strike_R","Rage"]},{"damage_healed":0,"gold_gain":0,"player_choice":"Take Damage","damage_taken":20,"relics_obtained":["Golden Idol"],"max_hp_gain":0,"max_hp_loss":0,"event_name":"Golden Idol","floor":12,"gold_loss":0},{"damage_healed":0,"gold_gain":100,"player_choice":"Pray","damage_taken":0,"max_hp_gain":0,"max_hp_loss":0,"event_name":"Golden Shrine","floor":13,"gold_loss":0},{"damage_healed":0,"gold_gain":0,"player_choice":"Obtained Relic","damage_taken":0,"relics_obtained":["Strawberry"],"max_hp_gain":0,"max_hp_loss":0,"event_name":"Addict","floor":19,"gold_loss":85},{"cards_removed":["Strike_R"],"damage_healed":0,"gold_gain":0,"player_choice":"Offered Basic","damage_taken":0,"max_hp_gain":0,"max_hp_loss":0,"event_name":"Bonfire Elementals","floor":20,"gold_loss":0},{"damage_healed":0,"gold_gain":0,"player_choice":"Simplicity","damage_taken":0,"max_hp_gain":0,"max_hp_loss":0,"event_name":"Back to Basics","floor":21,"gold_loss":0,"cards_upgraded":["Strike_R","Strike_R","Defend_R","Defend_R","Defend_R"]},{"damage_healed":0,"gold_gain":0,"player_choice":"Ignored","damage_taken":0,"max_hp_gain":0,"max_hp_loss":0,"event_name":"Vampires","floor":22,"gold_loss":0},{"damage_healed":29,"gold_gain":0,"player_choice":"Heal","damage_taken":0,"max_hp_gain":0,"max_hp_loss":0,"event_name":"The Library","floor":28,"gold_loss":0},{"damage_healed":0,"gold_gain":333,"player_choice":"Gave Idol","damage_taken":0,"max_hp_gain":0,"max_hp_loss":0,"event_name":"The Moai Head","floor":45,"relics_lost":["Golden Idol"],"gold_loss":0},{"damage_healed":0,"gold_gain":0,"player_choice":"Fight","damage_taken":0,"max_hp_gain":0,"max_hp_loss":0,"event_name":"MindBloom","floor":47,"gold_loss":0}],"is_beta":false,"boss_relics":[{"not_picked":["Runic Pyramid","Coffee Dripper"],"picked":"Busted Crown"},{"not_picked":["White Beast Statue","Snecko Eye"],"picked":"Tiny House"}],"items_purged_floors":[7,39],"is_endless":false,"potions_floor_spawned":[6,14,23,25,30,37,42,47],"ascension_level":13}