{"gold_per_floor":[112,42,54,54,4,36,48,78,166,178,225,250,288,300,312,401,413,436,459,155,70,70,95,95,95],"floor_reached":25,"playtime":1147,"items_purged":["Strike_R"],"score":470,"play_id":"15c75825-ced7-453d-a519-e05fffaa9049","local_time":"20190509111915","is_ascension_mode":true,"campfire_choices":[{"data":"Body Slam","floor":7,"key":"SMITH"},{"data":"Rupture","floor":10,"key":"SMITH"},{"floor":15,"key":"REST"},{"data":"Rage","floor":24,"key":"SMITH"}],"neow_cost":"NONE","seed_source_timestamp":1801710342833496,"circlet_count":0,"master_deck":["AscendersBane","Strike_R","Strike_R","Strike_R","Strike_R","Defend_R","Defend_R","Defend_R","Bash","Rage+1","Disarm","Body Slam+1","Combust","Rupture+1","Heavy Blade","Whirlwind","Anger","Barricade","Ghostly Armor","Anger","Flash of Steel","Ghostly","Ghostly","Ghostly","Ghostly","Ghostly","Disarm"],"relics":["Burning Blood","NeowsBlessing","MawBank","Bottled Flame","Bottled Tornado","Bronze Scales","Vajra","Coffee Dripper","Orichalcum","Darkstone Periapt","Self Forming Clay"],"potions_floor_usage":[8,11],"damage_taken":[{"damage":0,"enemies":"Cultist","floor":1,"turns":1},{"damage":0,"enemies":"Small Slimes","floor":3,"turns":1},{"damage":0,"enemies":"Lagavulin","floor":6,"turns":1},{"damage":0,"enemies":"Jaw Worm","floor":8,"turns":5},{"damage":29,"enemies":"3 Sentries","floor":11,"turns":6},{"damage":12,"enemies":"Looter","floor":12,"turns":4},{"damage":25,"enemies":"Lagavulin","floor":13,"turns":7},{"damage":36,"enemies":"Slime Boss","floor":16,"turns":7},{"damage":22,"enemies":"Spheric Guardian","floor":18,"turns":4},{"damage":20,"enemies":"Chosen","floor":19,"turns":5},{"damage":26,"enemies":"Slavers","floor":23,"turns":4},{"damage":13,"enemies":"Centurion and Healer","floor":25,"turns":7}],"seed_played":"-6699469104169031109","potions_obtained":[{"floor":6,"key":"Swift Potion"},{"floor":8,"key":"AttackPotion"},{"floor":13,"key":"Energy Potion"}],"is_trial":false,"path_per_floor":["M","$","M","$","?","E","R","M","T","R","E","M","E","?","R","B",null,"M","M","$","?","?","E","R","M"],"character_chosen":"IRONCLAD","items_purchased":["Disarm","Flash of Steel","Orichalcum"],"campfire_rested":1,"item_purchase_floors":[2,20,20],"current_hp_per_floor":[74,74,75,75,75,75,75,75,75,75,52,46,27,27,49,19,61,45,31,31,31,31,11,11,0],"gold":95,"neow_bonus":"THREE_ENEMY_KILL","is_prod":false,"is_daily":false,"chose_seed":false,"campfire_upgraded":3,"win_rate":0,"timestamp":1557411555,"path_taken":["M","$","M","$","?","E","R","M","T","R","E","M","E","?","R","BOSS","M","M","$","?","?","E","R","M"],"build_version":"2019-01-23","purchased_purges":1,"victory":false,"max_hp_per_floor":[75,75,75,75,75,75,75,75,75,75,75,75,75,75,75,75,75,75,75,75,75,37,37,37,37],"card_choices":[{"not_picked":["Sword Boomerang","Havoc"],"picked":"Rage","floor":1},{"not_picked":["Anger","True Grit"],"picked":"Body Slam","floor":3},{"not_picked":["Fire Breathing","Sword Boomerang"],"picked":"Combust","floor":6},{"not_picked":["Twin Strike","Thunderclap"],"picked":"Rupture","floor":8},{"not_picked":["Sentinel","Wild Strike"],"picked":"Heavy Blade","floor":11},{"not_picked":["Heavy Blade","Pommel Strike"],"picked":"Whirlwind","floor":12},{"not_picked":["Iron Wave","Infernal Blade"],"picked":"Anger","floor":13},{"not_picked":["Impervious","Immolate"],"picked":"Barricade","floor":16},{"not_picked":["Headbutt","True Grit"],"picked":"Ghostly Armor","floor":18},{"not_picked":["Blood for Blood","Clothesline"],"picked":"Anger","floor":19},{"not_picked":["Power Through+1","Twin Strike"],"picked":"Disarm","floor":23}],"player_experience":716702,"relics_obtained":[{"floor":6,"key":"MawBank"},{"floor":9,"key":"Bottled Flame"},{"floor":11,"key":"Bottled Tornado"},{"floor":13,"key":"Bronze Scales"},{"floor":23,"key":"Self Forming Clay"}],"event_choices":[{"cards_removed":["Defend_R"],"damage_healed":0,"gold_gain":0,"player_choice":"Card Removal","damage_taken":0,"max_hp_gain":0,"max_hp_loss":0,"event_name":"The Cleric","floor":5,"gold_loss":50},{"damage_healed":0,"gold_gain":0,"player_choice":"Gave Potion","damage_taken":0,"relics_obtained":["Vajra"],"max_hp_gain":0,"max_hp_loss":0,"event_name":"WeMeetAgain","floor":14,"gold_loss":0},{"damage_healed":0,"gold_gain":0,"player_choice":"Obtained Relic","damage_taken":0,"relics_obtained":["Darkstone Periapt"],"max_hp_gain":0,"max_hp_loss":0,"event_name":"Addict","floor":21,"gold_loss":85},{"damage_healed":0,"gold_gain":0,"player_choice":"Became a Ghost","damage_taken":0,"max_hp_gain":0,"max_hp_loss":38,"event_name":"Ghosts","floor":22,"gold_loss":0,"cards_obtained":["Ghostly","Ghostly","Ghostly","Ghostly","Ghostly"]}],"is_beta":false,"boss_relics":[{"not_picked":["Astrolabe","Pandora\u0027s Box"],"picked":"Coffee Dripper"}],"items_purged_floors":[20],"is_endless":false,"potions_floor_spawned":[6,8,13],"killed_by":"Centurion and Healer","ascension_level":14}