{"gold_per_floor":[112,37,54,73,73,73,105,122,122,122,22,50,60,89,89,162,162,172,183,183,183,196,223,223,223],"floor_reached":25,"playtime":1362,"items_purged":["Strike_R","Strike_R"],"score":582,"play_id":"120fd824-2adc-4f5b-9de4-76b72a9a306c","local_time":"20190328185527","is_ascension_mode":true,"campfire_choices":[{"data":"Carnage","floor":6.0,"key":"SMITH"},{"data":"Uppercut","floor":10.0,"key":"SMITH"},{"data":"Disarm","floor":15.0,"key":"SMITH"},{"floor":24.0,"key":"REST"}],"neow_cost":"NONE","seed_source_timestamp":21317185912128,"circlet_count":0,"master_deck":["AscendersBane","Bash+1","Carnage+1","Uppercut+1","Anger","Disarm+1","Corruption","Barricade","Twin Strike","Twin Strike","Searing Blow","Limit Break","Feed","Feel No Pain","Berserk","Shrug It Off","Ghostly","Ghostly","Ghostly","Armaments+1"],"special_seed":0,"relics":["Burning Blood","Torii","Incense Burner","Thread and Needle","Darkstone Periapt","Pandora\u0027s Box","Happy Flower"],"potions_floor_usage":[25],"damage_taken":[{"damage":4.0,"enemies":"Small Slimes","floor":1.0,"turns":4.0},{"damage":0.0,"enemies":"Cultist","floor":3.0,"turns":3.0},{"damage":1.0,"enemies":"2 Louse","floor":4.0,"turns":2.0},{"damage":6.0,"enemies":"Gremlin Nob","floor":7.0,"turns":3.0},{"damage":9.0,"enemies":"Blue Slaver","floor":8.0,"turns":3.0},{"damage":11.0,"enemies":"Lagavulin","floor":12.0,"turns":5.0},{"damage":1.0,"enemies":"3 Louse","floor":13.0,"turns":3.0},{"damage":9.0,"enemies":"3 Sentries","floor":14.0,"turns":7.0},{"damage":0.0,"enemies":"Slime Boss","floor":16.0,"turns":7.0},{"damage":9.0,"enemies":"Spheric Guardian","floor":18.0,"turns":4.0},{"damage":3.0,"enemies":"Chosen","floor":19.0,"turns":5.0},{"damage":0.0,"enemies":"Centurion and Healer","floor":22.0,"turns":8.0},{"damage":33.0,"enemies":"Gremlin Leader","floor":23.0,"turns":10.0},{"damage":27,"enemies":"Slavers","floor":25,"turns":3}],"seed_played":"-8310416767556458226","potions_obtained":[{"floor":1.0,"key":"Fire Potion"},{"floor":5.0,"key":"Ancient Potion"},{"floor":8.0,"key":"Block Potion"},{"floor":12.0,"key":"Dexterity Potion"},{"floor":14.0,"key":"Fire Potion"},{"floor":22.0,"key":"SteroidPotion"}],"is_trial":false,"path_per_floor":["M","$","M","M","?","R","E","M","T","R","$","E","M","E","R","B",null,"M","M","?","?","M","E","R","E"],"character_chosen":"IRONCLAD","items_purchased":[],"campfire_rested":1,"item_purchase_floors":[],"current_hp_per_floor":[70,70,75,75,75,75,75,72,72,72,72,67,72,69,69,75,75,72,75,75,37,40,13,25,0],"gold":223,"neow_bonus":"UPGRADE_CARD","is_prod":false,"is_daily":false,"chose_seed":false,"campfire_upgraded":3,"win_rate":0,"timestamp":1553795727,"path_taken":["M","$","M","M","?","R","E","M","T","R","?","E","M","E","R","BOSS","M","M","?","?","M","E","R","E"],"build_version":"2019-01-23","purchased_purges":2,"victory":false,"max_hp_per_floor":[75,75,75,75,75,75,75,75,75,75,75,75,75,75,75,75,75,75,75,75,37,40,40,40,40],"card_choices":[{"not_picked":["Armaments","Sword Boomerang"],"picked":"Carnage","floor":1.0},{"not_picked":["Dropkick","Sword Boomerang"],"picked":"Uppercut","floor":3.0},{"not_picked":["Perfected Strike","Pummel"],"picked":"Anger","floor":4.0},{"not_picked":["Twin Strike","Rampage","Headbutt"],"picked":"SKIP","floor":7.0},{"not_picked":["Heavy Blade","Berserk","Anger"],"picked":"SKIP","floor":8.0},{"not_picked":["Sever Soul","Rampage","Headbutt"],"picked":"SKIP","floor":12.0},{"not_picked":["Wild Strike","Body Slam"],"picked":"Disarm","floor":13.0},{"not_picked":["Dropkick","Dark Embrace"],"picked":"Corruption","floor":14.0},{"not_picked":["Berserk","Exhume"],"picked":"Barricade","floor":16.0},{"not_picked":["Clash","Cleave","Uppercut+1"],"picked":"SKIP","floor":18.0},{"not_picked":["Sword Boomerang","Metallicize"],"picked":"Shrug It Off","floor":19.0},{"not_picked":["Twin Strike","Reckless Charge","Brutality"],"picked":"SKIP","floor":22.0},{"not_picked":["Pommel Strike","Sever Soul"],"picked":"Armaments+1","floor":23.0}],"player_experience":1057959,"relics_obtained":[{"floor":7.0,"key":"Torii"},{"floor":9.0,"key":"Incense Burner"},{"floor":12.0,"key":"Thread and Needle"},{"floor":14.0,"key":"Darkstone Periapt"},{"floor":23.0,"key":"Happy Flower"}],"event_choices":[{"damage_healed":0.0,"max_hp_gain":0.0,"max_hp_loss":0.0,"gold_gain":0.0,"event_name":"Lab","player_choice":"Got Potions","floor":5.0,"gold_loss":0.0,"damage_taken":0.0},{"damage_healed":0.0,"max_hp_gain":0.0,"max_hp_loss":0.0,"gold_gain":0.0,"event_name":"Vampires","player_choice":"Ignored","floor":20.0,"gold_loss":0.0,"damage_taken":0.0},{"damage_healed":0.0,"max_hp_gain":0.0,"max_hp_loss":38.0,"gold_gain":0.0,"event_name":"Ghosts","player_choice":"Became a Ghost","floor":21.0,"gold_loss":0.0,"damage_taken":0.0,"cards_obtained":["Ghostly","Ghostly","Ghostly"]}],"is_beta":false,"boss_relics":[{"not_picked":["Eternal Feather","Busted Crown"],"picked":"Pandora\u0027s Box"}],"items_purged_floors":[2,11],"is_endless":false,"potions_floor_spawned":[1,8,12,14,22],"killed_by":"Slavers","ascension_level":20}