{"gold_per_floor":[110,110,127,52,52,85,85,119,155,226,257,41,41,56,56,132,132,144,144,69,85,103,103,103,174,199,114,0,0,10,26,26,100,100,110,110,110,27,43,78,103,103,103,114,30,30,42,42],"floor_reached":48,"playtime":2196,"items_purged":["Strike_G","Strike_G"],"score":1177,"play_id":"5ff8d8b6-55f3-4971-a2ea-b92fe56d1bd1","local_time":"20190616232907","is_ascension_mode":true,"campfire_choices":[{"data":"Footwork","floor":7.0,"key":"SMITH"},{"data":"Footwork","floor":15.0,"key":"SMITH"},{"floor":23.0,"key":"REST"},{"floor":29.0,"key":"REST"},{"data":"Catalyst","floor":32.0,"key":"SMITH"},{"floor":46.0,"key":"RECALL"}],"neow_cost":"NONE","seed_source_timestamp":39230230079710,"circlet_count":0,"master_deck":["AscendersBane","Defend_G","Defend_G","Defend_G","Defend_G","Defend_G","Survivor","Deadly Poison+1","Footwork+1","Dodge and Roll","Deadly Poison","Footwork+1","Deflect","Escape Plan","Catalyst+1","Catalyst","PiercingWail","Backflip+1","Corpse Explosion","Dodge and Roll","Dark Shackles","Footwork","Well Laid Plans","Noxious Fumes","Leg Sweep","Parasite","PiercingWail"],"special_seed":0,"relics":["Ring of the Serpent","NeowsBlessing","Bag of Preparation","MawBank","Tiny Chest","Gremlin Horn","Ancient Tea Set","Art of War","Snecko Eye","Boot","Blood Vial"],"potions_floor_usage":[48],"damage_taken":[{"damage":0.0,"enemies":"Jaw Worm","floor":1.0,"turns":1.0},{"damage":0.0,"enemies":"Cultist","floor":3.0,"turns":1.0},{"damage":0.0,"enemies":"Lagavulin","floor":6.0,"turns":1.0},{"damage":28.0,"enemies":"3 Sentries","floor":8.0,"turns":12.0},{"damage":2.0,"enemies":"Lagavulin","floor":10.0,"turns":10.0},{"damage":0.0,"enemies":"Small Slimes","floor":11.0,"turns":5.0},{"damage":0.0,"enemies":"Exordium Wildlife","floor":14.0,"turns":6.0},{"damage":6.0,"enemies":"The Guardian","floor":16.0,"turns":13.0},{"damage":0.0,"enemies":"3 Byrds","floor":18.0,"turns":7.0},{"damage":0.0,"enemies":"Chosen","floor":21.0,"turns":7.0},{"damage":33.0,"enemies":"3 Cultists","floor":22.0,"turns":12.0},{"damage":2.0,"enemies":"Colosseum Slavers","floor":24.0,"turns":6.0},{"damage":0.0,"enemies":"Snecko","floor":30.0,"turns":6.0},{"damage":0.0,"enemies":"Sentry and Sphere","floor":31.0,"turns":8.0},{"damage":0.0,"enemies":"Champ","floor":33.0,"turns":11.0},{"damage":0.0,"enemies":"Orb Walker","floor":35.0,"turns":3.0},{"damage":7.0,"enemies":"3 Shapes","floor":39.0,"turns":6.0},{"damage":2.0,"enemies":"Giant Head","floor":40.0,"turns":8.0},{"damage":1.0,"enemies":"Spire Growth","floor":44.0,"turns":6.0},{"damage":0,"enemies":"Writhing Mass","floor":47,"turns":5},{"damage":65,"enemies":"Transient","floor":48,"turns":4}],"seed_played":"5461572354767757898","potions_obtained":[{"floor":6.0,"key":"Ancient Potion"},{"floor":11.0,"key":"Dexterity Potion"},{"floor":22.0,"key":"Energy Potion"},{"floor":33.0,"key":"Fire Potion"},{"floor":39.0,"key":"GamblersBrew"}],"is_trial":false,"path_per_floor":["M","?","M","$","?","E","R","E","T","E","M","$","?","M","R","B",null,"M","?","?","M","M","R","?","T","T","?","?","R","M","M","R","B",null,"M","?","?","$","M","E","T","?","T","M","$","R","M","M"],"character_chosen":"THE_SILENT","items_purchased":["Footwork","Deflect","Well Laid Plans","Leg Sweep"],"campfire_rested":2,"item_purchase_floors":[12,12,38,45],"current_hp_per_floor":[59,59,59,59,59,59,59,31,31,29,29,29,22,22,22,16,54,54,36,36,36,3,24,22,22,22,22,22,43,43,43,43,43,64,64,54,54,54,47,45,45,45,45,46,46,46,48,0],"gold":42,"neow_bonus":"THREE_ENEMY_KILL","is_prod":false,"is_daily":false,"chose_seed":false,"campfire_upgraded":3,"win_rate":0,"timestamp":1560720547,"path_taken":["M","?","M","$","?","E","R","E","T","E","?","?","?","?","R","BOSS","M","?","?","M","M","R","?","?","T","?","?","R","M","M","R","BOSS","M","?","?","$","?","E","?","?","T","?","$","R","M","M"],"build_version":"2019-01-23","purchased_purges":2,"victory":false,"max_hp_per_floor":[66,66,66,66,66,66,66,66,66,66,66,66,66,66,66,66,66,66,71,71,71,71,71,71,71,71,71,71,71,71,71,71,71,71,71,71,71,71,71,71,71,71,71,71,71,71,71,71],"card_choices":[{"not_picked":["Deflect","Outmaneuver","Concentrate"],"picked":"SKIP","floor":1.0},{"not_picked":["Slice","Distraction"],"picked":"Deadly Poison","floor":3.0},{"not_picked":["Infinite Blades","Flechettes"],"picked":"Footwork","floor":6.0},{"not_picked":["Venomology","Choke"],"picked":"Dodge and Roll","floor":8.0},{"not_picked":["Cloak And Dagger","Underhanded Strike"],"picked":"Deadly Poison","floor":10.0},{"not_picked":["Blade Dance","Acrobatics","Sucker Punch"],"picked":"SKIP","floor":11.0},{"not_picked":["Quick Slash","Prepared"],"picked":"Escape Plan","floor":14.0},{"not_picked":["Dodge and Roll","Calculated Gamble"],"picked":"Catalyst","floor":18.0},{"not_picked":["Dagger Throw+1","Prepared"],"picked":"Catalyst","floor":21.0},{"not_picked":["Slice+1","Prepared"],"picked":"PiercingWail","floor":22.0},{"not_picked":["Sucker Punch","Slice","Blade Dance+1"],"picked":"SKIP","floor":30.0},{"not_picked":["Flying Knee","Bouncing Flask"],"picked":"Backflip+1","floor":31.0},{"not_picked":["Grand Finale","Venomology"],"picked":"Corpse Explosion","floor":33.0},{"not_picked":["Predator","Skewer"],"picked":"Dodge and Roll","floor":35.0},{"not_picked":["Magnetism","Metamorphosis"],"picked":"Dark Shackles","floor":36.0},{"not_picked":["Dagger Throw","Quick Slash","Deflect"],"picked":"SKIP","floor":39.0},{"not_picked":["Quick Slash","Prepared","Terror"],"picked":"SKIP","floor":40.0},{"not_picked":["Expertise","Masterful Stab+1"],"picked":"Noxious Fumes","floor":44.0},{"not_picked":["Distraction+1","Flying Knee"],"picked":"PiercingWail","floor":47}],"player_experience":1372853,"relics_obtained":[{"floor":6.0,"key":"Bag of Preparation"},{"floor":8.0,"key":"MawBank"},{"floor":10.0,"key":"Tiny Chest"},{"floor":25.0,"key":"Gremlin Horn"},{"floor":26.0,"key":"Ancient Tea Set"},{"floor":40.0,"key":"Boot"},{"floor":41.0,"key":"Blood Vial"}],"event_choices":[{"damage_healed":0.0,"max_hp_gain":0.0,"max_hp_loss":0.0,"gold_gain":0.0,"event_name":"Living Wall","player_choice":"Grow","floor":2.0,"gold_loss":0.0,"damage_taken":0.0,"cards_upgraded":["Neutralize"]},{"damage_healed":0.0,"max_hp_gain":0.0,"max_hp_loss":0.0,"gold_gain":0.0,"event_name":"Upgrade Shrine","player_choice":"Upgraded","floor":5.0,"gold_loss":0.0,"damage_taken":0.0,"cards_upgraded":["Deadly Poison"]},{"cards_removed":["Strike_G"],"damage_healed":0.0,"max_hp_gain":0.0,"max_hp_loss":0.0,"gold_gain":0.0,"event_name":"Golden Wing","player_choice":"Card Removal","floor":13.0,"gold_loss":0.0,"damage_taken":7.0},{"damage_healed":0.0,"max_hp_gain":5.0,"max_hp_loss":0.0,"gold_gain":0.0,"event_name":"Forgotten Altar","player_choice":"Shed Blood","floor":19.0,"gold_loss":0.0,"damage_taken":23.0},{"cards_removed":["Strike_G"],"damage_healed":0.0,"max_hp_gain":0.0,"max_hp_loss":0.0,"gold_gain":0.0,"event_name":"Beggar","player_choice":"Gave Gold","floor":20.0,"gold_loss":75.0,"damage_taken":0.0},{"damage_healed":0.0,"max_hp_gain":0.0,"max_hp_loss":0.0,"gold_gain":0.0,"event_name":"Colosseum","player_choice":"Fight","floor":24.0,"gold_loss":0.0,"damage_taken":0.0},{"damage_healed":0.0,"max_hp_gain":0.0,"max_hp_loss":0.0,"gold_gain":0.0,"event_name":"Colosseum","player_choice":"Fled From Nobs","floor":24.0,"gold_loss":0.0,"damage_taken":0.0},{"damage_healed":0.0,"max_hp_gain":0.0,"max_hp_loss":0.0,"gold_gain":0.0,"event_name":"Addict","player_choice":"Obtained Relic","floor":27.0,"gold_loss":85.0,"damage_taken":0.0,"relics_obtained":["Art of War"]},{"damage_healed":0.0,"max_hp_gain":0.0,"max_hp_loss":0.0,"gold_gain":0.0,"event_name":"Masked Bandits","player_choice":"Paid Fearfully","floor":28.0,"gold_loss":114.0,"damage_taken":0.0},{"damage_healed":0.0,"max_hp_gain":0.0,"max_hp_loss":0.0,"gold_gain":0.0,"event_name":"SensoryStone","player_choice":"Memory 3","floor":36.0,"gold_loss":0.0,"damage_taken":10.0},{"damage_healed":0.0,"max_hp_gain":0.0,"max_hp_loss":0.0,"gold_gain":0.0,"cards_transformed":["Strike_G"],"event_name":"Transmorgrifier","player_choice":"Transformed","floor":37.0,"gold_loss":0.0,"damage_taken":0.0,"cards_obtained":["Footwork"]},{"cards_removed":["Neutralize"],"damage_healed":0.0,"max_hp_gain":0.0,"max_hp_loss":0.0,"gold_gain":0.0,"event_name":"Falling","player_choice":"Removed Attack","floor":42.0,"gold_loss":0.0,"damage_taken":0.0}],"is_beta":false,"boss_relics":[{"not_picked":["Philosopher\u0027s Stone","WristBlade"],"picked":"Ring of the Serpent"},{"not_picked":["Empty Cage","Velvet Choker"],"picked":"Snecko Eye"}],"items_purged_floors":[4,12],"is_endless":false,"potions_floor_spawned":[6,11,16,21,22,24,33,39],"killed_by":"Transient","ascension_level":20}