{"gold_per_floor":[115,115,115,135,160,160,196,196,221,237,277,277,301,14,14,14],"floor_reached":16,"playtime":646,"items_purged":["Strike_R"],"score":220,"play_id":"3b2db570-9819-4b7b-a0b4-eb6b43668154","local_time":"20190304220357","is_ascension_mode":true,"campfire_choices":[{"data":"Flame Barrier","floor":6,"key":"SMITH"},{"floor":12,"key":"REST"},{"data":"Whirlwind","floor":15,"key":"SMITH"}],"neow_cost":"NONE","seed_source_timestamp":34626929609875,"circlet_count":0,"master_deck":["AscendersBane","Strike_R+1","Strike_R+1","Strike_R","Strike_R","Defend_R+1","Defend_R","Defend_R","Defend_R","Bash+1","Uppercut+1","Feel No Pain","Flame Barrier+1","Impervious","Whirlwind+1"],"relics":["Burning Blood","Golden Idol","Whetstone","Anchor","Dream Catcher","Blue Candle","Tiny Chest"],"potions_floor_usage":[7,11,16,16],"damage_taken":[{"damage":2,"enemies":"Jaw Worm","floor":1,"turns":5},{"damage":4,"enemies":"Small Slimes","floor":4,"turns":3},{"damage":1,"enemies":"2 Louse","floor":5,"turns":3},{"damage":23,"enemies":"Gremlin Nob","floor":7,"turns":4},{"damage":10,"enemies":"Exordium Thugs","floor":10,"turns":6},{"damage":7,"enemies":"Lagavulin","floor":11,"turns":11},{"damage":0,"enemies":"3 Louse","floor":13,"turns":4},{"damage":53,"enemies":"Slime Boss","floor":16,"turns":9}],"seed_played":"-8797384293333404916","potions_obtained":[{"floor":1,"key":"PowerPotion"},{"floor":4,"key":"SpeedPotion"},{"floor":5,"key":"EssenceOfSteel"},{"floor":11,"key":"Block Potion"}],"is_trial":false,"path_per_floor":["M","?","?","M","M","R","E","?","T","M","E","R","M","$","R","B"],"character_chosen":"IRONCLAD","items_purchased":["Tiny Chest","Regen Potion"],"campfire_rested":1,"item_purchase_floors":[14,14],"current_hp_per_floor":[72,49,49,51,56,56,39,13,13,9,8,28,34,34,34,0],"gold":14,"neow_bonus":"UPGRADE_CARD","is_prod":false,"is_daily":false,"chose_seed":false,"campfire_upgraded":2,"win_rate":0,"timestamp":1551733437,"path_taken":["M","?","?","M","M","R","E","?","T","M","E","R","M","$","R","BOSS"],"build_version":"2019-01-23","purchased_purges":1,"victory":false,"max_hp_per_floor":[75,75,68,68,68,68,68,68,68,68,68,68,68,68,68,68],"card_choices":[{"not_picked":["Sever Soul","Power Through"],"picked":"Uppercut","floor":1},{"not_picked":["True Grit","Clash"],"picked":"Feel No Pain","floor":4},{"not_picked":["Flex","Sword Boomerang"],"picked":"Flame Barrier","floor":5},{"not_picked":["Flame Barrier","Clash"],"picked":"Impervious","floor":7},{"not_picked":["Rupture","Clash","Sword Boomerang"],"picked":"SKIP","floor":10},{"not_picked":["Power Through","Thunderclap","Sword Boomerang"],"picked":"SKIP","floor":11},{"not_picked":["Dropkick","Flex"],"picked":"Whirlwind","floor":13}],"player_experience":1009224,"relics_obtained":[{"floor":7,"key":"Whetstone"},{"floor":9,"key":"Dream Catcher"},{"floor":11,"key":"Blue Candle"}],"event_choices":[{"damage_healed":0,"gold_gain":0,"player_choice":"Entered Light","damage_taken":23,"max_hp_gain":0,"max_hp_loss":0,"event_name":"Shining Light","floor":2,"gold_loss":0,"cards_upgraded":["Defend_R","Uppercut"]},{"damage_healed":0,"gold_gain":0,"player_choice":"Lose Max HP","damage_taken":0,"relics_obtained":["Golden Idol"],"max_hp_gain":0,"max_hp_loss":7,"event_name":"Golden Idol","floor":3,"gold_loss":0},{"damage_healed":0,"gold_gain":0,"player_choice":"Success","damage_taken":26,"relics_obtained":["Anchor"],"max_hp_gain":0,"max_hp_loss":0,"event_name":"Scrap Ooze","floor":8,"gold_loss":0}],"is_beta":false,"boss_relics":[],"items_purged_floors":[14],"is_endless":false,"potions_floor_spawned":[1,4,5,11],"killed_by":"Slime Boss","ascension_level":20}