{"gold_per_floor":[110,110,128,128,146,146,171,184,184,11,11,23,23,38,38,109,109,127,144,43,43,53,80,80,100,148,148,148,182,182,182,182,253,253,273,273,290,305,34,34],"floor_reached":40,"playtime":2886,"items_purged":["Strike_B"],"score":852,"play_id":"4fa06f3b-3a30-4815-8dd0-3a095242c09e","local_time":"20190131224813","is_ascension_mode":true,"campfire_choices":[{"floor":6.0,"key":"REST"},{"data":"Chill","floor":11.0,"key":"SMITH"},{"data":"Zap","floor":13.0,"key":"SMITH"},{"data":"Gash","floor":15.0,"key":"SMITH"},{"data":"Defragment","floor":24.0,"key":"SMITH"},{"floor":27.0,"key":"REST"},{"floor":32.0,"key":"REST"}],"neow_cost":"PERCENT_DAMAGE","seed_source_timestamp":0,"circlet_count":0,"master_deck":["AscendersBane","Strike_B","Strike_B","Strike_B","Defend_B","Defend_B+1","Defend_B+1","Defend_B","Zap+1","Dualcast","Cold Snap","Sunder+1","Chill+1","Glacier","Gash+1","Fission+1","Ball Lightning","Blizzard","Cold Snap","Defragment+1","Doubt","FTL+1","Defragment","Seek","Hologram+1","Defragment"],"special_seed":0,"relics":["FrozenCore","Calipers","Orichalcum","Letter Opener","Cables","War Paint","Cursed Key","Bag of Preparation","Bottled Lightning"],"potions_floor_usage":[],"damage_taken":[{"damage":1.0,"enemies":"Cultist","floor":1.0,"turns":3.0},{"damage":1.0,"enemies":"Small Slimes","floor":3.0,"turns":3.0},{"damage":1.0,"enemies":"2 Louse","floor":5.0,"turns":3.0},{"damage":12.0,"enemies":"Lagavulin","floor":7.0,"turns":5.0},{"damage":0.0,"enemies":"2 Fungi Beasts","floor":8.0,"turns":4.0},{"damage":4.0,"enemies":"Large Slime","floor":12.0,"turns":6.0},{"damage":0.0,"enemies":"Looter","floor":14.0,"turns":2.0},{"damage":13.0,"enemies":"The Guardian","floor":16.0,"turns":14.0},{"damage":6.0,"enemies":"2 Thieves","floor":18.0,"turns":3.0},{"damage":0.0,"enemies":"Spheric Guardian","floor":19.0,"turns":3.0},{"damage":3.0,"enemies":"Cultist and Chosen","floor":22.0,"turns":6.0},{"damage":5.0,"enemies":"Slavers","floor":23.0,"turns":4.0},{"damage":0.0,"enemies":"Centurion and Healer","floor":25.0,"turns":5.0},{"damage":24.0,"enemies":"Gremlin Leader","floor":29.0,"turns":6.0},{"damage":0.0,"enemies":"Colosseum Slavers","floor":30.0,"turns":4.0},{"damage":53.0,"enemies":"Champ","floor":33.0,"turns":22.0},{"damage":0,"enemies":"3 Shapes","floor":35,"turns":5},{"damage":0,"enemies":"Orb Walker","floor":37,"turns":3},{"damage":13,"enemies":"Transient","floor":38,"turns":6},{"damage":88,"enemies":"Giant Head","floor":40,"turns":9}],"seed_played":"4776238468570759045","potions_obtained":[{"floor":3.0,"key":"FocusPotion"},{"floor":5.0,"key":"SpeedPotion"},{"floor":7.0,"key":"GamblersBrew"},{"floor":12.0,"key":"SkillPotion"},{"floor":18.0,"key":"Block Potion"},{"floor":22.0,"key":"Ancient Potion"},{"floor":33.0,"key":"FairyPotion"}],"is_trial":false,"path_per_floor":["M","?","M","?","M","R","E","M","T","$","R","M","R","M","R","B",null,"M","M","$","?","M","E","R","M","T","R","?","E","?","?","R","B",null,"M","?","M","M","$","E"],"character_chosen":"DEFECT","items_purchased":["War Paint","Cold Snap","Bottled Lightning"],"campfire_rested":3,"item_purchase_floors":[10,20,39],"current_hp_per_floor":[45,19,18,18,17,38,26,26,26,26,26,22,22,22,22,9,56,50,50,50,50,47,42,42,42,42,63,63,39,39,39,60,7,55,55,55,55,42,42,0],"gold":34,"neow_bonus":"ONE_RARE_RELIC","is_prod":false,"is_daily":false,"chose_seed":false,"campfire_upgraded":4,"win_rate":0,"timestamp":1548971293,"path_taken":["M","?","M","?","M","R","E","M","T","$","R","?","R","M","R","BOSS","M","M","$","?","?","E","R","M","T","R","?","E","?","?","R","BOSS","M","?","M","M","$","E"],"build_version":"2019-01-23","purchased_purges":1,"victory":false,"max_hp_per_floor":[71,71,71,71,71,71,71,71,71,71,71,71,71,71,71,71,71,71,71,71,71,71,71,71,71,71,71,71,71,71,71,71,71,71,71,71,71,71,71,71],"card_choices":[{"not_picked":["Rebound","BootSequence"],"picked":"Cold Snap","floor":1.0},{"not_picked":["Steam","Lockon"],"picked":"Sunder","floor":3.0},{"not_picked":["Stack","Skim"],"picked":"Chill","floor":5.0},{"not_picked":["Cold Snap","Redo"],"picked":"Glacier","floor":7.0},{"not_picked":["Buffer","Steam","Loop"],"picked":"SKIP","floor":8.0},{"not_picked":["Redo","Conserve Battery","Stack"],"picked":"SKIP","floor":12.0},{"not_picked":["Hologram","Cold Snap"],"picked":"Gash","floor":14.0},{"not_picked":["Reboot","Meteor Strike"],"picked":"Fission","floor":16.0},{"not_picked":["Streamline","Sunder"],"picked":"Ball Lightning","floor":18.0},{"not_picked":["Ball Lightning","Storm"],"picked":"Blizzard","floor":19.0},{"not_picked":["Stack","Aggregate","Redo"],"picked":"SKIP","floor":22.0},{"not_picked":["Consume","All For One"],"picked":"Defragment","floor":23.0},{"not_picked":["Turbo","Conserve Battery","Redo+1"],"picked":"SKIP","floor":25.0},{"not_picked":["Rebound","Leap"],"picked":"FTL+1","floor":29.0},{"not_picked":["Machine Learning","Amplify"],"picked":"Seek","floor":33.0},{"not_picked":["Reprogram","Coolheaded"],"picked":"Hologram+1","floor":35},{"not_picked":["Beam Cell+1","Rebound","Cold Snap+1"],"picked":"SKIP","floor":37},{"not_picked":["Leap","Steam+1"],"picked":"Defragment","floor":38}],"player_experience":812934,"relics_obtained":[{"floor":7.0,"key":"Letter Opener"},{"floor":9.0,"key":"Cables"},{"floor":29.0,"key":"Bag of Preparation"}],"event_choices":[{"damage_healed":0.0,"max_hp_gain":0.0,"max_hp_loss":0.0,"gold_gain":0.0,"event_name":"Scrap Ooze","player_choice":"Success","floor":2.0,"gold_loss":0.0,"damage_taken":26.0,"relics_obtained":["Orichalcum"]},{"damage_healed":0.0,"max_hp_gain":0.0,"max_hp_loss":0.0,"gold_gain":0.0,"event_name":"Upgrade Shrine","player_choice":"Upgraded","floor":4.0,"gold_loss":0.0,"damage_taken":0.0,"cards_upgraded":["Sunder"]},{"damage_healed":0.0,"max_hp_gain":0.0,"max_hp_loss":0.0,"gold_gain":0.0,"event_name":"Upgrade Shrine","player_choice":"Upgraded","floor":21.0,"gold_loss":0.0,"damage_taken":0.0,"cards_upgraded":["Fission"]},{"damage_healed":0.0,"max_hp_gain":0.0,"max_hp_loss":0.0,"gold_gain":0.0,"event_name":"Ghosts","player_choice":"Ignored","floor":28.0,"gold_loss":0.0,"damage_taken":0.0},{"damage_healed":0.0,"max_hp_gain":0.0,"max_hp_loss":0.0,"gold_gain":0.0,"event_name":"Colosseum","player_choice":"Fight","floor":30.0,"gold_loss":0.0,"damage_taken":0.0},{"damage_healed":0.0,"max_hp_gain":0.0,"max_hp_loss":0.0,"gold_gain":0.0,"event_name":"Colosseum","player_choice":"Fled From Nobs","floor":30.0,"gold_loss":0.0,"damage_taken":0.0},{"damage_healed":0.0,"max_hp_gain":0.0,"max_hp_loss":0.0,"gold_gain":0.0,"event_name":"The Library","player_choice":"Read","floor":31.0,"gold_loss":0.0,"damage_taken":0.0,"cards_obtained":["Defragment"]},{"damage_healed":0,"gold_gain":0,"player_choice":"Ignored","damage_taken":0,"max_hp_gain":0,"max_hp_loss":0,"event_name":"Tomb of Lord Red Mask","floor":36,"gold_loss":0}],"is_beta":false,"boss_relics":[{"not_picked":["Snecko Eye","Black Star"],"picked":"Cursed Key"},{"not_picked":["White Beast Statue","Eternal Feather"],"picked":"FrozenCore"}],"items_purged_floors":[20],"is_endless":false,"potions_floor_spawned":[3,5,7,12,18,22,33,35],"killed_by":"Giant Head","ascension_level":20}