{"gold_per_floor":[111,111,111,129,141,141,158,183,236,249,249,282,295,307,307,385,385,385,385,15,15,15,15,15,15,15,15,15,15,15,15,15,15,15,15,15,15,15,15,15,15,15,15,15,15,15,15,15,15,15,15],"floor_reached":51,"playtime":4311,"items_purged":["Strike_G"],"score":1526,"play_id":"07de0ec8-b35b-4cbb-8c4c-790d1a77c08a","local_time":"20190418222537","is_ascension_mode":true,"campfire_choices":[{"data":"Bane","floor":6.0,"key":"SMITH"},{"floor":11.0,"key":"REST"},{"floor":15.0,"key":"REST"},{"floor":23.0,"key":"REST"},{"data":"Deadly Poison","floor":27.0,"key":"SMITH"},{"floor":32.0,"key":"REST"},{"floor":40,"key":"REST"},{"data":"Catalyst","floor":42,"key":"SMITH"},{"floor":49,"key":"RECALL"}],"neow_cost":"NONE","seed_source_timestamp":29127459732537,"circlet_count":0,"master_deck":["AscendersBane","Defend_G","Defend_G","Defend_G","Defend_G","Defend_G","Strike_G","Strike_G","Strike_G","Strike_G","Survivor","Neutralize","Deadly Poison+1","Bane+1","Backflip","Poisoned Stab","Backflip","Leg Sweep","PiercingWail","PiercingWail","Corpse Explosion","Prepared+1","Well Laid Plans","PiercingWail","Well Laid Plans","Crippling Poison","Noxious Fumes+1","Cloak And Dagger+1","Catalyst+1","PiercingWail","PiercingWail+1","Escape Plan","Deflect","Good Instincts","Catalyst","Backflip","Calculated Gamble","Well Laid Plans","PiercingWail+1","PiercingWail"],"special_seed":0,"relics":["Ring of the Snake","Pantograph","Regal Pillow","Tiny Chest","Orichalcum","Ectoplasm","OrangePellets","Pen Nib","Omamori","Anchor","Orrery","Lantern","Prayer Wheel","Snake Skull"],"potions_floor_usage":[38,38,45,45,51],"damage_taken":[{"damage":1.0,"enemies":"Cultist","floor":1.0,"turns":6.0},{"damage":9.0,"enemies":"Jaw Worm","floor":4.0,"turns":5.0},{"damage":0.0,"enemies":"2 Louse","floor":5.0,"turns":3.0},{"damage":20.0,"enemies":"Exordium Thugs","floor":7.0,"turns":7.0},{"damage":21.0,"enemies":"Lagavulin","floor":8.0,"turns":6.0},{"damage":5.0,"enemies":"Exordium Wildlife","floor":10.0,"turns":5.0},{"damage":29.0,"enemies":"3 Sentries","floor":12.0,"turns":12.0},{"damage":9.0,"enemies":"Large Slime","floor":13.0,"turns":9.0},{"damage":6.0,"enemies":"Lots of Slimes","floor":14.0,"turns":5.0},{"damage":48.0,"enemies":"Slime Boss","floor":16.0,"turns":12.0},{"damage":16.0,"enemies":"Spheric Guardian","floor":18.0,"turns":4.0},{"damage":9.0,"enemies":"Chosen","floor":19.0,"turns":5.0},{"damage":5.0,"enemies":"Centurion and Healer","floor":21.0,"turns":6.0},{"damage":0.0,"enemies":"Snake Plant","floor":22.0,"turns":5.0},{"damage":21.0,"enemies":"Slavers","floor":24.0,"turns":5.0},{"damage":6.0,"enemies":"Cultist and Chosen","floor":25.0,"turns":10.0},{"damage":16.0,"enemies":"Book of Stabbing","floor":29.0,"turns":5.0},{"damage":0.0,"enemies":"Snecko","floor":31.0,"turns":6.0},{"damage":20.0,"enemies":"Collector","floor":33.0,"turns":9.0},{"damage":3,"enemies":"3 Shapes","floor":35,"turns":4},{"damage":9,"enemies":"3 Darklings","floor":37,"turns":4},{"damage":5,"enemies":"Spire Growth","floor":38,"turns":6},{"damage":8,"enemies":"Maw","floor":39,"turns":8},{"damage":0,"enemies":"Writhing Mass","floor":44,"turns":7},{"damage":15,"enemies":"Reptomancer","floor":45,"turns":8},{"damage":23,"enemies":"Nemesis","floor":47,"turns":6},{"damage":13,"enemies":"Spire Growth","floor":48,"turns":8},{"damage":47,"enemies":"Time Eater","floor":50,"turns":12},{"damage":31,"enemies":"Awakened One","floor":51,"turns":6}],"seed_played":"-5105241387710632299","potions_obtained":[{"floor":1.0,"key":"PowerPotion"},{"floor":5.0,"key":"FearPotion"},{"floor":8.0,"key":"Dexterity Potion"},{"floor":14.0,"key":"Strength Potion"},{"floor":18.0,"key":"GamblersBrew"},{"floor":21.0,"key":"FearPotion"},{"floor":24.0,"key":"Energy Potion"},{"floor":33.0,"key":"Swift Potion"},{"floor":39,"key":"Fire Potion"},{"floor":44,"key":"SteroidPotion"},{"floor":47,"key":"Fire Potion"}],"is_trial":false,"path_per_floor":["M","?","T","M","M","R","M","E","T","M","R","E","M","M","R","B",null,"M","M","$","M","M","R","E","M","T","R","?","E","$","M","R","B",null,"M","?","M","M","M","R","?","R","T","M","E","T","E","M","R","B","B"],"character_chosen":"THE_SILENT","items_purchased":["Well Laid Plans","OrangePellets"],"campfire_rested":5,"item_purchase_floors":[20,20],"current_hp_per_floor":[64,69,69,60,60,60,40,19,19,14,52,23,14,8,46,23,64,48,39,39,34,34,72,51,45,45,45,45,29,29,29,67,57,72,69,59,50,45,37,75,75,75,75,75,60,60,37,24,24,2,0],"gold":15,"neow_bonus":"TEN_PERCENT_HP_BONUS","is_prod":false,"is_daily":false,"chose_seed":false,"campfire_upgraded":3,"win_rate":0,"timestamp":1555619137,"path_taken":["M","?","?","M","M","R","M","E","T","M","R","E","M","?","R","BOSS","M","M","$","M","?","R","E","?","T","R","?","E","?","M","R","BOSS","M","?","M","M","M","R","?","R","T","?","E","?","E","?","R","BOSS","BOSS"],"build_version":"2019-01-23","purchased_purges":1,"victory":false,"max_hp_per_floor":[72,77,77,77,77,77,77,77,77,77,77,77,77,77,77,77,77,77,77,77,77,77,77,77,77,77,77,77,77,77,77,77,77,77,77,77,77,77,77,77,77,77,77,77,77,77,77,77,77,77,77],"card_choices":[{"not_picked":["Calculated Gamble","PiercingWail"],"picked":"Deadly Poison","floor":1.0},{"not_picked":["Finisher","Escape Plan"],"picked":"Bane","floor":4.0},{"not_picked":["Prepared","Dodge and Roll"],"picked":"Backflip","floor":5.0},{"not_picked":["Dagger Spray","Dodge and Roll"],"picked":"Poisoned Stab","floor":7.0},{"not_picked":["Finisher","Eviscerate"],"picked":"Backflip","floor":8.0},{"not_picked":["Escape Plan","Expertise","Bane"],"picked":"SKIP","floor":10.0},{"not_picked":["Expertise","Acrobatics"],"picked":"Leg Sweep","floor":12.0},{"not_picked":["Outmaneuver","Bane"],"picked":"PiercingWail","floor":13.0},{"not_picked":["Burst","Slice"],"picked":"PiercingWail","floor":14.0},{"not_picked":["Adrenaline","Envenom"],"picked":"Corpse Explosion","floor":16.0},{"not_picked":["Underhanded Strike","Outmaneuver"],"picked":"Prepared+1","floor":18.0},{"not_picked":["Dagger Throw","Acrobatics","Outmaneuver"],"picked":"SKIP","floor":19.0},{"not_picked":["Accuracy+1","Heel Hook","Cloak And Dagger"],"picked":"SKIP","floor":21.0},{"not_picked":["Poisoned Stab","Infinite Blades"],"picked":"PiercingWail","floor":22.0},{"not_picked":["Skewer","Setup"],"picked":"Well Laid Plans","floor":24.0},{"not_picked":["Prepared","Deflect"],"picked":"Crippling Poison","floor":25.0},{"not_picked":["Tools of the Trade","Riddle With Holes+1"],"picked":"Cloak And Dagger+1","floor":29.0},{"not_picked":["Setup+1","Prepared","Dagger Spray"],"picked":"SKIP","floor":31.0},{"not_picked":["Backflip","Escape Plan"],"picked":"Catalyst","floor":34.0},{"not_picked":["Dodge and Roll","Acrobatics"],"picked":"PiercingWail","floor":34.0},{"not_picked":["Deflect","Blur"],"picked":"PiercingWail+1","floor":34.0},{"not_picked":["Masterful Stab","Poisoned Stab"],"picked":"Escape Plan","floor":34.0},{"not_picked":["Dodge and Roll","Grand Finale"],"picked":"Deflect","floor":35},{"not_picked":["Violence","Transmutation"],"picked":"Good Instincts","floor":36},{"not_picked":["Infinite Blades","Deflect","Sucker Punch"],"picked":"SKIP","floor":37},{"not_picked":["Cloak And Dagger","Bane+1"],"picked":"Catalyst","floor":38},{"not_picked":["Blade Dance","Grand Finale"],"picked":"Backflip","floor":39},{"not_picked":["Finisher+1","Bane","Endless Agony+1"],"picked":"SKIP","floor":44},{"not_picked":["Sucker Punch","Bane+1"],"picked":"Calculated Gamble","floor":45},{"not_picked":["Dodge and Roll","Masterful Stab"],"picked":"Well Laid Plans","floor":47},{"not_picked":["Backflip","Terror"],"picked":"PiercingWail+1","floor":48},{"not_picked":["Finisher+1","Underhanded Strike"],"picked":"PiercingWail","floor":48}],"player_experience":1173564,"relics_obtained":[{"floor":3.0,"key":"Pantograph"},{"floor":8.0,"key":"Regal Pillow"},{"floor":9.0,"key":"Tiny Chest"},{"floor":12.0,"key":"Orichalcum"},{"floor":24.0,"key":"Pen Nib"},{"floor":26.0,"key":"Omamori"},{"floor":29.0,"key":"Anchor"},{"floor":45,"key":"Lantern"},{"floor":46,"key":"Prayer Wheel"},{"floor":47,"key":"Snake Skull"}],"event_choices":[{"damage_healed":0.0,"max_hp_gain":5.0,"max_hp_loss":0.0,"gold_gain":0.0,"event_name":"Big Fish","player_choice":"Donut","floor":2.0,"gold_loss":0.0,"damage_taken":0.0},{"damage_healed":0.0,"max_hp_gain":0.0,"max_hp_loss":0.0,"gold_gain":0.0,"event_name":"The Library","player_choice":"Read","floor":28.0,"gold_loss":0.0,"damage_taken":0.0,"cards_obtained":["Noxious Fumes"]},{"damage_healed":0,"gold_gain":0,"player_choice":"Memory 3","damage_taken":10,"max_hp_gain":0,"max_hp_loss":0,"event_name":"SensoryStone","floor":36,"gold_loss":0},{"damage_healed":0,"gold_gain":0,"player_choice":"Forge","damage_taken":0,"max_hp_gain":0,"max_hp_loss":0,"event_name":"Accursed Blacksmith","floor":41,"gold_loss":0,"cards_upgraded":["Noxious Fumes"]}],"is_beta":false,"boss_relics":[{"not_picked":["HoveringKite","Sozu"],"picked":"Ectoplasm"},{"not_picked":["Runic Dome","Tiny House"],"picked":"Orrery"}],"items_purged_floors":[20],"is_endless":false,"potions_floor_spawned":[1,5,8,10,14,18,21,24,33,35,39,44,47],"killed_by":"Awakened One","ascension_level":20}