{"gold_per_floor":[110,35,35,35,51,51,76,76,148,148,163,180,180,211,211,285,285,303,314,332,332,344,344,362,393,393,393,16,32,32,45,45,122,122,141,1140,1153,1153,831,831,848,199,222,242,252,252,252,281,281,281,281,281,281,0,35,35],"floor_reached":56,"playtime":4135,"items_purged":["Pain","Strike_B+1","Normality","Normality"],"score":1939,"play_id":"7096ee23-96b3-4dc9-a0d5-a55a8f159b44","local_time":"20190202225545","is_ascension_mode":true,"campfire_choices":[{"data":"Static Discharge","floor":6,"key":"SMITH"},{"data":"Electrodynamics","floor":8,"key":"SMITH"},{"data":"Glacier","floor":10,"key":"SMITH"},{"floor":13,"key":"REST"},{"data":"Capacitor","floor":15,"key":"SMITH"},{"floor":23,"key":"REST"},{"floor":27,"key":"REST"},{"floor":32,"key":"REST"},{"floor":40,"key":"RECALL"},{"data":"1","floor":47,"key":"LIFT"},{"floor":49,"key":"REST"},{"data":"2","floor":53,"key":"LIFT"}],"neow_cost":"CURSE","seed_source_timestamp":34975379963861,"circlet_count":0,"master_deck":["AscendersBane","Strike_B+1","Strike_B+1","Defend_B+1","Defend_B+1","Defend_B+1","Defend_B+1","Zap+1","Dualcast","Electrodynamics+1","Rebound","Static Discharge+1","Glacier+1","Compile Driver","Undo","White Noise","Capacitor+1","Echo Form","Chill","Glacier","Coolheaded","Glacier","Storm+1","Self Repair","Consume","Capacitor","Coolheaded","Coolheaded+1","Hologram+1","Glacier","Secret Technique","Seek+1","Defragment+1","Heatsinks+1","Leap+1","Creative AI+1"],"relics":["Cracked Core","Dream Catcher","The Courier","Girya","Philosopher\u0027s Stone","Bag of Marbles","ClockworkSouvenir","DataDisk","Fusion Hammer","Frozen Egg 2","Runic Capacitor","Juzu Bracelet","Toxic Egg 2","War Paint","Dodecahedron"],"potions_floor_usage":[16,25,25,31,48,48,56],"damage_taken":[{"damage":3,"enemies":"2 Louse","floor":1,"turns":3},{"damage":0,"enemies":"Cultist","floor":5,"turns":2},{"damage":25,"enemies":"3 Sentries","floor":7,"turns":3},{"damage":6,"enemies":"Small Slimes","floor":11,"turns":4},{"damage":10,"enemies":"3 Louse","floor":12,"turns":3},{"damage":8,"enemies":"Gremlin Nob","floor":14,"turns":3},{"damage":7,"enemies":"The Guardian","floor":16,"turns":7},{"damage":15,"enemies":"Spheric Guardian","floor":18,"turns":4},{"damage":1,"enemies":"Chosen","floor":19,"turns":5},{"damage":4,"enemies":"Snake Plant","floor":20,"turns":3},{"damage":0,"enemies":"Snecko","floor":22,"turns":6},{"damage":18,"enemies":"Sentry and Sphere","floor":24,"turns":6},{"damage":36,"enemies":"Book of Stabbing","floor":25,"turns":6},{"damage":12,"enemies":"Shelled Parasite and Fungi","floor":29,"turns":4},{"damage":9,"enemies":"Centurion and Healer","floor":31,"turns":5},{"damage":16,"enemies":"Automaton","floor":33,"turns":8},{"damage":4,"enemies":"3 Darklings","floor":35,"turns":10},{"damage":0,"enemies":"3 Shapes","floor":37,"turns":6},{"damage":0,"enemies":"Sphere and 2 Shapes","floor":41,"turns":4},{"damage":4,"enemies":"3 Darklings","floor":44,"turns":3},{"damage":0,"enemies":"Jaw Worm Horde","floor":45,"turns":3},{"damage":30,"enemies":"Reptomancer","floor":48,"turns":8},{"damage":9,"enemies":"Donu and Deca","floor":50,"turns":13},{"damage":0,"enemies":"Time Eater","floor":51,"turns":21},{"damage":23,"enemies":"Shield and Spear","floor":55,"turns":11},{"damage":108,"enemies":"The Heart","floor":56,"turns":6}],"seed_played":"-6203110864886448792","potions_obtained":[{"floor":1,"key":"FearPotion"},{"floor":11,"key":"Dexterity Potion"},{"floor":12,"key":"FocusPotion"},{"floor":14,"key":"Block Potion"},{"floor":18,"key":"SkillPotion"},{"floor":20,"key":"AttackPotion"},{"floor":25,"key":"Swift Potion"},{"floor":31,"key":"FearPotion"},{"floor":37,"key":"Block Potion"},{"floor":44,"key":"Swift Potion"},{"floor":48,"key":"FairyPotion"},{"floor":55,"key":"Weak Potion"}],"is_trial":false,"path_per_floor":["M","$","?","?","M","R","E","R","T","R","M","M","R","E","R","B",null,"M","M","M","?","M","R","M","E","T","R","$","M","?","M","R","B",null,"M","?","M","?","$","R","M","$","T","M","M","?","R","E","R","B","B",null,"R","$","E","B"],"character_chosen":"DEFECT","items_purchased":["ClockworkSouvenir","DataDisk","Frozen Egg 2","Runic Capacitor","Coolheaded","Coolheaded","Hologram","Glacier","Swift Potion","Secret Technique","Defragment+1","Heatsinks+1","War Paint","Leap+1"],"campfire_rested":5,"item_purchase_floors":[28,28,39,42,42,42,42,42,42,42,54,54,54,54],"current_hp_per_floor":[61,61,61,61,61,61,36,36,36,36,30,20,41,33,33,26,60,45,44,40,40,40,61,43,7,7,28,28,16,16,7,28,19,58,68,68,71,67,67,67,67,67,67,67,67,67,67,51,67,67,67,67,67,67,58,0],"gold":35,"neow_bonus":"THREE_RARE_CARDS","is_prod":false,"is_daily":false,"chose_seed":false,"campfire_upgraded":4,"win_rate":0,"timestamp":1549144545,"path_taken":["M","$","?","?","M","R","E","R","T","R","M","?","R","E","R","BOSS","M","M","M","?","M","R","M","E","T","R","$","M","?","M","R","BOSS","M","?","M","?","$","R","M","$","T","M","M","?","R","E","R","BOSS","BOSS","R","$","E","BOSS"],"build_version":"2019-01-23","purchased_purges":4,"victory":false,"max_hp_per_floor":[71,71,71,71,71,71,71,71,71,71,71,71,71,71,71,71,71,71,71,71,71,71,71,71,71,71,71,71,71,71,71,71,71,71,71,71,71,67,67,67,67,67,67,67,67,67,67,67,67,67,67,67,67,67,67,67],"card_choices":[{"not_picked":["Rainbow","Multi-Cast"],"picked":"Electrodynamics","floor":0},{"not_picked":["Stack","Loop"],"picked":"Rebound","floor":1},{"not_picked":["Turbo","Aggregate"],"picked":"Static Discharge","floor":5},{"not_picked":["Turbo","Fission"],"picked":"Glacier","floor":7},{"not_picked":["Rip and Tear","Force Field"],"picked":"Compile Driver","floor":11},{"not_picked":["Blizzard","Ball Lightning"],"picked":"Undo","floor":12},{"not_picked":["Tempest","Scrape"],"picked":"White Noise","floor":13},{"not_picked":["Skim","Fusion"],"picked":"Capacitor","floor":14},{"not_picked":["Buffer","Core Surge"],"picked":"Echo Form","floor":16},{"not_picked":["Stack","Melter"],"picked":"Chill","floor":18},{"not_picked":["Leap","Cold Snap","Redo"],"picked":"SKIP","floor":19},{"not_picked":["Scrape+1","Barrage","Beam Cell"],"picked":"SKIP","floor":20},{"not_picked":["Turbo","Ball Lightning"],"picked":"Glacier","floor":22},{"not_picked":["Chaos","Compile Driver"],"picked":"Coolheaded","floor":23},{"not_picked":["Melter","Ball Lightning","Steam Power"],"picked":"SKIP","floor":24},{"not_picked":["Hyperbeam","Gash"],"picked":"Glacier","floor":25},{"not_picked":["Reinforced Body","Tempest"],"picked":"Storm+1","floor":27},{"not_picked":["Cold Snap","Sunder","Redo"],"picked":"SKIP","floor":29},{"not_picked":["Conserve Battery","Compile Driver"],"picked":"Self Repair","floor":31},{"not_picked":["Gash","Reprogram+1"],"picked":"Consume","floor":32},{"not_picked":["Streamline","Force Field"],"picked":"Capacitor","floor":35},{"not_picked":["Compile Driver","Reprogram","Barrage+1"],"picked":"SKIP","floor":37},{"not_picked":["Steam","Streamline","Static Discharge+1"],"picked":"SKIP","floor":41},{"not_picked":["Lockon","Rebound","Conserve Battery+1"],"picked":"SKIP","floor":44},{"not_picked":["Capacitor+1","Steam","Turbo+1"],"picked":"SKIP","floor":45},{"not_picked":["Hello World+1","Cold Snap"],"picked":"Seek","floor":48},{"not_picked":["Streamline","Gash"],"picked":"Creative AI+1","floor":55}],"player_experience":844052,"relics_obtained":[{"floor":7,"key":"Dream Catcher"},{"floor":9,"key":"The Courier"},{"floor":14,"key":"Girya"},{"floor":25,"key":"Bag of Marbles"},{"floor":43,"key":"Juzu Bracelet"},{"floor":48,"key":"Toxic Egg 2"},{"floor":55,"key":"Dodecahedron"}],"event_choices":[{"damage_healed":0,"gold_gain":0,"player_choice":"Grow","damage_taken":0,"max_hp_gain":0,"max_hp_loss":0,"event_name":"Living Wall","floor":3,"gold_loss":0,"cards_upgraded":["Zap"]},{"cards_removed":["Strike_B"],"damage_healed":0,"gold_gain":0,"player_choice":"Purged","damage_taken":0,"max_hp_gain":0,"max_hp_loss":0,"event_name":"Purifier","floor":4,"gold_loss":0},{"damage_healed":0,"gold_gain":0,"player_choice":"Simplicity","damage_taken":0,"max_hp_gain":0,"max_hp_loss":0,"event_name":"Back to Basics","floor":21,"gold_loss":0,"cards_upgraded":["Strike_B","Strike_B","Strike_B","Defend_B","Defend_B","Defend_B","Defend_B"]},{"damage_healed":0,"gold_gain":0,"player_choice":"Ignored","damage_taken":0,"max_hp_gain":0,"max_hp_loss":0,"event_name":"Beggar","floor":30,"gold_loss":0},{"damage_healed":0,"gold_gain":999,"player_choice":"Gold","damage_taken":0,"max_hp_gain":0,"max_hp_loss":0,"event_name":"MindBloom","floor":36,"gold_loss":0,"cards_obtained":["Normality","Normality"]},{"damage_healed":0,"gold_gain":0,"player_choice":"Max HP","damage_taken":0,"max_hp_gain":0,"max_hp_loss":4,"event_name":"Winding Halls","floor":38,"gold_loss":0},{"damage_healed":0,"gold_gain":0,"player_choice":"Ignored","damage_taken":0,"max_hp_gain":0,"max_hp_loss":0,"event_name":"Tomb of Lord Red Mask","floor":46,"gold_loss":0}],"is_beta":false,"boss_relics":[{"not_picked":["Coffee Dripper","Busted Crown"],"picked":"Philosopher\u0027s Stone"},{"not_picked":["White Beast Statue","Eternal Feather"],"picked":"Fusion Hammer"}],"items_purged_floors":[2,28,39,42],"is_endless":false,"potions_floor_spawned":[1,11,12,14,18,20,22,25,31,37,44,45,48,55],"killed_by":"The Heart","ascension_level":20}