{"gold_per_floor":[118,193,207,207,227,261,261,305,359,394,415,415,449,473,473,566,566,582,582,601,626,27,27,63,79,79,79,99,99,99,149,149,245,245,258,10,10,0,50,91,115,115,115,22,37,70,19,42,42,42,42,42,42,0,36,36],"floor_reached":56,"playtime":5676,"items_purged":["Strike_B"],"score":2206,"play_id":"21e5bd61-1e1e-4ad9-9962-9cc22a753381","local_time":"20190203214035","is_ascension_mode":true,"campfire_choices":[{"floor":7,"key":"REST"},{"floor":12,"key":"REST"},{"data":"Doom and Gloom","floor":15,"key":"SMITH"},{"floor":23,"key":"REST"},{"floor":30,"key":"REST"},{"floor":32,"key":"REST"},{"floor":42,"key":"RECALL"},{"floor":49,"key":"REST"},{"floor":53,"key":"REST"}],"neow_cost":"TEN_PERCENT_HP_LOSS","seed_source_timestamp":27703730535642,"circlet_count":0,"master_deck":["AscendersBane","Strike_B","Defend_B+1","Defend_B","Defend_B","Defend_B","Zap","Dualcast+1","All For One","Gash","Doom and Gloom+1","Core Surge","Echo Form","Coolheaded+1","Steam+1","Ball Lightning","Core Surge","Electrodynamics","Capacitor","Reboot+1","Hologram+1","Cold Snap","Leap+1","Genetic Algorithm+1","Leap+1","Seek+1","Self Repair","Genetic Algorithm+1","Discovery+1","Recycle+1","Glacier+1","Hologram+1","Blizzard","BootSequence+1","Undo+1"],"relics":["Cracked Core","Golden Idol","Toxic Egg 2","Bronze Scales","Orichalcum","War Paint","PreservedInsect","Fusion Hammer","Bag of Preparation","Mercury Hourglass","Vajra","Gremlin Horn","Snecko Eye","Red Mask","Bottled Flame","Ornamental Fan","Blood Vial","Question Card","Cables"],"potions_floor_usage":[6,8,14,16,33,33,50,56,56],"damage_taken":[{"damage":1,"enemies":"Cultist","floor":1,"turns":3},{"damage":1,"enemies":"Small Slimes","floor":3,"turns":3},{"damage":7,"enemies":"Jaw Worm","floor":5,"turns":3},{"damage":13,"enemies":"3 Sentries","floor":6,"turns":6},{"damage":20,"enemies":"Gremlin Nob","floor":8,"turns":4},{"damage":10,"enemies":"3 Sentries","floor":10,"turns":7},{"damage":4,"enemies":"Large Slime","floor":11,"turns":4},{"damage":0,"enemies":"Lagavulin","floor":13,"turns":6},{"damage":0,"enemies":"Gremlin Gang","floor":14,"turns":1},{"damage":14,"enemies":"Slime Boss","floor":16,"turns":6},{"damage":14,"enemies":"2 Thieves","floor":18,"turns":3},{"damage":17,"enemies":"Chosen","floor":20,"turns":4},{"damage":6,"enemies":"Centurion and Healer","floor":21,"turns":5},{"damage":0,"enemies":"Slavers","floor":24,"turns":2},{"damage":8,"enemies":"Shelled Parasite and Fungi","floor":25,"turns":4},{"damage":0,"enemies":"Chosen and Byrds","floor":28,"turns":4},{"damage":0,"enemies":"Collector","floor":33,"turns":10},{"damage":10,"enemies":"3 Darklings","floor":35,"turns":4},{"damage":3,"enemies":"Reptomancer","floor":40,"turns":6},{"damage":4,"enemies":"Orb Walker","floor":41,"turns":4},{"damage":0,"enemies":"4 Shapes","floor":45,"turns":4},{"damage":19,"enemies":"Giant Head","floor":46,"turns":9},{"damage":0,"enemies":"Sphere and 2 Shapes","floor":48,"turns":4},{"damage":38,"enemies":"Time Eater","floor":50,"turns":28},{"damage":6,"enemies":"Donu and Deca","floor":51,"turns":12},{"damage":0,"enemies":"Shield and Spear","floor":55,"turns":5},{"damage":59,"enemies":"The Heart","floor":56,"turns":12}],"seed_played":"1604295516221407039","potions_obtained":[{"floor":3,"key":"Block Potion"},{"floor":5,"key":"Poison Potion"},{"floor":10,"key":"Explosive Potion"},{"floor":13,"key":"Energy Potion"},{"floor":21,"key":"LiquidBronze"},{"floor":27,"key":"PowerPotion"},{"floor":27,"key":"SpeedPotion"},{"floor":41,"key":"Block Potion"},{"floor":55,"key":"PowerPotion"}],"is_trial":false,"path_per_floor":["M","?","M","?","M","E","R","E","T","E","M","R","E","M","R","B",null,"M","?","M","M","$","R","E","M","T","?","M","T","R","?","R","B",null,"M","$","?","?","?","E","M","R","T","$","M","E","?","M","R","B","B",null,"R","$","E","B"],"character_chosen":"DEFECT","items_purchased":["Bag of Preparation","Mercury Hourglass","Leap+1","Weak Potion","Self Repair","Genetic Algorithm+1","FocusPotion","Glacier+1","SpeedPotion","BootSequence+1"],"campfire_rested":7,"item_purchase_floors":[22,22,22,22,36,36,36,44,44,54],"current_hp_per_floor":[63,52,51,51,44,31,48,28,28,18,14,31,31,31,31,17,48,34,34,17,11,11,28,28,20,20,20,20,20,37,37,54,54,57,47,47,37,37,37,41,44,44,44,44,51,46,46,48,58,34,37,53,58,58,58,0],"gold":36,"neow_bonus":"THREE_RARE_CARDS","is_prod":false,"is_daily":false,"chose_seed":false,"campfire_upgraded":1,"win_rate":0,"timestamp":1549226435,"path_taken":["M","?","M","?","M","E","R","E","T","E","M","R","E","M","R","BOSS","M","?","M","M","$","R","E","M","T","?","?","?","R","?","R","BOSS","M","$","?","?","?","E","?","R","T","$","M","E","?","M","R","BOSS","BOSS","R","$","E","BOSS"],"build_version":"2019-01-23","purchased_purges":1,"victory":false,"max_hp_per_floor":[64,64,64,58,58,58,58,58,58,58,58,58,58,58,58,58,58,58,58,58,58,58,58,58,58,58,58,58,58,58,58,58,58,58,58,58,58,58,58,58,58,58,58,58,58,58,58,58,58,58,58,58,58,58,58,58],"card_choices":[{"not_picked":["Seek","Buffer"],"picked":"All For One","floor":0},{"not_picked":["Beam Cell","Steam"],"picked":"Gash","floor":1},{"not_picked":["Turbo","Redo"],"picked":"Doom and Gloom","floor":3},{"not_picked":["Stack","Coolheaded"],"picked":"Core Surge","floor":5},{"not_picked":["Cold Snap","Steam"],"picked":"Echo Form","floor":6},{"not_picked":["Conserve Battery+1","Aggregate+1"],"picked":"Coolheaded+1","floor":8},{"not_picked":["Force Field+1","Coolheaded+1"],"picked":"Steam+1","floor":10},{"not_picked":["Static Discharge","Beam Cell"],"picked":"Ball Lightning","floor":11},{"not_picked":["Gash","Redo+1"],"picked":"Core Surge","floor":13},{"not_picked":["Barrage","Heatsinks","Stack+1"],"picked":"SKIP","floor":14},{"not_picked":["Creative AI","Amplify+1"],"picked":"Electrodynamics","floor":16},{"not_picked":["Rip and Tear","Compile Driver","Beam Cell"],"picked":"SKIP","floor":18},{"not_picked":["Barrage+1","Fusion+1"],"picked":"Hologram+1","floor":20},{"not_picked":["Barrage","Loop"],"picked":"Cold Snap","floor":21},{"not_picked":["Thunder Strike","Stack+1"],"picked":"Genetic Algorithm+1","floor":24},{"not_picked":["Barrage","Ball Lightning","Steam Power+1"],"picked":"SKIP","floor":25},{"not_picked":["Ball Lightning","FTL"],"picked":"Leap+1","floor":28},{"not_picked":["Meteor Strike","Rainbow+1"],"picked":"Seek+1","floor":33},{"not_picked":["Loop","Rebound","Redo+1"],"picked":"SKIP","floor":35},{"not_picked":["Bandage Up+1","Jack Of All Trades+1"],"picked":"Discovery+1","floor":37},{"not_picked":["Loop","Sweeping Beam+1"],"picked":"Recycle+1","floor":40},{"not_picked":["Capacitor","Doom and Gloom","Scrape"],"picked":"SKIP","floor":41},{"not_picked":["Redo+1","Sweeping Beam+1","Ball Lightning"],"picked":"SKIP","floor":45},{"not_picked":["Turbo+1","Chill+1"],"picked":"Hologram+1","floor":46},{"not_picked":["Streamline","Echo Form","Steam+1"],"picked":"Blizzard","floor":48},{"not_picked":["Leap+1","Reinforced Body+1","Tempest+1"],"picked":"Undo+1","floor":55}],"player_experience":874311,"relics_obtained":[{"floor":6,"key":"Toxic Egg 2"},{"floor":8,"key":"Bronze Scales"},{"floor":9,"key":"Orichalcum"},{"floor":10,"key":"War Paint"},{"floor":13,"key":"PreservedInsect"},{"floor":24,"key":"Vajra"},{"floor":29,"key":"Gremlin Horn"},{"floor":40,"key":"Bottled Flame"},{"floor":43,"key":"Ornamental Fan"},{"floor":46,"key":"Blood Vial"},{"floor":55,"key":"Cables"}],"event_choices":[{"damage_healed":0,"gold_gain":75,"player_choice":"Gather Gold","damage_taken":11,"max_hp_gain":0,"max_hp_loss":0,"event_name":"World of Goop","floor":2,"gold_loss":0},{"damage_healed":0,"gold_gain":0,"player_choice":"Lose Max HP","damage_taken":0,"relics_obtained":["Golden Idol"],"max_hp_gain":0,"max_hp_loss":6,"event_name":"Golden Idol","floor":4,"gold_loss":0},{"damage_healed":0,"gold_gain":0,"cards_transformed":["Strike_B","Strike_B"],"player_choice":"Became Test Subject","damage_taken":0,"max_hp_gain":0,"max_hp_loss":0,"event_name":"Drug Dealer","floor":19,"gold_loss":0,"cards_obtained":["Capacitor","Reboot"]},{"damage_healed":0,"gold_gain":0,"player_choice":"Got Potions","damage_taken":0,"max_hp_gain":0,"max_hp_loss":0,"event_name":"Lab","floor":27,"gold_loss":0},{"damage_healed":0,"gold_gain":50,"player_choice":"Stole From Cult","damage_taken":0,"max_hp_gain":0,"max_hp_loss":0,"event_name":"Nest","floor":31,"gold_loss":0},{"damage_healed":0,"gold_gain":0,"player_choice":"Memory 3","damage_taken":10,"max_hp_gain":0,"max_hp_loss":0,"event_name":"SensoryStone","floor":37,"gold_loss":0},{"damage_healed":0,"gold_gain":0,"player_choice":"Paid","damage_taken":0,"relics_obtained":["Red Mask"],"max_hp_gain":0,"max_hp_loss":0,"event_name":"Tomb of Lord Red Mask","floor":38,"gold_loss":10},{"damage_healed":0,"gold_gain":50,"player_choice":"Pray","damage_taken":0,"max_hp_gain":0,"max_hp_loss":0,"event_name":"Golden Shrine","floor":39,"gold_loss":0},{"damage_healed":0,"gold_gain":0,"player_choice":"Paid Gold","damage_taken":0,"relics_obtained":["Question Card"],"max_hp_gain":0,"max_hp_loss":0,"event_name":"WeMeetAgain","floor":47,"gold_loss":51}],"is_beta":false,"boss_relics":[{"not_picked":["Orrery","Ectoplasm"],"picked":"Fusion Hammer"},{"not_picked":["Calling Bell","Tiny House"],"picked":"Snecko Eye"}],"items_purged_floors":[22],"is_endless":false,"potions_floor_spawned":[3,5,10,13,21,28,41,45,46,48,55],"killed_by":"The Heart","ascension_level":20}