{"gold_per_floor":[111,111,111,136,161,176,207,207,231,246,16,16,39,62,62,187,187,210,210,210,228,277,277,296,307,307,320,95,95,106,181,181,277,277,287,299,226,226,238,238,251,32,59,77,128,145,165,22,22,22,22,22,22,53,53],"floor_reached":55,"playtime":3159,"items_purged":["Strike_R","Juggernaut"],"score":650,"play_id":"98724f34-06b3-4da5-b8b9-99af45b9ac56","local_time":"20190311162238","is_ascension_mode":false,"campfire_choices":[{"data":"Reaper","floor":8,"key":"SMITH"},{"floor":12,"key":"RECALL"},{"data":"Metallicize","floor":15,"key":"SMITH"},{"data":"Demon Form","floor":23,"key":"SMITH"},{"data":"Feel No Pain","floor":29,"key":"SMITH"},{"data":"Bash","floor":32,"key":"SMITH"},{"data":"Rupture","floor":40,"key":"SMITH"},{"data":"Limit Break","floor":49,"key":"SMITH"},{"data":"Double Tap","floor":52,"key":"SMITH"}],"neow_cost":"NONE","seed_source_timestamp":16193330316375,"circlet_count":0,"master_deck":["Bash+1","Iron Wave+1","Rampage+1","Reaper+1","Metallicize+1","Demon Form+1","Pummel","Offering","Offering","Feel No Pain+1","Sever Soul","Carnage","Double Tap+1","Rupture+1","Iron Wave+1","Inflame","Limit Break+1","Rage"],"relics":["Burning Blood","Bag of Marbles","Bloody Idol","Whetstone","Anchor","Pandora\u0027s Box","Bag of Preparation","Matryoshka","Tiny Chest","Black Star","Oddly Smooth Stone","Orichalcum","Lantern","Omamori","Vajra","Happy Flower","Strawberry","Pen Nib"],"potions_floor_usage":[6,7,7,10,16,16,30,30,33,35,36,50,54,54],"damage_taken":[{"damage":1,"enemies":"Jaw Worm","floor":1,"turns":5},{"damage":0,"enemies":"Small Slimes","floor":4,"turns":3},{"damage":0,"enemies":"2 Louse","floor":5,"turns":2},{"damage":2,"enemies":"Blue Slaver","floor":6,"turns":2},{"damage":35,"enemies":"3 Sentries","floor":7,"turns":13},{"damage":2,"enemies":"Exordium Wildlife","floor":10,"turns":4},{"damage":7,"enemies":"Large Slime","floor":13,"turns":6},{"damage":22,"enemies":"Gremlin Gang","floor":14,"turns":6},{"damage":29,"enemies":"Hexaghost","floor":16,"turns":11},{"damage":12,"enemies":"3 Byrds","floor":18,"turns":5},{"damage":16,"enemies":"2 Thieves","floor":21,"turns":4},{"damage":12,"enemies":"Chosen and Byrds","floor":24,"turns":4},{"damage":24,"enemies":"Centurion and Healer","floor":25,"turns":5},{"damage":23,"enemies":"Sentry and Sphere","floor":27,"turns":4},{"damage":21,"enemies":"Shelled Parasite and Fungi","floor":30,"turns":4},{"damage":41,"enemies":"Automaton","floor":33,"turns":8},{"damage":20,"enemies":"3 Darklings","floor":35,"turns":8},{"damage":20,"enemies":"3 Shapes","floor":36,"turns":4},{"damage":28,"enemies":"Transient","floor":39,"turns":5},{"damage":15,"enemies":"Maw","floor":41,"turns":6},{"damage":14,"enemies":"4 Shapes","floor":44,"turns":5},{"damage":12,"enemies":"Transient","floor":46,"turns":5},{"damage":21,"enemies":"3 Darklings","floor":47,"turns":4},{"damage":27,"enemies":"Time Eater","floor":50,"turns":4},{"damage":90,"enemies":"Shield and Spear","floor":54,"turns":7},{"damage":56,"enemies":"The Heart","floor":55,"turns":2}],"seed_played":"-9116243211668741494","potions_obtained":[{"floor":0,"key":"Regen Potion"},{"floor":0,"key":"BloodPotion"},{"floor":0,"key":"Energy Potion"},{"floor":6,"key":"AttackPotion"},{"floor":7,"key":"Block Potion"},{"floor":14,"key":"Poison Potion"},{"floor":25,"key":"LiquidBronze"},{"floor":27,"key":"AttackPotion"},{"floor":30,"key":"PowerPotion"},{"floor":33,"key":"Energy Potion"},{"floor":35,"key":"Swift Potion"},{"floor":39,"key":"Regen Potion"},{"floor":41,"key":"BloodPotion"},{"floor":47,"key":"EssenceOfSteel"}],"is_trial":false,"path_per_floor":["M","?","?","M","M","M","E","R","T","M","$","R","M","M","R","B",null,"M","?","?","M","T","R","M","M","T","M","$","R","M","?","R","B",null,"M","M","$","?","M","R","M","$","T","M","T","M","M","$","R","B",null,"R","$","E","B"],"character_chosen":"IRONCLAD","items_purchased":["Anchor","Tiny Chest","Rupture","Oddly Smooth Stone","Inflame","Happy Flower"],"campfire_rested":0,"item_purchase_floors":[11,28,37,42,42,48],"current_hp_per_floor":[80,73,53,59,65,69,48,48,48,62,62,62,66,55,55,54,80,80,80,80,80,80,80,80,79,79,75,80,80,76,72,72,62,80,80,80,80,80,75,75,71,71,76,80,80,79,80,80,80,59,80,80,80,28,0],"gold":53,"neow_bonus":"THREE_SMALL_POTIONS","is_prod":false,"is_daily":false,"chose_seed":false,"campfire_upgraded":8,"win_rate":0,"timestamp":1552332158,"path_taken":["M","?","?","M","M","M","E","R","T","M","?","R","?","M","R","BOSS","M","?","?","M","?","R","M","?","T","M","$","R","M","?","R","BOSS","M","?","$","?","M","R","M","$","T","?","?","M","M","$","R","BOSS","R","$","E","BOSS"],"build_version":"2019-01-23","purchased_purges":2,"victory":false,"max_hp_per_floor":[80,80,80,80,80,80,80,80,80,80,80,80,80,80,80,80,80,80,80,80,80,80,80,80,80,80,80,80,80,80,80,80,80,80,80,80,80,80,80,80,80,80,80,80,80,80,80,80,80,80,80,80,80,87,87],"card_choices":[{"not_picked":["Pummel","Rupture"],"picked":"Iron Wave","floor":1},{"not_picked":["Iron Wave","Perfected Strike"],"picked":"Rampage","floor":4},{"not_picked":["Pommel Strike","Spot Weakness"],"picked":"Reaper","floor":5},{"not_picked":["Havoc","Armaments","Iron Wave"],"picked":"SKIP","floor":6},{"not_picked":["Headbutt","Corruption","Sentinel"],"picked":"SKIP","floor":7},{"not_picked":["Flex","Perfected Strike","Havoc"],"picked":"SKIP","floor":10},{"not_picked":["Dual Wield","Burning Pact"],"picked":"Metallicize","floor":13},{"not_picked":["Feel No Pain","Flex","Blood for Blood"],"picked":"SKIP","floor":14},{"not_picked":["Reaper","Brutality"],"picked":"Demon Form","floor":16},{"not_picked":["Sword Boomerang","Pommel Strike","Armaments"],"picked":"SKIP","floor":18},{"not_picked":["Warcry","Fiend Fire","Second Wind+1"],"picked":"SKIP","floor":21},{"not_picked":["Clash","Dual Wield","Twin Strike+1"],"picked":"SKIP","floor":24},{"not_picked":["Bloodletting+1","Body Slam","Shrug It Off"],"picked":"SKIP","floor":25},{"not_picked":["Thunderclap","Rampage","Double Tap"],"picked":"SKIP","floor":27},{"not_picked":["Rampage","Clothesline","Combust"],"picked":"SKIP","floor":30},{"not_picked":["Fiend Fire","Demon Form"],"picked":"Double Tap","floor":33},{"not_picked":["Twin Strike+1","Perfected Strike","True Grit+1"],"picked":"SKIP","floor":35},{"not_picked":["Iron Wave","Clash","Wild Strike"],"picked":"SKIP","floor":36},{"not_picked":["Blood for Blood","Clothesline"],"picked":"Iron Wave+1","floor":39},{"not_picked":["Shrug It Off","Pommel Strike","Hemokinesis"],"picked":"SKIP","floor":41},{"not_picked":["Shockwave","Anger","Bloodletting"],"picked":"SKIP","floor":44},{"not_picked":["Rupture","Headbutt"],"picked":"Limit Break","floor":46},{"not_picked":["Uppercut","Hemokinesis+1","Wild Strike"],"picked":"SKIP","floor":47},{"not_picked":["Blood for Blood","Rupture+1"],"picked":"Rage","floor":54}],"player_experience":493344,"relics_obtained":[{"floor":7,"key":"Whetstone"},{"floor":22,"key":"Bag of Preparation"},{"floor":26,"key":"Matryoshka"},{"floor":43,"key":"Orichalcum"},{"floor":43,"key":"Lantern"},{"floor":45,"key":"Omamori"},{"floor":45,"key":"Vajra"},{"floor":54,"key":"Strawberry"},{"floor":54,"key":"Pen Nib"}],"event_choices":[{"damage_healed":0,"gold_gain":0,"player_choice":"Success","damage_taken":7,"relics_obtained":["Bag of Marbles"],"max_hp_gain":0,"max_hp_loss":0,"event_name":"Scrap Ooze","floor":2,"gold_loss":0},{"damage_healed":0,"gold_gain":0,"player_choice":"Take Damage","damage_taken":20,"relics_obtained":["Golden Idol"],"max_hp_gain":0,"max_hp_loss":0,"event_name":"Golden Idol","floor":3,"gold_loss":0},{"damage_healed":0,"gold_gain":0,"player_choice":"Ignored","damage_taken":0,"max_hp_gain":0,"max_hp_loss":0,"event_name":"Ghosts","floor":19,"gold_loss":0},{"damage_healed":0,"gold_gain":0,"player_choice":"Gave Idol","damage_taken":0,"relics_obtained":["Bloody Idol"],"max_hp_gain":0,"max_hp_loss":0,"event_name":"Forgotten Altar","floor":20,"relics_lost":["Golden Idol"],"gold_loss":0},{"damage_healed":0,"gold_gain":75,"player_choice":"Touch","damage_taken":8,"max_hp_gain":0,"max_hp_loss":0,"event_name":"FaceTrader","floor":31,"gold_loss":0},{"cards_removed":["Burning Pact"],"damage_healed":0,"gold_gain":0,"player_choice":"Card Removal","damage_taken":0,"max_hp_gain":0,"max_hp_loss":0,"event_name":"Wheel of Change","floor":38,"gold_loss":0}],"is_beta":false,"boss_relics":[{"not_picked":["Lizard Tail","Orrery"],"picked":"Pandora\u0027s Box"},{"not_picked":["Coffee Dripper","Runic Dome"],"picked":"Black Star"}],"items_purged_floors":[11,28],"is_endless":false,"potions_floor_spawned":[4,5,6,7,14,25,27,30,33,35,39,41,47],"killed_by":"The Heart","ascension_level":0}