{"gold_per_floor":[117,292,312,262,279,279,309,309,309,309,324,324,358,378,378,480,480,493,493,418,418,19,19,49,49,49,49,63,29,29],"floor_reached":30,"playtime":1176,"items_purged":["Defend_R"],"score":318,"play_id":"d7c3f4b4-fbc7-4c3e-a5db-b558993e03e5","local_time":"20190217112958","is_ascension_mode":true,"campfire_choices":[{"data":"Rage","floor":6,"key":"SMITH"},{"data":"Perfected Strike","floor":8,"key":"SMITH"},{"floor":12,"key":"REST"},{"data":"Perfected Strike","floor":15,"key":"SMITH"},{"floor":23,"key":"REST"},{"floor":25,"key":"REST"},{"data":"Impervious","floor":27,"key":"SMITH"}],"neow_cost":"NONE","seed_source_timestamp":79012981296505,"circlet_count":0,"master_deck":["Strike_R","Strike_R","Strike_R","Defend_R","Defend_R","Defend_R","Bash","Rage+1","Shrug It Off+1","Perfected Strike+1","Thunderclap","Perfected Strike+1","Impervious+1","Ghostly Armor+1","Body Slam+1","Metallicize"],"relics":["Burning Blood","NeowsBlessing","Calipers","Letter Opener","Regal Pillow","Empty Cage","Oddly Smooth Stone","Molten Egg 2","Ancient Tea Set","Singing Bowl"],"potions_floor_usage":[7,13,16,18],"damage_taken":[{"damage":0,"enemies":"Small Slimes","floor":1,"turns":1},{"damage":0,"enemies":"2 Louse","floor":3,"turns":1},{"damage":0,"enemies":"Cultist","floor":5,"turns":1},{"damage":35,"enemies":"Gremlin Nob","floor":7,"turns":5},{"damage":9,"enemies":"3 Louse","floor":11,"turns":4},{"damage":17,"enemies":"Lagavulin","floor":13,"turns":6},{"damage":1,"enemies":"Looter","floor":14,"turns":2},{"damage":37,"enemies":"The Guardian","floor":16,"turns":11},{"damage":37,"enemies":"Chosen","floor":18,"turns":8},{"damage":70,"enemies":"Slavers","floor":24,"turns":14},{"damage":6,"enemies":"Shell Parasite","floor":28,"turns":4},{"damage":63,"enemies":"Gremlin Leader","floor":30,"turns":7}],"seed_played":"-2066977663938947458","potions_obtained":[{"floor":3,"key":"EssenceOfSteel"},{"floor":7,"key":"PowerPotion"},{"floor":13,"key":"AttackPotion"},{"floor":16,"key":"AttackPotion"}],"is_trial":false,"path_per_floor":["M","?","M","?","M","R","E","R","T","?","M","R","E","M","R","B",null,"M","?","$","?","$","R","E","R","T","R","M","$","E"],"character_chosen":"IRONCLAD","items_purchased":["Oddly Smooth Stone","Molten Egg 2","Metallicize"],"campfire_rested":3,"item_purchase_floors":[22,22,29],"current_hp_per_floor":[80,80,80,80,80,80,51,51,51,51,48,72,61,66,66,35,69,38,38,38,38,38,77,13,52,52,52,54,54,0],"gold":29,"neow_bonus":"THREE_ENEMY_KILL","is_prod":false,"is_daily":false,"chose_seed":false,"campfire_upgraded":4,"win_rate":0,"timestamp":1550417398,"path_taken":["M","?","M","?","M","R","E","R","T","?","?","R","E","M","R","BOSS","M","?","$","?","$","R","E","R","T","R","M","$","E"],"build_version":"2019-01-23","purchased_purges":1,"victory":false,"max_hp_per_floor":[80,80,80,80,80,80,80,80,80,80,80,80,80,80,80,80,80,80,80,80,80,80,80,80,80,80,80,82,82,82],"card_choices":[{"not_picked":["Shrug It Off","Cleave"],"picked":"Rage","floor":1},{"not_picked":["Flex","Sword Boomerang"],"picked":"Shrug It Off","floor":3},{"not_picked":["Bludgeon","Armaments"],"picked":"Perfected Strike","floor":5},{"not_picked":["Reckless Charge","Blood for Blood","Armaments"],"picked":"SKIP","floor":7},{"not_picked":["Shrug It Off","Sever Soul"],"picked":"Thunderclap","floor":11},{"not_picked":["Bludgeon","Anger"],"picked":"Perfected Strike","floor":13},{"not_picked":["Pommel Strike","Sword Boomerang","Second Wind"],"picked":"SKIP","floor":14},{"not_picked":["Double Tap","Fiend Fire"],"picked":"Impervious","floor":16},{"not_picked":["Warcry","Cleave+1"],"picked":"Ghostly Armor+1","floor":18},{"not_picked":["Battle Trance","Wild Strike+1"],"picked":"Body Slam+1","floor":24},{"not_picked":["Warcry","Iron Wave+1","Anger+1"],"picked":"Singing Bowl","floor":28}],"player_experience":440794,"relics_obtained":[{"floor":7,"key":"Calipers"},{"floor":9,"key":"Letter Opener"},{"floor":13,"key":"Regal Pillow"},{"floor":24,"key":"Ancient Tea Set"},{"floor":26,"key":"Singing Bowl"}],"event_choices":[{"damage_healed":0,"gold_gain":175,"player_choice":"AGREE","damage_taken":0,"max_hp_gain":0,"max_hp_loss":0,"event_name":"Liars Game","floor":2,"gold_loss":0,"cards_obtained":["Doubt"]},{"cards_removed":["Doubt"],"damage_healed":0,"gold_gain":0,"player_choice":"Card Removal","damage_taken":0,"max_hp_gain":0,"max_hp_loss":0,"event_name":"The Cleric","floor":4,"gold_loss":50},{"damage_healed":0,"gold_gain":0,"player_choice":"Upgraded","damage_taken":0,"max_hp_gain":0,"max_hp_loss":0,"event_name":"Upgrade Shrine","floor":10,"gold_loss":0,"cards_upgraded":["Shrug It Off"]},{"damage_healed":0,"gold_gain":0,"player_choice":"Ignored","damage_taken":0,"max_hp_gain":0,"max_hp_loss":0,"event_name":"Cursed Tome","floor":19,"gold_loss":0},{"damage_healed":0,"gold_gain":0,"player_choice":"Ignored","damage_taken":0,"max_hp_gain":0,"max_hp_loss":0,"event_name":"Ghosts","floor":21,"gold_loss":0}],"is_beta":false,"boss_relics":[{"not_picked":["Eternal Feather","Fusion Hammer"],"picked":"Empty Cage"}],"items_purged_floors":[20],"is_endless":false,"potions_floor_spawned":[3,7,13,16],"killed_by":"Gremlin Leader","ascension_level":5}