{"gold_per_floor":[119,119,119,133,183,183,197,217,217,245,245,256,270,297,297,372,372,389,76,76,76,92,124,124,155,227,227,254,271,303,228,228,304,304,317,417,427,452,452,452],"floor_reached":40,"playtime":2874,"items_purged":["Strike_R"],"score":979,"play_id":"e8cff05e-27ae-4d67-945d-f0735cced2e5","local_time":"20181207184551","is_ascension_mode":true,"campfire_choices":[{"data":"Bash","floor":6.0,"key":"SMITH"},{"data":"Inflame","floor":11.0,"key":"SMITH"},{"data":"Clothesline","floor":15.0,"key":"SMITH"},{"floor":24.0,"key":"REST"},{"floor":27.0,"key":"RECALL"},{"floor":32.0,"key":"REST"}],"neow_cost":"NONE","seed_source_timestamp":7844115354496,"circlet_count":0,"master_deck":["AscendersBane","Strike_R+1","Strike_R","Strike_R","Defend_R","Defend_R","Defend_R","Defend_R","Bash+1","Infernal Blade+1","Inflame+1","Headbutt","Shrug It Off","Clothesline+1","Shrug It Off","Fiend Fire+1","Feel No Pain","Reaper","Sword Boomerang","Body Slam+1","Shrug It Off","Warcry","Shrug It Off","Shrug It Off","Limit Break","Flame Barrier","Madness","Madness"],"special_seed":0,"relics":["Burning Blood","Shuriken","Oddly Smooth Stone","Bag of Marbles","Fusion Hammer","Anchor","Dead Branch","Sundial","Bottled Flame","Regal Pillow","Red Mask","Snecko Eye","Pocketwatch","Boot"],"potions_floor_usage":[],"damage_taken":[{"damage":9.0,"enemies":"Jaw Worm","floor":1.0,"turns":5.0},{"damage":1.0,"enemies":"Small Slimes","floor":4.0,"turns":3.0},{"damage":1.0,"enemies":"Cultist","floor":7.0,"turns":3.0},{"damage":4.0,"enemies":"Blue Slaver","floor":8.0,"turns":3.0},{"damage":8.0,"enemies":"Gremlin Nob","floor":10.0,"turns":3.0},{"damage":0.0,"enemies":"Large Slime","floor":12.0,"turns":3.0},{"damage":5.0,"enemies":"Lots of Slimes","floor":13.0,"turns":5.0},{"damage":24.0,"enemies":"Lagavulin","floor":14.0,"turns":5.0},{"damage":26.0,"enemies":"The Guardian","floor":16.0,"turns":8.0},{"damage":14.0,"enemies":"2 Thieves","floor":18.0,"turns":3.0},{"damage":14.0,"enemies":"Shell Parasite","floor":22.0,"turns":7.0},{"damage":32.0,"enemies":"Slavers","floor":23.0,"turns":3.0},{"damage":8.0,"enemies":"Book of Stabbing","floor":25.0,"turns":4.0},{"damage":0.0,"enemies":"Gremlin Leader","floor":28.0,"turns":1.0},{"damage":5.0,"enemies":"Sentry and Sphere","floor":29.0,"turns":6.0},{"damage":6.0,"enemies":"Masked Bandits","floor":30.0,"turns":2.0},{"damage":80.0,"enemies":"Champ","floor":33.0,"turns":16.0},{"damage":0.0,"enemies":"Orb Walker","floor":35.0,"turns":1.0},{"damage":1.0,"enemies":"Mind Bloom Boss Battle","floor":36.0,"turns":6.0},{"damage":11,"enemies":"3 Darklings","floor":37,"turns":3},{"damage":79,"enemies":"Reptomancer","floor":40,"turns":2}],"seed_played":"1975502134530895396","potions_obtained":[{"floor":1.0,"key":"FairyPotion"},{"floor":7.0,"key":"Weak Potion"},{"floor":14.0,"key":"SpeedPotion"},{"floor":16.0,"key":"PowerPotion"},{"floor":18.0,"key":"SteroidPotion"},{"floor":23.0,"key":"Weak Potion"},{"floor":25.0,"key":"GamblersBrew"},{"floor":29.0,"key":"AttackPotion"},{"floor":37,"key":"Strength Potion"}],"is_trial":false,"path_per_floor":["M","?","T","M","?","R","M","M","T","E","R","M","M","E","R","B",null,"M","$","?","?","M","E","R","E","T","R","E","M","?","?","R","B",null,"M","?","M","T","?","E"],"character_chosen":"IRONCLAD","items_purchased":["Anchor","Feel No Pain"],"campfire_rested":2,"item_purchase_floors":[19,19],"current_hp_per_floor":[72,47,47,52,52,52,57,59,59,57,57,63,64,46,46,26,68,60,60,60,60,52,56,80,80,80,80,82,82,82,82,82,18,66,72,77,82,82,67,0],"gold":452,"neow_bonus":"TEN_PERCENT_HP_BONUS","is_prod":false,"is_daily":false,"chose_seed":false,"campfire_upgraded":3,"win_rate":0,"timestamp":1544204751,"path_taken":["M","?","?","?","?","R","M","?","T","E","R","M","M","E","R","BOSS","M","$","?","?","?","E","R","E","T","R","E","M","?","?","R","BOSS","M","?","M","?","?","E"],"build_version":"2018-12-06","purchased_purges":1,"victory":false,"max_hp_per_floor":[82,82,82,82,82,82,82,82,82,82,82,82,82,82,82,82,82,82,82,82,82,82,82,82,82,82,82,82,82,82,82,82,82,82,82,82,82,82,82,82],"card_choices":[{"not_picked":["Warcry","Body Slam"],"picked":"Infernal Blade","floor":1.0},{"not_picked":["Fire Breathing","Shockwave"],"picked":"Inflame","floor":4.0},{"not_picked":["Ghostly Armor","Intimidate"],"picked":"Headbutt","floor":7.0},{"not_picked":["Sword Boomerang","Whirlwind"],"picked":"Shrug It Off","floor":8.0},{"not_picked":["Entrench","Searing Blow","Wild Strike"],"picked":"SKIP","floor":10.0},{"not_picked":["Havoc","Metallicize"],"picked":"Clothesline","floor":12.0},{"not_picked":["Inflame","True Grit"],"picked":"Shrug It Off","floor":13.0},{"not_picked":["Flex","Berserk","Fire Breathing"],"picked":"SKIP","floor":14.0},{"not_picked":["Offering","Barricade"],"picked":"Fiend Fire","floor":16.0},{"not_picked":["Havoc","Perfected Strike+1","Clash"],"picked":"SKIP","floor":18.0},{"not_picked":["Sentinel","Seeing Red"],"picked":"Sword Boomerang","floor":22.0},{"not_picked":["Demon Form","Sword Boomerang"],"picked":"Body Slam+1","floor":23.0},{"not_picked":["Ghostly Armor","Burning Pact+1"],"picked":"Shrug It Off","floor":25.0},{"not_picked":["Sword Boomerang","Wild Strike"],"picked":"Warcry","floor":28.0},{"not_picked":["Body Slam","Anger"],"picked":"Shrug It Off","floor":29.0},{"not_picked":["Perfected Strike","Fire Breathing"],"picked":"Shrug It Off","floor":30.0},{"not_picked":["Immolate","Exhume"],"picked":"Limit Break","floor":33.0},{"not_picked":["Anger","Twin Strike"],"picked":"Flame Barrier","floor":35.0},{"not_picked":["Sentinel","Armaments","Wild Strike"],"picked":"SKIP","floor":37}],"player_experience":624492,"relics_obtained":[{"floor":9.0,"key":"Shuriken"},{"floor":10.0,"key":"Oddly Smooth Stone"},{"floor":14.0,"key":"Bag of Marbles"},{"floor":23.0,"key":"Dead Branch"},{"floor":25.0,"key":"Sundial"},{"floor":26.0,"key":"Bottled Flame"},{"floor":28.0,"key":"Regal Pillow"},{"floor":30.0,"key":"Red Mask"},{"floor":36.0,"key":"Pocketwatch"},{"floor":38,"key":"Boot"}],"event_choices":[{"damage_healed":0.0,"max_hp_gain":0.0,"max_hp_loss":0.0,"gold_gain":0.0,"event_name":"Shining Light","player_choice":"Entered Light","floor":2.0,"gold_loss":0.0,"damage_taken":25.0,"cards_upgraded":["Strike_R","Infernal Blade"]},{"damage_healed":0.0,"max_hp_gain":0.0,"max_hp_loss":0.0,"gold_gain":50.0,"event_name":"Golden Shrine","player_choice":"Pray","floor":5.0,"gold_loss":0.0,"damage_taken":0.0},{"damage_healed":0.0,"max_hp_gain":0.0,"max_hp_loss":0.0,"gold_gain":0.0,"event_name":"The Library","player_choice":"Read","floor":20.0,"gold_loss":0.0,"damage_taken":0.0,"cards_obtained":["Reaper"]},{"damage_healed":0.0,"max_hp_gain":0.0,"max_hp_loss":0.0,"gold_gain":0.0,"event_name":"Upgrade Shrine","player_choice":"Upgraded","floor":21.0,"gold_loss":0.0,"damage_taken":0.0,"cards_upgraded":["Fiend Fire"]},{"damage_healed":0.0,"max_hp_gain":0.0,"max_hp_loss":0.0,"gold_gain":0.0,"event_name":"Masked Bandits","player_choice":"Fought Bandits","floor":30.0,"gold_loss":0.0,"damage_taken":0.0},{"cards_removed":["Strike_R"],"damage_healed":0.0,"max_hp_gain":0.0,"max_hp_loss":0.0,"gold_gain":0.0,"event_name":"Beggar","player_choice":"Gave Gold","floor":31.0,"gold_loss":75.0,"damage_taken":0.0},{"damage_healed":0.0,"max_hp_gain":0.0,"max_hp_loss":0.0,"gold_gain":0.0,"event_name":"MindBloom","player_choice":"Fight","floor":36.0,"gold_loss":0.0,"damage_taken":0.0},{"damage_healed":0,"gold_gain":0,"player_choice":"Embrace Madness","damage_taken":15,"max_hp_gain":0,"max_hp_loss":0,"event_name":"Winding Halls","floor":39,"gold_loss":0,"cards_obtained":["Madness","Madness"]}],"is_beta":false,"boss_relics":[{"not_picked":["Philosopher\u0027s Stone","Astrolabe"],"picked":"Fusion Hammer"},{"not_picked":["Empty Cage","Tiny House"],"picked":"Snecko Eye"}],"items_purged_floors":[19],"is_endless":false,"potions_floor_spawned":[1,7,14,16,18,23,25,29,37],"killed_by":"Reptomancer","ascension_level":20}