{"gold_per_floor":[218,230,305,54,69,103,103,103,127,127,161,161,195,210,210,314,314,333,233,233,247,265,265,284,296,319,56,56,74,149,2,2,2],"floor_reached":33,"playtime":2034,"items_purged":["Defend_R","Strike_R","Defend_R","Defend_R"],"score":265,"play_id":"36e387ea-5989-42bc-a99a-623669d24ec6","local_time":"20190311150100","is_ascension_mode":false,"campfire_choices":[{"floor":7,"key":"REST"},{"floor":12,"key":"REST"},{"floor":15,"key":"REST"},{"floor":23,"key":"RECALL"},{"floor":28,"key":"REST"},{"floor":32,"key":"DIG"}],"neow_cost":"NONE","seed_source_timestamp":0,"circlet_count":0,"master_deck":["Strike_R","Strike_R","Strike_R+1","Defend_R+1","Bash","Iron Wave","Body Slam","Iron Wave","Dropkick","Clothesline","Flame Barrier","Feed","Blind","Uppercut","Metallicize+1"],"special_seed":0,"relics":["Black Blood","Tiny Chest","Lantern","Blood Vial","Strawberry","Shovel","Membership Card","Omamori","Mummified Hand"],"potions_floor_usage":[11,14,25,29],"damage_taken":[{"damage":1,"enemies":"Jaw Worm","floor":1,"turns":6},{"damage":2,"enemies":"2 Louse","floor":2,"turns":4},{"damage":0,"enemies":"Small Slimes","floor":5,"turns":3},{"damage":61,"enemies":"Lagavulin","floor":6,"turns":10},{"damage":4,"enemies":"Gremlin Nob","floor":11,"turns":3},{"damage":25,"enemies":"3 Sentries","floor":13,"turns":8},{"damage":7,"enemies":"Gremlin Gang","floor":14,"turns":5},{"damage":36,"enemies":"The Guardian","floor":16,"turns":17},{"damage":16,"enemies":"Chosen","floor":18,"turns":6},{"damage":16,"enemies":"Shell Parasite","floor":21,"turns":9},{"damage":18,"enemies":"Centurion and Healer","floor":22,"turns":7},{"damage":26,"enemies":"Snecko","floor":24,"turns":7},{"damage":23,"enemies":"Shelled Parasite and Fungi","floor":25,"turns":10},{"damage":11,"enemies":"Snake Plant","floor":29,"turns":4},{"damage":80,"enemies":"Automaton","floor":33,"turns":8}],"seed_played":"1937678809950835782","potions_obtained":[{"floor":6,"key":"SkillPotion"},{"floor":13,"key":"SteroidPotion"},{"floor":14,"key":"FairyPotion"},{"floor":21,"key":"FearPotion"},{"floor":24,"key":"Weak Potion"},{"floor":25,"key":"Fire Potion"}],"is_trial":false,"path_per_floor":["M","M","?","$","M","E","R","?","T","?","E","R","E","M","R","B",null,"M","$","?","M","M","R","M","M","T","$","R","M","?","$","R","B"],"character_chosen":"IRONCLAD","items_purchased":["Tiny Chest","Body Slam","Membership Card","Omamori"],"campfire_rested":4,"item_purchase_floors":[4,4,27,31],"current_hp_per_floor":[80,80,69,69,75,20,44,28,28,28,39,65,48,49,75,47,87,81,81,65,64,58,58,44,33,33,33,60,64,55,55,55,0],"gold":2,"neow_bonus":"HUNDRED_GOLD","is_prod":false,"is_daily":false,"chose_seed":false,"campfire_upgraded":0,"win_rate":0,"timestamp":1552327260,"path_taken":["M","M","?","$","M","E","R","?","T","?","E","R","E","M","R","BOSS","M","$","?","M","M","R","M","M","T","$","R","?","?","?","R","BOSS"],"build_version":"2019-01-23","purchased_purges":4,"victory":false,"max_hp_per_floor":[80,80,80,80,80,80,80,80,80,80,87,87,87,87,87,87,87,87,87,87,90,90,90,90,90,90,90,90,93,93,93,93,93],"card_choices":[{"not_picked":["Sword Boomerang","Shrug It Off"],"picked":"Iron Wave","floor":1},{"not_picked":["Shockwave","Second Wind","Pommel Strike"],"picked":"SKIP","floor":2},{"not_picked":["Clash","Seeing Red"],"picked":"Iron Wave","floor":5},{"not_picked":["Thunderclap","Fire Breathing"],"picked":"Dropkick","floor":6},{"not_picked":["Warcry","Heavy Blade"],"picked":"Clothesline","floor":11},{"not_picked":["Twin Strike","Searing Blow","Dark Embrace"],"picked":"SKIP","floor":13},{"not_picked":["Pommel Strike","Iron Wave"],"picked":"Flame Barrier","floor":14},{"not_picked":["Exhume","Berserk"],"picked":"Feed","floor":16},{"not_picked":["Shrug It Off","Combust","Pummel"],"picked":"SKIP","floor":18},{"not_picked":["Power Through+1","Heavy Blade+1","Infernal Blade"],"picked":"SKIP","floor":21},{"not_picked":["Havoc","Clash"],"picked":"Uppercut","floor":22},{"not_picked":["Thunderclap","Havoc","Fire Breathing"],"picked":"SKIP","floor":24},{"not_picked":["Infernal Blade","Burning Pact"],"picked":"Metallicize+1","floor":25},{"not_picked":["Shrug It Off","Heavy Blade","Spot Weakness"],"picked":"SKIP","floor":29}],"player_experience":490235,"relics_obtained":[{"floor":6,"key":"Lantern"},{"floor":9,"key":"Blood Vial"},{"floor":11,"key":"Strawberry"},{"floor":13,"key":"Shovel"},{"floor":32,"key":"Mummified Hand"}],"event_choices":[{"damage_healed":0,"gold_gain":75,"player_choice":"Gather Gold","damage_taken":11,"max_hp_gain":0,"max_hp_loss":0,"event_name":"World of Goop","floor":3,"gold_loss":0},{"damage_healed":0,"gold_gain":0,"player_choice":"Entered Light","damage_taken":16,"max_hp_gain":0,"max_hp_loss":0,"event_name":"Shining Light","floor":8,"gold_loss":0,"cards_upgraded":["Defend_R","Strike_R"]},{"cards_removed":["Strike_R"],"damage_healed":0,"gold_gain":0,"player_choice":"Forget","damage_taken":0,"max_hp_gain":0,"max_hp_loss":0,"event_name":"Living Wall","floor":10,"gold_loss":0},{"damage_healed":0,"gold_gain":0,"player_choice":"CARD ","damage_taken":16,"max_hp_gain":0,"max_hp_loss":0,"event_name":"Knowing Skull","floor":20,"potions_obtained":[],"gold_loss":0,"cards_obtained":["Blind"]},{"damage_healed":0,"gold_gain":75,"player_choice":"Touch","damage_taken":9,"max_hp_gain":0,"max_hp_loss":0,"event_name":"FaceTrader","floor":30,"gold_loss":0}],"is_beta":false,"boss_relics":[{"not_picked":["Runic Dome","Lizard Tail"],"picked":"Black Blood"}],"items_purged_floors":[4,19,27,31],"is_endless":false,"potions_floor_spawned":[6,13,14,21,24,25],"killed_by":"Automaton","ascension_level":0}