{"gold_per_floor":[117,117,132,207,53,84,84,96,119,119,48,82,98,113,113,113],"floor_reached":16,"playtime":790,"items_purged":["Strike_G"],"score":220,"play_id":"53a4535e-4f49-450d-90b9-9fb6b864cdac","local_time":"20181222144907","is_ascension_mode":true,"campfire_choices":[{"floor":7,"key":"REST"},{"floor":10,"key":"REST"},{"data":"Bouncing Flask","floor":15,"key":"SMITH"}],"neow_cost":"NONE","seed_source_timestamp":11345173055924,"circlet_count":0,"master_deck":["AscendersBane","Defend_G","Defend_G","Defend_G","Defend_G","Defend_G","Strike_G","Strike_G","Strike_G","Strike_G","Survivor","Neutralize","Dagger Throw","Leg Sweep","Sucker Punch","Bouncing Flask+1","Catalyst","Leg Sweep"],"relics":["Ring of the Snake","Happy Flower","The Courier","Singing Bowl"],"potions_floor_usage":[0,16,16],"damage_taken":[{"damage":0,"enemies":"2 Louse","floor":1,"turns":4},{"damage":0,"enemies":"Small Slimes","floor":3,"turns":4},{"damage":46,"enemies":"3 Sentries","floor":6,"turns":18},{"damage":0,"enemies":"Cultist","floor":8,"turns":4},{"damage":15,"enemies":"Lagavulin","floor":12,"turns":7},{"damage":0,"enemies":"Looter","floor":13,"turns":4},{"damage":4,"enemies":"Exordium Wildlife","floor":14,"turns":10},{"damage":40,"enemies":"Slime Boss","floor":16,"turns":10}],"seed_played":"3972908851788335328","potions_obtained":[{"floor":0,"key":"Fruit Juice"},{"floor":0,"key":"Explosive Potion"},{"floor":0,"key":"EssenceOfSteel"},{"floor":14,"key":"Fire Potion"}],"is_trial":false,"path_per_floor":["M","?","M","?","$","E","R","M","T","R","$","E","M","M","R","B"],"character_chosen":"THE_SILENT","items_purchased":["GhostInAJar","Bouncing Flask"],"campfire_rested":2,"item_purchase_floors":[5,11],"current_hp_per_floor":[64,59,59,48,48,2,23,23,23,44,44,29,29,27,27,0],"gold":113,"neow_bonus":"THREE_SMALL_POTIONS","is_prod":false,"is_daily":false,"chose_seed":false,"campfire_upgraded":1,"win_rate":0,"timestamp":1545486547,"path_taken":["M","?","M","?","$","E","R","M","T","R","$","E","M","M","R","BOSS"],"build_version":"2018-12-20","purchased_purges":1,"victory":false,"max_hp_per_floor":[71,71,71,71,71,71,71,71,71,71,71,71,71,73,73,73],"card_choices":[{"not_picked":["Quick Slash","Sucker Punch"],"picked":"Dagger Throw","floor":1},{"not_picked":["Cloak And Dagger","Slice"],"picked":"Leg Sweep","floor":3},{"not_picked":["Riddle With Holes","Dodge and Roll"],"picked":"Sucker Punch","floor":6},{"not_picked":["Accuracy","Tactician","Quick Slash"],"picked":"SKIP","floor":8},{"not_picked":["Flechettes","A Thousand Cuts"],"picked":"Catalyst","floor":12},{"not_picked":["Dodge and Roll","Cloak And Dagger"],"picked":"Leg Sweep","floor":13},{"not_picked":["Quick Slash","Dodge and Roll","Backflip"],"picked":"Singing Bowl","floor":14}],"player_experience":677657,"relics_obtained":[{"floor":6,"key":"The Courier"},{"floor":12,"key":"Singing Bowl"}],"event_choices":[{"damage_healed":0,"gold_gain":0,"player_choice":"Success","damage_taken":5,"relics_obtained":["Happy Flower"],"max_hp_gain":0,"max_hp_loss":0,"event_name":"Scrap Ooze","floor":2,"gold_loss":0},{"damage_healed":0,"gold_gain":75,"player_choice":"Gather Gold","damage_taken":11,"max_hp_gain":0,"max_hp_loss":0,"event_name":"World of Goop","floor":4,"gold_loss":0}],"is_beta":false,"boss_relics":[],"items_purged_floors":[5],"is_endless":false,"potions_floor_spawned":[3,6,12,14],"killed_by":"Slime Boss","ascension_level":20}