{"gold_per_floor":[109,124,141,208,78,78,111,111,111,136,151,151,164,198,198,277,277,293,20,20,37,37],"floor_reached":22,"playtime":1076,"items_purged":["Strike_R","Strike_R"],"score":408,"play_id":"9d0b484f-b5dc-47ec-b901-fc055a4c82b2","local_time":"20190123215834","is_ascension_mode":true,"campfire_choices":[{"data":"Carnage","floor":6,"key":"SMITH"},{"data":"Bash","floor":8,"key":"SMITH"},{"data":"Havoc","floor":15,"key":"SMITH"}],"neow_cost":"NONE","seed_source_timestamp":31903301838651,"circlet_count":0,"master_deck":["AscendersBane","Strike_R","Strike_R","Defend_R","Defend_R","Defend_R","Defend_R","Bash+1","Dark Embrace","Carnage+1","Havoc+1","Rampage","Reaper","Thunderclap","Rage","Flame Barrier","True Grit","Feed","Whirlwind","Decay"],"relics":["Burning Blood","Question Card","Shuriken","Oddly Smooth Stone","Pen Nib","Sozu","Membership Card"],"potions_floor_usage":[7,11,14,16,16],"damage_taken":[{"damage":2,"enemies":"Cultist","floor":1,"turns":4},{"damage":0,"enemies":"2 Louse","floor":2,"turns":2},{"damage":9,"enemies":"Jaw Worm","floor":3,"turns":3},{"damage":20,"enemies":"3 Sentries","floor":7,"turns":6},{"damage":25,"enemies":"Lagavulin","floor":10,"turns":6},{"damage":12,"enemies":"Blue Slaver","floor":11,"turns":4},{"damage":2,"enemies":"Red Slaver","floor":13,"turns":2},{"damage":14,"enemies":"3 Sentries","floor":14,"turns":8},{"damage":44,"enemies":"Slime Boss","floor":16,"turns":10},{"damage":34,"enemies":"2 Thieves","floor":18,"turns":5},{"damage":37,"enemies":"Shell Parasite","floor":21,"turns":5},{"damage":24,"enemies":"Snake Plant","floor":22,"turns":1}],"seed_played":"6052867098770940547","potions_obtained":[{"floor":1,"key":"Fire Potion"},{"floor":10,"key":"Weak Potion"},{"floor":13,"key":"AttackPotion"},{"floor":14,"key":"Regen Potion"}],"is_trial":false,"path_per_floor":["M","M","M","?","$","R","E","R","T","E","M","?","M","E","R","B",null,"M","$","?","M","M"],"character_chosen":"IRONCLAD","items_purchased":["Poison Potion","Membership Card"],"campfire_rested":0,"item_purchase_floors":[5,19],"current_hp_per_floor":[72,75,72,72,72,72,58,58,58,39,33,33,37,29,29,9,59,42,42,42,17,0],"gold":37,"neow_bonus":"ONE_RANDOM_RARE_CARD","is_prod":false,"is_daily":false,"chose_seed":false,"campfire_upgraded":3,"win_rate":0,"timestamp":1548277114,"path_taken":["M","M","?","?","$","R","E","R","T","E","M","?","M","E","R","BOSS","M","$","?","M","M"],"build_version":"2019-01-23","purchased_purges":2,"victory":false,"max_hp_per_floor":[75,75,75,75,75,75,75,75,75,75,75,75,75,75,75,75,75,78,78,78,78,78],"card_choices":[{"not_picked":["Clash","Anger"],"picked":"Carnage","floor":1},{"not_picked":["Anger","Perfected Strike"],"picked":"Havoc","floor":2},{"not_picked":["Carnage","Anger"],"picked":"Rampage","floor":3},{"not_picked":["Clash","Entrench"],"picked":"Reaper","floor":7},{"not_picked":["Perfected Strike","Dual Wield","Flex"],"picked":"Thunderclap","floor":10},{"not_picked":["Wild Strike","Perfected Strike","Sever Soul"],"picked":"Rage","floor":11},{"not_picked":["Clothesline","Pommel Strike","Clash"],"picked":"Flame Barrier","floor":13},{"not_picked":["Twin Strike","Heavy Blade","Dropkick"],"picked":"True Grit","floor":14},{"not_picked":["Demon Form","Brutality","Barricade"],"picked":"Feed","floor":16},{"not_picked":["Havoc","Iron Wave","Clash"],"picked":"Whirlwind","floor":18},{"not_picked":["Infernal Blade","Rupture+1","Clash","Havoc"],"picked":"SKIP","floor":21}],"player_experience":760406,"relics_obtained":[{"floor":7,"key":"Question Card"},{"floor":9,"key":"Shuriken"},{"floor":10,"key":"Oddly Smooth Stone"},{"floor":14,"key":"Pen Nib"}],"event_choices":[{"damage_healed":0,"gold_gain":67,"player_choice":"Gained Gold","damage_taken":0,"max_hp_gain":0,"max_hp_loss":0,"event_name":"Golden Wing","floor":4,"gold_loss":0},{"cards_removed":["Strike_R"],"damage_healed":0,"gold_gain":0,"player_choice":"Purged","damage_taken":0,"max_hp_gain":0,"max_hp_loss":0,"event_name":"Purifier","floor":12,"gold_loss":0},{"damage_healed":0,"gold_gain":0,"player_choice":"Smashed Altar","damage_taken":0,"max_hp_gain":0,"max_hp_loss":0,"event_name":"Forgotten Altar","floor":20,"gold_loss":0,"cards_obtained":["Decay"]}],"is_beta":false,"boss_relics":[{"not_picked":["Fusion Hammer","Calling Bell"],"picked":"Sozu"}],"items_purged_floors":[5,19],"is_endless":false,"potions_floor_spawned":[1,10,13,14],"killed_by":"Snake Plant","ascension_level":20}