{"gold_per_floor":[112,112,131,150,150,150,163,193,193,225,238,267,281,293,293,392,392,402,402,57,57,157,192,207,207,207,207,237,248,273,58,58,160,160,176,24,41,54,54,54,454,454,454,454,485,128,139,151,151,151,151,151,82,82],"floor_reached":54,"playtime":3821,"items_purged":["Whirlwind"],"score":831,"play_id":"90e4d456-af3a-4386-a700-ecb68ee69d7b","local_time":"20190614173703","is_ascension_mode":true,"campfire_choices":[{"data":"Armaments","floor":6.0,"key":"SMITH"},{"data":"True Grit","floor":15,"key":"SMITH"},{"data":"Uppercut","floor":25,"key":"SMITH"},{"data":"Dark Embrace","floor":27,"key":"SMITH"},{"floor":32,"key":"REST"},{"data":"Feel No Pain","floor":40,"key":"SMITH"},{"data":"Feel No Pain","floor":42,"key":"SMITH"},{"floor":44,"key":"RECALL"},{"data":"Sword Boomerang","floor":49,"key":"SMITH"},{"data":"Ghostly Armor","floor":52,"key":"SMITH"}],"neow_cost":"NONE","seed_source_timestamp":0,"circlet_count":0,"master_deck":["Defend_R","Defend_R","Defend_R","Bash+1","Armaments+1","Dropkick","Feel No Pain+1","Carnage","Reckless Charge","Spot Weakness","Ghostly Armor+1","Dark Embrace+1","Sword Boomerang+1","True Grit+1","Demon Form","Intimidate","J.A.X.","Inflame","Uppercut+1","Bite","Bite","Bite","Bite","Bite","Cold Snap+1","Flash of Steel+1","Double Energy","Feel No Pain+1","Seeing Red","Reckless Charge+1","True Grit+1","Pummel+1","FTL+1","Dagger Throw+1","Rage"],"special_seed":0,"relics":["Burning Blood","Boot","Self Forming Clay","Mummified Hand","Regal Pillow","Busted Crown","PrismaticShard","Prayer Wheel","Bottled Flame","Molten Egg 2","Charon\u0027s Ashes","Mercury Hourglass","Art of War","Sozu","Old Coin","MawBank","Unceasing Top"],"potions_floor_usage":[10,14,22,28,29,29,30,45],"damage_taken":[{"damage":1.0,"enemies":"Jaw Worm","floor":1.0,"turns":4.0},{"damage":6.0,"enemies":"Cultist","floor":3.0,"turns":3.0},{"damage":0.0,"enemies":"2 Louse","floor":4.0,"turns":3.0},{"damage":8.0,"enemies":"Red Slaver","floor":7.0,"turns":5.0},{"damage":14,"enemies":"Gremlin Nob","floor":8,"turns":3},{"damage":11,"enemies":"3 Sentries","floor":10,"turns":6},{"damage":11,"enemies":"Large Slime","floor":11,"turns":5},{"damage":19,"enemies":"Lagavulin","floor":12,"turns":6},{"damage":7,"enemies":"Looter","floor":13,"turns":3},{"damage":10,"enemies":"Exordium Thugs","floor":14,"turns":4},{"damage":20,"enemies":"The Guardian","floor":16,"turns":8},{"damage":28,"enemies":"2 Thieves","floor":18,"turns":5},{"damage":16,"enemies":"Colosseum Slavers","floor":22,"turns":4},{"damage":15,"enemies":"Colosseum Nobs","floor":22,"turns":3},{"damage":26,"enemies":"Gremlin Leader","floor":23,"turns":6},{"damage":7,"enemies":"3 Byrds","floor":24,"turns":6},{"damage":37,"enemies":"Book of Stabbing","floor":28,"turns":5},{"damage":12,"enemies":"Cultist and Chosen","floor":29,"turns":4},{"damage":30,"enemies":"Slavers","floor":30,"turns":6},{"damage":42,"enemies":"Champ","floor":33,"turns":7},{"damage":19,"enemies":"3 Darklings","floor":35,"turns":4},{"damage":9,"enemies":"Orb Walker","floor":37,"turns":2},{"damage":10,"enemies":"Spire Growth","floor":38,"turns":4},{"damage":6,"enemies":"Mind Bloom Boss Battle","floor":41,"turns":5},{"damage":18,"enemies":"Reptomancer","floor":45,"turns":6},{"damage":25,"enemies":"3 Darklings","floor":47,"turns":3},{"damage":7,"enemies":"Sphere and 2 Shapes","floor":48,"turns":5},{"damage":54,"enemies":"Awakened One","floor":50,"turns":10},{"damage":68,"enemies":"Shield and Spear","floor":54,"turns":6}],"seed_played":"-8121022782563172721","potions_obtained":[{"floor":0.0,"key":"LiquidBronze"},{"floor":0.0,"key":"Block Potion"},{"floor":0.0,"key":"Regen Potion"},{"floor":1.0,"key":"Fire Potion"},{"floor":13,"key":"Ancient Potion"},{"floor":14,"key":"Strength Potion"},{"floor":24,"key":"BloodPotion"},{"floor":28,"key":"Weak Potion"}],"is_trial":false,"path_per_floor":["M","?","M","M","?","R","M","E","T","E","M","E","M","M","R","B",null,"M","?","$","?","?","E","M","R","T","R","E","M","E","$","R","B",null,"M","$","M","M","$","R","?","R","T","R","E","$","M","M","R","B",null,"R","$","E"],"character_chosen":"IRONCLAD","items_purchased":["Inflame","PrismaticShard","Uppercut","Flash of Steel+1","Weak Potion","Feel No Pain","Seeing Red","Pummel+1","Unceasing Top","Rage"],"campfire_rested":1,"item_purchase_floors":[20,20,20,31,31,36,36,46,46,53],"current_hp_per_floor":[80,80,80,80,80,80,78,70,70,65,60,47,46,42,42,28,80,58,58,58,56,48,40,47,47,47,47,27,43,32,32,56,33,56,51,51,54,56,56,56,56,56,56,56,56,56,37,42,42,23,56,56,56,0],"gold":82,"neow_bonus":"THREE_SMALL_POTIONS","is_prod":false,"is_daily":false,"chose_seed":false,"campfire_upgraded":8,"win_rate":0,"timestamp":1560548223,"path_taken":["M","?","M","?","?","R","?","E","T","E","M","E","M","M","R","BOSS","M","?","$","?","?","E","?","R","T","R","E","M","E","?","R","BOSS","M","?","M","?","?","R","?","R","T","R","E","$","M","M","R","BOSS","R","$","E"],"build_version":"2019-01-23","purchased_purges":1,"victory":false,"max_hp_per_floor":[80,80,80,80,80,80,80,80,80,80,80,80,80,80,80,80,80,80,80,80,56,56,56,56,56,56,56,56,56,56,56,56,56,56,56,56,56,56,56,56,56,56,56,56,56,56,56,56,56,56,56,56,56,56],"card_choices":[{"not_picked":["Perfected Strike","Burning Pact"],"picked":"Armaments","floor":1.0},{"not_picked":["Pummel","Clash"],"picked":"Whirlwind","floor":3.0},{"not_picked":["Sword Boomerang","Shockwave"],"picked":"Feel No Pain","floor":4.0},{"not_picked":["Searing Blow","Armaments"],"picked":"Carnage","floor":7.0},{"not_picked":["Berserk","Shrug It Off"],"picked":"Reckless Charge","floor":8},{"not_picked":["Second Wind","Twin Strike"],"picked":"Spot Weakness","floor":10},{"not_picked":["Rampage","Body Slam"],"picked":"Ghostly Armor","floor":11},{"not_picked":["Shrug It Off","Pommel Strike"],"picked":"Dark Embrace","floor":12},{"not_picked":["Iron Wave","Anger"],"picked":"Sword Boomerang","floor":13},{"not_picked":["Clash","Shockwave"],"picked":"True Grit","floor":14},{"not_picked":["Limit Break","Bludgeon"],"picked":"Demon Form","floor":16},{"not_picked":[],"picked":"Intimidate","floor":18},{"not_picked":["Swift Strike"],"picked":"SKIP","floor":23},{"not_picked":["Outmaneuver"],"picked":"SKIP","floor":24},{"not_picked":["Anger+1"],"picked":"SKIP","floor":24},{"not_picked":["Bouncing Flask+1"],"picked":"SKIP","floor":28},{"not_picked":[],"picked":"Cold Snap+1","floor":29},{"not_picked":["Masterful Stab+1"],"picked":"SKIP","floor":29},{"not_picked":["Fire Breathing"],"picked":"SKIP","floor":30},{"not_picked":[],"picked":"Double Energy","floor":35},{"not_picked":["Redo"],"picked":"SKIP","floor":35},{"not_picked":["Steam"],"picked":"SKIP","floor":37},{"not_picked":["Rampage+1"],"picked":"SKIP","floor":37},{"not_picked":["Thunderclap+1"],"picked":"SKIP","floor":38},{"not_picked":["Flying Knee+1"],"picked":"SKIP","floor":38},{"not_picked":[],"picked":"Reckless Charge+1","floor":41},{"not_picked":[],"picked":"True Grit+1","floor":45},{"not_picked":[],"picked":"FTL+1","floor":47},{"not_picked":[],"picked":"Dagger Throw+1","floor":47},{"not_picked":["Rage"],"picked":"SKIP","floor":48},{"not_picked":["Clothesline+1"],"picked":"SKIP","floor":48}],"player_experience":44812,"relics_obtained":[{"floor":8,"key":"Boot"},{"floor":9,"key":"Self Forming Clay"},{"floor":10,"key":"Mummified Hand"},{"floor":12,"key":"Regal Pillow"},{"floor":22,"key":"Prayer Wheel"},{"floor":22,"key":"Bottled Flame"},{"floor":23,"key":"Molten Egg 2"},{"floor":26,"key":"Charon\u0027s Ashes"},{"floor":28,"key":"Mercury Hourglass"},{"floor":30,"key":"Art of War"},{"floor":41,"key":"Old Coin"},{"floor":45,"key":"MawBank"}],"event_choices":[{"damage_healed":0.0,"max_hp_gain":0.0,"max_hp_loss":0.0,"gold_gain":0.0,"cards_transformed":["Defend_R"],"event_name":"Transmorgrifier","player_choice":"Transformed","floor":2.0,"gold_loss":0.0,"damage_taken":0.0,"cards_obtained":["Dropkick"]},{"damage_healed":0.0,"max_hp_gain":0.0,"max_hp_loss":0.0,"gold_gain":0.0,"event_name":"Accursed Blacksmith","player_choice":"Forge","floor":5.0,"gold_loss":0.0,"damage_taken":0.0,"cards_upgraded":["Bash"]},{"damage_healed":0,"gold_gain":0,"player_choice":"Obtain J.A.X.","damage_taken":0,"max_hp_gain":0,"max_hp_loss":0,"event_name":"Drug Dealer","floor":19,"gold_loss":0,"cards_obtained":["J.A.X."]},{"damage_healed":0,"gold_gain":0,"player_choice":"Became a vampire","damage_taken":0,"max_hp_gain":0,"max_hp_loss":24,"event_name":"Vampires","floor":21,"gold_loss":0,"cards_obtained":["Bite","Bite","Bite","Bite","Bite"]},{"damage_healed":0,"gold_gain":0,"player_choice":"Fight","damage_taken":0,"max_hp_gain":0,"max_hp_loss":0,"event_name":"Colosseum","floor":22,"gold_loss":0},{"damage_healed":0,"gold_gain":0,"player_choice":"Fought Nobs","damage_taken":0,"max_hp_gain":0,"max_hp_loss":0,"event_name":"Colosseum","floor":22,"gold_loss":0},{"damage_healed":0,"gold_gain":0,"player_choice":"Fight","damage_taken":0,"max_hp_gain":0,"max_hp_loss":0,"event_name":"MindBloom","floor":41,"gold_loss":0}],"is_beta":false,"boss_relics":[{"not_picked":["Calling Bell","Tiny House"],"picked":"Busted Crown"},{"not_picked":["Runic Pyramid","Orrery"],"picked":"Sozu"}],"items_purged_floors":[31],"is_endless":false,"potions_floor_spawned":[1,3,8,13,14,22,24,28,37,45],"killed_by":"Shield and Spear","ascension_level":1}