{"gold_per_floor":[109,123,123,134,33,62,79,79,79,112,122,152,164,197,197,197],"floor_reached":16,"playtime":670,"items_purged":["Regret"],"score":232,"play_id":"9e0cc5df-d0da-4ad3-b6ed-b71cf00a2ebe","local_time":"20190614065811","is_ascension_mode":true,"campfire_choices":[{"data":"Iron Wave","floor":8,"key":"SMITH"},{"floor":15,"key":"REST"}],"neow_cost":"NONE","seed_source_timestamp":2330188633992817,"circlet_count":0,"master_deck":["AscendersBane","Strike_R","Strike_R","Strike_R","Strike_R","Strike_R","Defend_R","Defend_R","Defend_R","Defend_R","Bash","Shrug It Off","Wild Strike","Carnage","Warcry","Iron Wave+1","Headbutt","Ghostly Armor","Havoc"],"relics":["Burning Blood","NeowsBlessing","Dodecahedron","Paper Frog","Pantograph","Pen Nib","Odd Mushroom","StoneCalendar"],"potions_floor_usage":[10,12,14,16],"damage_taken":[{"damage":0,"enemies":"2 Louse","floor":1,"turns":1},{"damage":0,"enemies":"Jaw Worm","floor":2,"turns":1},{"damage":0,"enemies":"Cultist","floor":4,"turns":1},{"damage":32,"enemies":"Gremlin Nob","floor":6,"turns":4},{"damage":0,"enemies":"2 Fungi Beasts","floor":7,"turns":3},{"damage":16,"enemies":"3 Sentries","floor":10,"turns":9},{"damage":6,"enemies":"Exordium Wildlife","floor":11,"turns":4},{"damage":20,"enemies":"The Mushroom Lair","floor":12,"turns":5},{"damage":8,"enemies":"3 Louse","floor":13,"turns":4},{"damage":28,"enemies":"Gremlin Nob","floor":14,"turns":4},{"damage":54,"enemies":"Hexaghost","floor":16,"turns":9}],"seed_played":"8575867305170749885","potions_obtained":[{"floor":2,"key":"Dexterity Potion"},{"floor":6,"key":"EssenceOfSteel"},{"floor":13,"key":"Swift Potion"},{"floor":14,"key":"GamblersBrew"}],"is_trial":false,"path_per_floor":["M","M","?","M","$","E","M","R","T","E","M","?","M","E","R","B"],"character_chosen":"IRONCLAD","items_purchased":["Warcry"],"campfire_rested":1,"item_purchase_floors":[5],"current_hp_per_floor":[74,75,75,75,75,49,55,55,55,45,45,31,29,7,29,0],"gold":197,"neow_bonus":"THREE_ENEMY_KILL","is_prod":false,"is_daily":false,"chose_seed":false,"campfire_upgraded":1,"win_rate":0,"timestamp":1560506291,"path_taken":["M","M","?","M","$","E","M","R","T","E","M","?","M","E","R","BOSS"],"build_version":"2019-01-23","purchased_purges":1,"victory":false,"max_hp_per_floor":[75,75,75,75,75,75,75,75,75,75,75,75,75,75,75,75],"card_choices":[{"not_picked":["Flex","Armaments"],"picked":"Shrug It Off","floor":1},{"not_picked":["Bloodletting","Corruption"],"picked":"Wild Strike","floor":2},{"not_picked":["Combust","Flex"],"picked":"Carnage","floor":4},{"not_picked":["Entrench","Exhume","Double Tap"],"picked":"SKIP","floor":6},{"not_picked":["Clothesline","Heavy Blade"],"picked":"Iron Wave","floor":7},{"not_picked":["Wild Strike","Heavy Blade"],"picked":"Headbutt","floor":10},{"not_picked":["Entrench","Flex","Corruption"],"picked":"SKIP","floor":11},{"not_picked":["Limit Break","Sword Boomerang"],"picked":"Ghostly Armor","floor":12},{"not_picked":["Warcry","Wild Strike","Dual Wield"],"picked":"SKIP","floor":13},{"not_picked":["Havoc","Body Slam","Clash"],"picked":"SKIP","floor":14},{"not_picked":["Body Slam","Clash"],"picked":"Havoc","floor":14}],"player_experience":1031894,"relics_obtained":[{"floor":6,"key":"Paper Frog"},{"floor":9,"key":"Pantograph"},{"floor":10,"key":"Pen Nib"},{"floor":12,"key":"Odd Mushroom"},{"floor":14,"key":"StoneCalendar"}],"event_choices":[{"damage_healed":0,"gold_gain":0,"player_choice":"Box","damage_taken":0,"relics_obtained":["Dodecahedron"],"max_hp_gain":0,"max_hp_loss":0,"event_name":"Big Fish","floor":3,"gold_loss":0,"cards_obtained":["Regret"]},{"damage_healed":0,"gold_gain":0,"player_choice":"Fought Mushrooms","damage_taken":0,"max_hp_gain":0,"max_hp_loss":0,"event_name":"Mushrooms","floor":12,"gold_loss":0}],"is_beta":false,"boss_relics":[],"items_purged_floors":[5],"is_endless":false,"potions_floor_spawned":[2,6,13,14],"killed_by":"Hexaghost","ascension_level":18}