{"gold_per_floor":[219,236,248,258,270,270,295,295,350,378,100,117,117,133,133,133],"floor_reached":16,"playtime":1070,"items_purged":[],"score":200,"play_id":"ff317aeb-c06d-40c0-b7a3-53a4902bf96d","local_time":"20190518165508","is_ascension_mode":true,"campfire_choices":[{"data":"Armaments","floor":6,"key":"SMITH"},{"data":"Body Slam","floor":8,"key":"SMITH"},{"floor":15,"key":"REST"}],"neow_cost":"NONE","seed_source_timestamp":32821904085485,"circlet_count":0,"master_deck":["AscendersBane","Strike_R","Strike_R","Strike_R","Strike_R","Strike_R","Defend_R","Defend_R","Defend_R","Defend_R","Bash","Armaments+1","Body Slam+1","Battle Trance","Twin Strike","Warcry","Corruption","Shrug It Off"],"relics":["Burning Blood","Incense Burner","Tiny Chest","Juzu Bracelet","Mummified Hand"],"potions_floor_usage":[3,7,14,16],"damage_taken":[{"damage":6,"enemies":"Cultist","floor":1,"turns":4},{"damage":0,"enemies":"2 Louse","floor":2,"turns":4},{"damage":0,"enemies":"Small Slimes","floor":3,"turns":4},{"damage":2,"enemies":"Looter","floor":4,"turns":4},{"damage":7,"enemies":"Exordium Wildlife","floor":5,"turns":3},{"damage":36,"enemies":"3 Sentries","floor":7,"turns":11},{"damage":15,"enemies":"Gremlin Nob","floor":10,"turns":4},{"damage":2,"enemies":"3 Louse","floor":12,"turns":4},{"damage":2,"enemies":"2 Fungi Beasts","floor":14,"turns":4},{"damage":65,"enemies":"Hexaghost","floor":16,"turns":12}],"seed_played":"-6019436525809381058","potions_obtained":[{"floor":1,"key":"Dexterity Potion"},{"floor":5,"key":"Poison Potion"},{"floor":10,"key":"Dexterity Potion"},{"floor":12,"key":"GamblersBrew"}],"is_trial":false,"path_per_floor":["M","M","M","M","M","R","E","R","T","E","$","M","?","M","R","B"],"character_chosen":"IRONCLAD","items_purchased":["Mummified Hand","Corruption"],"campfire_rested":1,"item_purchase_floors":[11,11],"current_hp_per_floor":[68,74,75,75,74,74,44,44,44,35,35,39,39,43,65,0],"gold":133,"neow_bonus":"HUNDRED_GOLD","is_prod":false,"is_daily":false,"chose_seed":false,"campfire_upgraded":2,"win_rate":0,"timestamp":1558209308,"path_taken":["M","M","?","?","?","R","E","R","T","E","?","M","?","M","R","BOSS"],"build_version":"2019-01-23","purchased_purges":0,"victory":false,"max_hp_per_floor":[75,75,75,75,75,75,75,75,75,75,75,75,75,75,75,75],"card_choices":[{"not_picked":["Burning Pact","True Grit"],"picked":"Armaments","floor":1},{"not_picked":["Perfected Strike","Feel No Pain"],"picked":"Body Slam","floor":2},{"not_picked":["Bloodletting","Pommel Strike"],"picked":"Battle Trance","floor":3},{"not_picked":["Perfected Strike","Clothesline"],"picked":"Twin Strike","floor":4},{"not_picked":["Perfected Strike","Fiend Fire","Anger"],"picked":"SKIP","floor":5},{"not_picked":["Burning Pact","True Grit","Flex"],"picked":"SKIP","floor":7},{"not_picked":["Clothesline","Sword Boomerang"],"picked":"Warcry","floor":10},{"not_picked":["Battle Trance","Cleave"],"picked":"Shrug It Off","floor":12},{"not_picked":["Flex","Bloodletting","Combust"],"picked":"SKIP","floor":14}],"player_experience":755783,"relics_obtained":[{"floor":7,"key":"Incense Burner"},{"floor":9,"key":"Tiny Chest"},{"floor":10,"key":"Juzu Bracelet"}],"event_choices":[{"damage_healed":0,"gold_gain":0,"player_choice":"Ignored","damage_taken":0,"max_hp_gain":0,"max_hp_loss":0,"event_name":"Shining Light","floor":13,"gold_loss":0}],"is_beta":false,"boss_relics":[],"items_purged_floors":[],"is_endless":false,"potions_floor_spawned":[1,5,10,12],"killed_by":"Hexaghost","ascension_level":15}