{"gold_per_floor":[217,235,54,71,71,103,103,137,164,15,26,26,26,56,56,56],"floor_reached":16,"playtime":2284,"items_purged":["Strike_G"],"score":118,"play_id":"884c87a8-0aec-4f2f-9085-195c1ac12714","local_time":"20190518180108","is_ascension_mode":false,"campfire_choices":[{"data":"Calculated Gamble","floor":7,"key":"SMITH"},{"data":"Footwork","floor":12,"key":"SMITH"},{"data":"Bouncing Flask","floor":15,"key":"SMITH"}],"neow_cost":"NONE","seed_source_timestamp":3267707926120633,"circlet_count":0,"master_deck":["Defend_G","Defend_G","Defend_G","Defend_G","Strike_G","Strike_G","Strike_G","Strike_G","Survivor","Neutralize","Escape Plan","Footwork+1","Well Laid Plans","Crippling Poison+1","Escape Plan","Calculated Gamble+1","Blur","Quick Slash","Bouncing Flask+1","Deadly Poison","Poisoned Stab","Escape Plan"],"relics":["Ring of the Snake","Oddly Smooth Stone","Potion Belt","Bronze Scales","Strawberry"],"potions_floor_usage":[6,14,16],"damage_taken":[{"damage":2,"enemies":"Small Slimes","floor":1,"turns":5},{"damage":1,"enemies":"Cultist","floor":2,"turns":5},{"damage":3,"enemies":"2 Louse","floor":4,"turns":3},{"damage":28,"enemies":"Gremlin Nob","floor":6,"turns":6},{"damage":1,"enemies":"Lagavulin","floor":8,"turns":14},{"damage":0,"enemies":"2 Fungi Beasts","floor":11,"turns":3},{"damage":24,"enemies":"Gremlin Nob","floor":14,"turns":4},{"damage":20,"enemies":"Slime Boss","floor":16,"turns":12}],"seed_played":"-4749223495936345744","potions_obtained":[{"floor":2,"key":"FearPotion"},{"floor":6,"key":"Ancient Potion"},{"floor":14,"key":"SteroidPotion"}],"is_trial":false,"path_per_floor":["M","M","$","M","?","E","R","E","T","$","M","R","?","E","R","B"],"character_chosen":"THE_SILENT","items_purchased":["Well Laid Plans","Crippling Poison","Bouncing Flask","Deadly Poison","Poison Potion"],"campfire_rested":0,"item_purchase_floors":[3,3,10,10,10],"current_hp_per_floor":[68,67,67,64,64,36,36,35,35,35,35,35,35,18,18,0],"gold":56,"neow_bonus":"HUNDRED_GOLD","is_prod":false,"is_daily":false,"chose_seed":false,"campfire_upgraded":3,"win_rate":0.0,"timestamp":1558216868,"path_taken":["M","M","$","M","?","E","R","E","T","$","M","R","?","E","R","BOSS"],"build_version":"2019-01-23","purchased_purges":1,"victory":false,"max_hp_per_floor":[70,70,70,70,70,70,70,70,70,70,70,70,70,77,77,77],"card_choices":[{"not_picked":["Bane","Flying Knee"],"picked":"Escape Plan","floor":1},{"not_picked":["Backflip","Slice"],"picked":"Footwork","floor":2},{"not_picked":["Dodge and Roll","Heel Hook"],"picked":"Escape Plan","floor":4},{"not_picked":["Escape Plan","Deflect"],"picked":"Blur","floor":6},{"not_picked":["Flying Knee","Finisher"],"picked":"Quick Slash","floor":8},{"not_picked":["PiercingWail","Outmaneuver"],"picked":"Poisoned Stab","floor":11},{"not_picked":["Blade Dance","Prepared"],"picked":"Escape Plan","floor":14}],"player_experience":68056,"relics_obtained":[{"floor":6,"key":"Oddly Smooth Stone"},{"floor":8,"key":"Potion Belt"},{"floor":9,"key":"Bronze Scales"},{"floor":14,"key":"Strawberry"}],"event_choices":[{"damage_healed":0,"gold_gain":0,"cards_transformed":["Defend_G"],"player_choice":"Change","damage_taken":0,"max_hp_gain":0,"max_hp_loss":0,"event_name":"Living Wall","floor":5,"gold_loss":0,"cards_obtained":["Calculated Gamble"]},{"damage_healed":0,"gold_gain":0,"player_choice":"Forge","damage_taken":0,"max_hp_gain":0,"max_hp_loss":0,"event_name":"Accursed Blacksmith","floor":13,"gold_loss":0,"cards_upgraded":["Crippling Poison"]}],"is_beta":false,"boss_relics":[],"items_purged_floors":[3],"is_endless":false,"potions_floor_spawned":[2,6,14],"killed_by":"Slime Boss","ascension_level":0}