{"gold_per_floor":[210,210,53,68,78,106,126,126,126,126,142,142,172,188,188,261,261,272,298,35,46,46,46,79,79,158,188,48,48,48,48,48,125,125,144,155,30,130,150,176,176,209,232,242,242,274,285,295,295,295,295,295,295,8,43,43],"floor_reached":56,"playtime":4447,"items_purged":["Strike_G","Decay"],"score":2041,"play_id":"37d64658-0264-4394-8419-bb855c422961","local_time":"20190127173159","is_ascension_mode":true,"campfire_choices":[{"data":"1","floor":8.0,"key":"LIFT"},{"data":"2","floor":10.0,"key":"LIFT"},{"data":"3","floor":12.0,"key":"LIFT"},{"data":"Well Laid Plans","floor":15.0,"key":"SMITH"},{"floor":23.0,"key":"REST"},{"data":"Cloak And Dagger","floor":25.0,"key":"SMITH"},{"floor":30.0,"key":"REST"},{"data":"Infinite Blades","floor":32.0,"key":"SMITH"},{"floor":41,"key":"RECALL"},{"floor":49,"key":"REST"},{"floor":53,"key":"REST"}],"neow_cost":"NONE","seed_source_timestamp":12051483250502,"circlet_count":0,"master_deck":["AscendersBane","Defend_G+1","Defend_G+1","Defend_G+1","Defend_G+1","Defend_G+1","Strike_G+1","Strike_G+1","Strike_G+1","Strike_G+1","Survivor","Neutralize","Poisoned Stab","Well Laid Plans+1","Crippling Poison","Dagger Throw","Cloak And Dagger+1","Crippling Poison","Poisoned Stab","Dagger Spray","After Image","Backflip+1","Dagger Spray","PiercingWail","Corpse Explosion","Infinite Blades+1","Cloak And Dagger+1","Footwork","Dodge and Roll","Blur","Cloak And Dagger+1","Leg Sweep","Envenom","Dodge and Roll","PiercingWail","Footwork","Dodge and Roll"],"special_seed":0,"relics":["Ring of the Snake","Vajra","Girya","Gremlin Horn","Bottled Tornado","WristBlade","Red Mask","Regal Pillow","PreservedInsect","Singing Bowl","Molten Egg 2","Fusion Hammer","Thread and Needle","Blood Vial","Prayer Wheel","Bottled Lightning","Oddly Smooth Stone","Boot"],"potions_floor_usage":[39,40,46,50,56,56,56],"damage_taken":[{"damage":12.0,"enemies":"Cultist","floor":1.0,"turns":5.0},{"damage":1.0,"enemies":"2 Louse","floor":4.0,"turns":4.0},{"damage":0.0,"enemies":"Jaw Worm","floor":5.0,"turns":4.0},{"damage":10.0,"enemies":"3 Sentries","floor":6.0,"turns":15.0},{"damage":8.0,"enemies":"3 Louse","floor":7.0,"turns":4.0},{"damage":7.0,"enemies":"Blue Slaver","floor":11.0,"turns":4.0},{"damage":8.0,"enemies":"Gremlin Nob","floor":13.0,"turns":3.0},{"damage":10.0,"enemies":"Gremlin Gang","floor":14.0,"turns":2.0},{"damage":20.0,"enemies":"The Guardian","floor":16.0,"turns":11.0},{"damage":12.0,"enemies":"Shell Parasite","floor":18.0,"turns":5.0},{"damage":22.0,"enemies":"Masked Bandits","floor":19.0,"turns":4.0},{"damage":1.0,"enemies":"Spheric Guardian","floor":21.0,"turns":3.0},{"damage":5.0,"enemies":"Gremlin Leader","floor":24.0,"turns":6.0},{"damage":20.0,"enemies":"Slavers","floor":27.0,"turns":4.0},{"damage":18.0,"enemies":"Automaton","floor":33.0,"turns":7.0},{"damage":0,"enemies":"Orb Walker","floor":35,"turns":2},{"damage":0,"enemies":"3 Shapes","floor":36,"turns":4},{"damage":0,"enemies":"Mind Bloom Boss Battle","floor":38,"turns":4},{"damage":10,"enemies":"Writhing Mass","floor":39,"turns":9},{"damage":16,"enemies":"Giant Head","floor":40,"turns":7},{"damage":0,"enemies":"Nemesis","floor":42,"turns":7},{"damage":0,"enemies":"4 Shapes","floor":44,"turns":3},{"damage":18,"enemies":"Giant Head","floor":46,"turns":7},{"damage":6,"enemies":"Maw","floor":47,"turns":8},{"damage":8,"enemies":"Jaw Worm Horde","floor":48,"turns":3},{"damage":53,"enemies":"Awakened One","floor":50,"turns":25},{"damage":40,"enemies":"Donu and Deca","floor":51,"turns":9},{"damage":41,"enemies":"Shield and Spear","floor":55,"turns":8},{"damage":48,"enemies":"The Heart","floor":56,"turns":3}],"seed_played":"-1641877477430620704","potions_obtained":[{"floor":5.0,"key":"EssenceOfSteel"},{"floor":6.0,"key":"Poison Potion"},{"floor":14.0,"key":"Fire Potion"},{"floor":16.0,"key":"PowerPotion"},{"floor":19.0,"key":"Fire Potion"},{"floor":21.0,"key":"Weak Potion"},{"floor":33.0,"key":"Regen Potion"},{"floor":40,"key":"EntropicBrew"},{"floor":45,"key":"Poison Potion"},{"floor":46,"key":"Energy Potion"},{"floor":47,"key":"Regen Potion"}],"is_trial":false,"path_per_floor":["M","?","$","M","M","E","M","R","T","R","M","R","E","M","R","B",null,"M","?","$","M","?","R","E","R","T","E","$","?","R","?","R","B",null,"M","M","$","?","M","E","R","E","T","M","?","E","M","M","R","B","B",null,"R","$","E","B"],"character_chosen":"THE_SILENT","items_purchased":["Vajra","PiercingWail","Regal Pillow","Infinite Blades","Footwork","Dodge and Roll","Oddly Smooth Stone","Footwork","Dodge and Roll"],"campfire_rested":4,"item_purchase_floors":[3,20,20,28,37,37,54,54,54],"current_hp_per_floor":[47,66,66,65,65,55,47,47,47,47,40,40,32,22,22,2,50,38,16,16,15,15,49,44,44,44,26,26,26,61,61,61,45,64,64,66,66,68,58,56,56,60,60,62,62,46,44,40,79,43,5,63,82,82,43,0],"gold":43,"neow_bonus":"HUNDRED_GOLD","is_prod":false,"is_daily":false,"chose_seed":false,"campfire_upgraded":3,"win_rate":0,"timestamp":1548606719,"path_taken":["M","?","$","M","M","E","?","R","T","R","M","R","E","M","R","BOSS","M","?","$","M","?","R","E","R","T","E","?","?","R","?","R","BOSS","M","M","$","?","M","E","R","E","T","M","?","E","M","?","R","BOSS","BOSS","R","$","E","BOSS"],"build_version":"2019-01-23","purchased_purges":2,"victory":false,"max_hp_per_floor":[66,66,66,66,66,66,66,66,66,66,66,66,66,66,66,66,66,66,66,66,66,66,66,66,66,66,68,68,68,68,68,68,70,70,70,72,72,74,74,76,76,78,78,78,78,78,80,82,82,82,82,82,82,82,84,84],"card_choices":[{"not_picked":["Underhanded Strike","Acrobatics"],"picked":"Poisoned Stab","floor":1.0},{"not_picked":["Riddle With Holes","Acrobatics"],"picked":"Well Laid Plans","floor":4.0},{"not_picked":["Masterful Stab","Grand Finale"],"picked":"Crippling Poison","floor":5.0},{"not_picked":["Sucker Punch","Deflect"],"picked":"Dagger Throw","floor":6.0},{"not_picked":["Deadly Poison","Well Laid Plans"],"picked":"Cloak And Dagger","floor":7.0},{"not_picked":["Dagger Throw","PiercingWail"],"picked":"Crippling Poison","floor":11.0},{"not_picked":["Crippling Poison","Sucker Punch"],"picked":"Poisoned Stab","floor":13.0},{"not_picked":["Bouncing Flask","Deadly Poison"],"picked":"Dagger Spray","floor":14.0},{"not_picked":["Unload","Grand Finale"],"picked":"After Image","floor":16.0},{"not_picked":["All Out Attack","Flying Knee"],"picked":"Backflip+1","floor":18.0},{"not_picked":["Prepared","Finisher"],"picked":"Dagger Spray","floor":19.0},{"not_picked":["Slice","Choke"],"picked":"Corpse Explosion","floor":21.0},{"not_picked":["Slice","Deadly Poison","All Out Attack"],"picked":"SKIP","floor":24.0},{"not_picked":["Prepared","Poisoned Stab","Outmaneuver"],"picked":"Singing Bowl","floor":27.0},{"not_picked":["Corpse Explosion","Unload+1","A Thousand Cuts"],"picked":"Singing Bowl","floor":33.0},{"not_picked":["Bane+1","Deflect+1"],"picked":"Cloak And Dagger+1","floor":35},{"not_picked":["Prepared","Slice+1","Deadly Poison"],"picked":"Singing Bowl","floor":36},{"not_picked":["Slice+1","Dash+1","Reflex+1"],"picked":"Singing Bowl","floor":38},{"not_picked":["Choke+1","Setup"],"picked":"Blur","floor":39},{"not_picked":["Grand Finale+1","Dagger Spray+1","Flechettes+1"],"picked":"Singing Bowl","floor":40},{"not_picked":["Dagger Throw+1","All Out Attack+1","Skewer+1"],"picked":"Singing Bowl","floor":42},{"not_picked":["Outmaneuver+1","Riddle With Holes+1"],"picked":"Cloak And Dagger+1","floor":44},{"not_picked":["Caltrops","Heel Hook+1"],"picked":"Leg Sweep","floor":44},{"not_picked":["Escape Plan+1","Blade Dance"],"picked":"Envenom","floor":46},{"not_picked":["Slice+1","Flying Knee+1","Deflect"],"picked":"Singing Bowl","floor":47},{"not_picked":["Dagger Throw+1","Caltrops"],"picked":"Dodge and Roll","floor":47},{"not_picked":["Prepared+1","Bane+1"],"picked":"PiercingWail","floor":48},{"not_picked":["Crippling Poison","Flying Knee+1","Deadly Poison"],"picked":"Singing Bowl","floor":48},{"not_picked":["Bullet Time","Tactician","Slice+1"],"picked":"Singing Bowl","floor":55}],"player_experience":787671,"relics_obtained":[{"floor":6.0,"key":"Girya"},{"floor":9.0,"key":"Gremlin Horn"},{"floor":13.0,"key":"Bottled Tornado"},{"floor":19.0,"key":"Red Mask"},{"floor":24.0,"key":"PreservedInsect"},{"floor":26.0,"key":"Singing Bowl"},{"floor":27.0,"key":"Molten Egg 2"},{"floor":38,"key":"Thread and Needle"},{"floor":40,"key":"Blood Vial"},{"floor":42,"key":"Prayer Wheel"},{"floor":46,"key":"Bottled Lightning"},{"floor":55,"key":"Boot"}],"event_choices":[{"damage_healed":19.0,"max_hp_gain":0.0,"max_hp_loss":0.0,"gold_gain":0.0,"event_name":"Wheel of Change","player_choice":"Full Heal","floor":2.0,"gold_loss":0.0,"damage_taken":0.0},{"damage_healed":0.0,"max_hp_gain":0.0,"max_hp_loss":0.0,"gold_gain":0.0,"event_name":"Masked Bandits","player_choice":"Fought Bandits","floor":19.0,"gold_loss":0.0,"damage_taken":0.0},{"damage_healed":0.0,"max_hp_gain":0.0,"max_hp_loss":0.0,"gold_gain":0.0,"event_name":"Forgotten Altar","player_choice":"Smashed Altar","floor":22.0,"gold_loss":0.0,"damage_taken":0.0,"cards_obtained":["Decay"]},{"damage_healed":0.0,"max_hp_gain":0.0,"max_hp_loss":0.0,"gold_gain":0.0,"event_name":"Ghosts","player_choice":"Ignored","floor":29.0,"gold_loss":0.0,"damage_taken":0.0},{"damage_healed":0.0,"max_hp_gain":0.0,"max_hp_loss":0.0,"gold_gain":0.0,"event_name":"Back to Basics","player_choice":"Simplicity","floor":31.0,"gold_loss":0.0,"damage_taken":0.0,"cards_upgraded":["Defend_G","Defend_G","Defend_G","Defend_G","Defend_G","Strike_G","Strike_G","Strike_G","Strike_G"]},{"damage_healed":0,"gold_gain":0,"player_choice":"Fight","damage_taken":0,"max_hp_gain":0,"max_hp_loss":0,"event_name":"MindBloom","floor":38,"gold_loss":0},{"damage_healed":0,"gold_gain":0,"player_choice":"Got Potions","damage_taken":0,"max_hp_gain":0,"max_hp_loss":0,"event_name":"Lab","floor":45,"gold_loss":0}],"is_beta":false,"boss_relics":[{"not_picked":["Tiny House","Runic Dome"],"picked":"WristBlade"},{"not_picked":["Astrolabe","Snecko Eye"],"picked":"Fusion Hammer"}],"items_purged_floors":[20,28],"is_endless":false,"potions_floor_spawned":[5,6,14,16,19,21,33,38,40,46,47],"killed_by":"The Heart","ascension_level":20}