{"gold_per_floor":[115,40,40,40,50,50,67,67,67,67,82,82,47,47,47,152,152,168,268,279,204,250,262,287,299,311,323],"floor_reached":27,"playtime":999,"items_purged":["Defend_R"],"score":239,"play_id":"09eb38e1-13e4-4f50-ace4-87ae204c419d","local_time":"20181009204118","is_ascension_mode":true,"campfire_choices":[{"data":"Cleave","floor":6,"key":"SMITH"},{"data":"Seeing Red","floor":8,"key":"SMITH"},{"data":"Bash","floor":10,"key":"SMITH"},{"data":"Blood for Blood","floor":15,"key":"SMITH"},{"data":"Feed","floor":23,"key":"SMITH"}],"neow_cost":"NONE","seed_source_timestamp":213878307959345,"circlet_count":0,"master_deck":["Strike_R","Strike_R","Strike_R","Strike_R","Strike_R","Defend_R","Defend_R","Bash+1","Cleave+1","Seeing Red+1","Blood for Blood+1","Ghostly Armor+1","Blood for Blood","Feed+1","Sword Boomerang","Metallicize"],"relics":["Burning Blood","Regal Pillow","Juzu Bracelet","Toxic Egg 2","Busted Crown","MawBank","Pen Nib","Dodecahedron"],"potions_floor_usage":[11,16,16,24],"damage_taken":[{"damage":7,"enemies":"Small Slimes","floor":1,"turns":4},{"damage":7,"enemies":"Jaw Worm","floor":5,"turns":3},{"damage":1,"enemies":"Cultist","floor":7,"turns":3},{"damage":6,"enemies":"Looter","floor":11,"turns":2},{"damage":28,"enemies":"Slime Boss","floor":16,"turns":11},{"damage":18,"enemies":"3 Byrds","floor":18,"turns":5},{"damage":12,"enemies":"Chosen","floor":20,"turns":4},{"damage":30,"enemies":"Sentry and Sphere","floor":24,"turns":5},{"damage":49,"enemies":"Book of Stabbing","floor":27,"turns":4}],"seed_played":"-1174669302514607290","potions_obtained":[{"floor":1,"key":"Ancient Potion"},{"floor":7,"key":"Swift Potion"},{"floor":11,"key":"PowerPotion"},{"floor":20,"key":"Block Potion"}],"is_trial":false,"path_per_floor":["M","$","?","?","M","R","M","R","T","R","M","?","$","?","R","B",null,"M","?","M","?","T","R","M","?","T"],"character_chosen":"IRONCLAD","items_purchased":["Ghostly Armor+1"],"campfire_rested":0,"item_purchase_floors":[13],"current_hp_per_floor":[79,79,84,84,83,83,85,85,85,85,85,78,78,78,78,56,85,76,76,70,70,70,70,46,46,46,0],"gold":323,"neow_bonus":"RANDOM_COMMON_RELIC","is_prod":false,"is_daily":false,"chose_seed":false,"campfire_upgraded":5,"win_rate":0,"timestamp":1539128478,"path_taken":["M","$","?","?","M","R","M","R","T","R","M","?","$","?","R","BOSS","M","?","M","?","?","R","M","?","T","E"],"build_version":"2018-10-04v2","purchased_purges":1,"victory":false,"max_hp_per_floor":[80,80,85,85,85,85,85,85,85,85,85,85,85,85,85,85,85,88,88,88,88,88,88,88,88,88,88],"card_choices":[{"not_picked":["Seeing Red","Armaments"],"picked":"Cleave","floor":1},{"not_picked":["Headbutt","Burning Pact","Rage"],"picked":"SKIP","floor":5},{"not_picked":["Flex","Carnage"],"picked":"Seeing Red","floor":7},{"not_picked":["Perfected Strike","Cleave"],"picked":"Blood for Blood","floor":11},{"not_picked":["Berserk","Barricade"],"picked":"Feed","floor":16},{"not_picked":[],"picked":"Sword Boomerang","floor":18},{"not_picked":["Sever Soul"],"picked":"SKIP","floor":20},{"not_picked":[],"picked":"Metallicize","floor":24}],"player_experience":317993,"relics_obtained":[{"floor":9,"key":"Juzu Bracelet"},{"floor":22,"key":"MawBank"},{"floor":26,"key":"Dodecahedron"}],"event_choices":[{"event_name":"Big Fish","player_choice":"Donut","floor":3,"damage_taken":0},{"event_name":"Wheel of Change","player_choice":"Relic","floor":4,"damage_taken":0},{"event_name":"Scrap Ooze","player_choice":"success","floor":12,"damage_taken":7},{"event_name":"Match and Keep!","player_choice":"1 cards matched","floor":14,"damage_taken":0},{"event_name":"Golden Shrine","player_choice":"Pray","floor":19,"damage_taken":0},{"event_name":"Beggar","player_choice":"Gave Gold","floor":21,"damage_taken":0},{"event_name":"The Mausoleum","player_choice":"Yes","floor":25,"damage_taken":0}],"is_beta":false,"boss_relics":[{"not_picked":["Cursed Key","Empty Cage"],"picked":"Busted Crown"}],"items_purged_floors":[2],"is_endless":false,"potions_floor_spawned":[1,7,11,20],"killed_by":"Book of Stabbing","ascension_level":4}