{"gold_per_floor":[117,117,42,59,59,92,106,106,106,106,6,50,50,50,50,50],"floor_reached":16,"playtime":440,"items_purged":["Regret","Strike_R"],"score":164,"play_id":"a03844e5-54a5-4817-a201-16ca3c7e7eca","local_time":"20190428104949","is_ascension_mode":true,"campfire_choices":[{"data":"Rampage","floor":8,"key":"SMITH"},{"data":"Cleave","floor":10,"key":"SMITH"},{"floor":13,"key":"REST"},{"floor":15,"key":"REST"}],"neow_cost":"NONE","seed_source_timestamp":850260834218472,"circlet_count":0,"master_deck":["AscendersBane","Strike_R","Strike_R","Strike_R","Strike_R","Defend_R","Defend_R+1","Defend_R","Defend_R","Bash+1","Rampage+1","Cleave+1","True Grit+1"],"relics":["Burning Blood","Ornamental Fan","Golden Idol","Frozen Egg 2","Potion Belt","Ancient Tea Set"],"potions_floor_usage":[6],"damage_taken":[{"damage":6,"enemies":"Cultist","floor":1,"turns":4},{"damage":0,"enemies":"2 Louse","floor":4,"turns":3},{"damage":29,"enemies":"Lagavulin","floor":6,"turns":6},{"damage":5,"enemies":"Small Slimes","floor":7,"turns":3},{"damage":36,"enemies":"3 Sentries","floor":12,"turns":7},{"damage":61,"enemies":"Slime Boss","floor":16,"turns":7}],"seed_played":"2973002463054503188","potions_obtained":[{"floor":4,"key":"Dexterity Potion"},{"floor":6,"key":"SneckoOil"}],"is_trial":false,"path_per_floor":["M","?","$","M","?","E","M","R","T","R","$","E","R","?","R","B"],"character_chosen":"IRONCLAD","items_purchased":[],"campfire_rested":2,"item_purchase_floors":[],"current_hp_per_floor":[72,72,72,78,74,51,52,52,52,52,52,22,44,29,51,0],"gold":50,"neow_bonus":"UPGRADE_CARD","is_prod":false,"is_daily":false,"chose_seed":false,"campfire_upgraded":2,"win_rate":0,"timestamp":1556459389,"path_taken":["M","?","$","M","?","E","M","R","T","R","$","E","R","?","R","BOSS"],"build_version":"2019-01-23","purchased_purges":2,"victory":false,"max_hp_per_floor":[80,80,80,80,74,74,74,74,74,74,74,74,74,74,74,74],"card_choices":[{"not_picked":["Warcry","Flame Barrier"],"picked":"Rampage","floor":1},{"not_picked":["Cleave","Wild Strike","Thunderclap"],"picked":"SKIP","floor":4},{"not_picked":["Wild Strike","Thunderclap"],"picked":"Cleave","floor":4},{"not_picked":["Havoc","Pommel Strike","Whirlwind"],"picked":"SKIP","floor":6},{"not_picked":["Body Slam","Perfected Strike","Havoc"],"picked":"SKIP","floor":7},{"not_picked":["Feed","Body Slam"],"picked":"True Grit","floor":12}],"player_experience":665472,"relics_obtained":[{"floor":6,"key":"Frozen Egg 2"},{"floor":9,"key":"Potion Belt"},{"floor":12,"key":"Ancient Tea Set"}],"event_choices":[{"damage_healed":0,"gold_gain":0,"player_choice":"Box","damage_taken":0,"relics_obtained":["Ornamental Fan"],"max_hp_gain":0,"max_hp_loss":0,"event_name":"Big Fish","floor":2,"gold_loss":0,"cards_obtained":["Regret"]},{"damage_healed":0,"gold_gain":0,"player_choice":"Lose Max HP","damage_taken":0,"relics_obtained":["Golden Idol"],"max_hp_gain":0,"max_hp_loss":6,"event_name":"Golden Idol","floor":5,"gold_loss":0},{"damage_healed":0,"gold_gain":0,"player_choice":"Entered Light","damage_taken":15,"max_hp_gain":0,"max_hp_loss":0,"event_name":"Shining Light","floor":14,"gold_loss":0,"cards_upgraded":["Defend_R","True Grit"]}],"is_beta":false,"boss_relics":[],"items_purged_floors":[3,11],"is_endless":false,"potions_floor_spawned":[4,6],"killed_by":"Slime Boss","ascension_level":11}