{"gold_per_floor":[112,112,287,300,300,332,342,27,27,52,52,62,62],"floor_reached":13,"playtime":644,"items_purged":["Strike_R"],"score":148,"play_id":"94f153b5-45d2-42b1-971b-4d761c34995b","local_time":"20190202110923","is_ascension_mode":true,"campfire_choices":[{"data":"Entrench","floor":11,"key":"SMITH"}],"neow_cost":"NONE","seed_source_timestamp":1036732282964291,"circlet_count":0,"master_deck":["Strike_R","Strike_R","Strike_R","Strike_R","Defend_R","Defend_R","Defend_R","Defend_R","Bash","Flex","Flame Barrier","Entrench+1","Flex+1"],"relics":["Burning Blood","NeowsBlessing","Red Skull","Frozen Egg 2","Toxic Egg 2","Self Forming Clay"],"potions_floor_usage":[7,13],"damage_taken":[{"damage":0,"enemies":"Small Slimes","floor":1,"turns":1},{"damage":0,"enemies":"Jaw Worm","floor":4,"turns":1},{"damage":0,"enemies":"Lagavulin","floor":6,"turns":1},{"damage":2,"enemies":"Cultist","floor":7,"turns":4},{"damage":55,"enemies":"3 Sentries","floor":10,"turns":13},{"damage":6,"enemies":"3 Louse","floor":12,"turns":4},{"damage":40,"enemies":"Lagavulin","floor":13,"turns":7}],"seed_played":"8725400141096308875","potions_obtained":[{"floor":1,"key":"Weak Potion"},{"floor":12,"key":"SkillPotion"}],"is_trial":false,"path_per_floor":["M","$","?","M","?","E","M","$","T","E","R","M","E"],"character_chosen":"IRONCLAD","items_purchased":["Frozen Egg 2"],"campfire_rested":0,"item_purchase_floors":[8],"current_hp_per_floor":[80,80,80,80,73,79,80,80,80,31,31,31,0],"gold":62,"neow_bonus":"THREE_ENEMY_KILL","is_prod":false,"is_daily":false,"chose_seed":false,"campfire_upgraded":1,"win_rate":0,"timestamp":1549120163,"path_taken":["M","$","?","M","?","E","M","?","T","E","R","?","E"],"build_version":"2019-01-23","purchased_purges":1,"victory":false,"max_hp_per_floor":[80,80,80,80,80,80,80,80,80,80,80,80,80],"card_choices":[{"not_picked":["Battle Trance","Twin Strike","Perfected Strike"],"picked":"SKIP","floor":1},{"not_picked":["Pommel Strike","Anger"],"picked":"Flex","floor":4},{"not_picked":["Body Slam","Pommel Strike"],"picked":"Flame Barrier","floor":6},{"not_picked":["Searing Blow","Hemokinesis"],"picked":"Entrench","floor":7},{"not_picked":["Fiend Fire","Rampage"],"picked":"Flex+1","floor":10},{"not_picked":["Pommel Strike","Dropkick","Havoc+1"],"picked":"SKIP","floor":12}],"player_experience":382045,"relics_obtained":[{"floor":6,"key":"Red Skull"},{"floor":9,"key":"Toxic Egg 2"},{"floor":10,"key":"Self Forming Clay"}],"event_choices":[{"damage_healed":0,"gold_gain":175,"player_choice":"AGREE","damage_taken":0,"max_hp_gain":0,"max_hp_loss":0,"event_name":"Liars Game","floor":3,"gold_loss":0,"cards_obtained":["Doubt"]},{"cards_removed":["Doubt"],"damage_healed":0,"gold_gain":0,"player_choice":"Card Removal","damage_taken":7,"max_hp_gain":0,"max_hp_loss":0,"event_name":"Golden Wing","floor":5,"gold_loss":0}],"is_beta":false,"boss_relics":[],"items_purged_floors":[8],"is_endless":false,"potions_floor_spawned":[1,12],"killed_by":"Lagavulin","ascension_level":5}