{"gold_per_floor":[114,114,114,129,129,129,155,155,155,155,167,147,147,182,182,261,261,273,284,284,294,6,6],"floor_reached":23,"playtime":827,"items_purged":["Strike_B"],"score":494,"play_id":"b265797e-7a5e-4d8e-a581-d3f27d515e52","local_time":"20181230220003","is_ascension_mode":true,"campfire_choices":[{"data":"Darkness","floor":6,"key":"SMITH"},{"data":"Fission","floor":8,"key":"SMITH"},{"data":"Zap","floor":10,"key":"SMITH"},{"floor":13,"key":"REST"},{"data":"Turbo","floor":15,"key":"SMITH"}],"neow_cost":"NONE","seed_source_timestamp":33078068749144,"circlet_count":0,"master_deck":["AscendersBane","Strike_B","Strike_B","Defend_B","Defend_B","Defend_B","Defend_B","Zap+1","Dualcast","Doom and Gloom","Darkness+1","Fission+1","Turbo+1","Go for the Eyes","Echo Form+1","Leap","Steam+1","Auto Shields+1"],"relics":["Cracked Core","Unceasing Top","Oddly Smooth Stone","Frozen Egg 2","Mercury Hourglass","Fusion Hammer","Enchiridion","Regal Pillow"],"potions_floor_usage":[21,23],"damage_taken":[{"damage":4,"enemies":"2 Louse","floor":1,"turns":3},{"damage":13,"enemies":"Small Slimes","floor":4,"turns":5},{"damage":35,"enemies":"3 Sentries","floor":7,"turns":6},{"damage":0,"enemies":"Jaw Worm","floor":11,"turns":3},{"damage":11,"enemies":"Gremlin Nob","floor":14,"turns":3},{"damage":0,"enemies":"Slime Boss","floor":16,"turns":5},{"damage":6,"enemies":"3 Byrds","floor":18,"turns":4},{"damage":5,"enemies":"Spheric Guardian","floor":19,"turns":3},{"damage":11,"enemies":"Cultist and Chosen","floor":21,"turns":6},{"damage":24,"enemies":"Gremlin Leader","floor":23,"turns":2}],"seed_played":"-6951235363671041411","potions_obtained":[{"floor":4,"key":"Poison Potion"},{"floor":12,"key":"Explosive Potion"}],"is_trial":false,"path_per_floor":["M","?","?","M","T","R","E","R","T","R","M","?","R","E","R","B",null,"M","M","?","M","$","E"],"character_chosen":"DEFECT","items_purchased":["Regal Pillow","Explosive Potion"],"campfire_rested":1,"item_purchase_floors":[22,22],"current_hp_per_floor":[67,67,67,54,54,54,19,19,19,19,19,19,42,31,31,31,66,60,55,34,23,23,0],"gold":6,"neow_bonus":"TEN_PERCENT_HP_BONUS","is_prod":false,"is_daily":false,"chose_seed":false,"campfire_upgraded":4,"win_rate":0,"timestamp":1546203603,"path_taken":["M","?","?","M","?","R","E","R","T","R","M","?","R","E","R","BOSS","M","?","?","M","$","E"],"build_version":"2018-12-20","purchased_purges":1,"victory":false,"max_hp_per_floor":[78,78,78,78,78,78,78,78,78,78,78,78,78,78,78,78,78,78,78,78,78,78,78],"card_choices":[{"not_picked":["Cold Snap","Hologram"],"picked":"Doom and Gloom","floor":1},{"not_picked":["Steam","Conserve Battery"],"picked":"Darkness","floor":4},{"not_picked":["Consume","Self Repair"],"picked":"Fission","floor":7},{"not_picked":["Heatsinks+1","Steam"],"picked":"Turbo","floor":11},{"not_picked":["Beam Cell","Rip and Tear"],"picked":"Go for the Eyes","floor":14},{"not_picked":["Creative AI+1","Fission"],"picked":"Echo Form+1","floor":16},{"not_picked":["Rebound","Compile Driver"],"picked":"Leap","floor":18},{"not_picked":["Static Discharge+1","Sweeping Beam"],"picked":"Steam+1","floor":19},{"not_picked":["Leap","Beam Cell"],"picked":"Auto Shields+1","floor":21}],"player_experience":711508,"relics_obtained":[{"floor":5,"key":"Unceasing Top"},{"floor":7,"key":"Oddly Smooth Stone"},{"floor":9,"key":"Frozen Egg 2"},{"floor":14,"key":"Mercury Hourglass"},{"floor":20,"key":"Enchiridion"}],"event_choices":[{"damage_healed":0,"gold_gain":0,"player_choice":"Ignored","damage_taken":0,"max_hp_gain":0,"max_hp_loss":0,"event_name":"Liars Game","floor":2,"gold_loss":0},{"cards_removed":["Strike_B"],"damage_healed":0,"gold_gain":0,"player_choice":"Forget","damage_taken":0,"max_hp_gain":0,"max_hp_loss":0,"event_name":"Living Wall","floor":3,"gold_loss":0},{"damage_healed":0,"gold_gain":0,"player_choice":"Bought 1 Potion","damage_taken":0,"max_hp_gain":0,"max_hp_loss":0,"event_name":"The Woman in Blue","floor":12,"gold_loss":0},{"damage_healed":0,"gold_gain":0,"player_choice":"Obtained Book","damage_taken":21,"max_hp_gain":0,"max_hp_loss":0,"event_name":"Cursed Tome","floor":20,"gold_loss":0}],"is_beta":false,"boss_relics":[{"not_picked":["Velvet Choker","Empty Cage"],"picked":"Fusion Hammer"}],"items_purged_floors":[22],"is_endless":false,"potions_floor_spawned":[4,16,18],"killed_by":"Gremlin Leader","ascension_level":20}