{"gold_per_floor":[113,113,131,131,41,76,76,101,101,101,111,111,144,194,194,266,266,278,49,62,79,79,79,109,109,109,141,66,76,92,111,111,186,186,201,211,311,328,43,78,90,118,118,133,178,209,209,220,220,220,220,220,220,42,75,75],"floor_reached":57,"playtime":3716,"items_purged":["Strike_R","Strike_R+1"],"score":2800,"play_id":"c10fbce3-ee98-4aee-9dcf-f4a33795a906","local_time":"20190605223449","is_ascension_mode":true,"campfire_choices":[{"data":"Fiend Fire","floor":7.0,"key":"SMITH"},{"data":"1","floor":12.0,"key":"LIFT"},{"data":"2","floor":15.0,"key":"LIFT"},{"data":"3","floor":23.0,"key":"LIFT"},{"floor":25.0,"key":"RECALL"},{"floor":32.0,"key":"REST"},{"floor":49,"key":"REST"},{"data":"Strike_R+1","floor":53,"key":"PURGE"}],"neow_cost":"NONE","seed_source_timestamp":18670363549989,"circlet_count":0,"master_deck":["AscendersBane","Strike_R+1","Defend_R+1","Defend_R+1","Defend_R+1","Defend_R+1","Bash","Inflame","Pummel","Fiend Fire+1","Armaments","Impervious","Limit Break+1","Feed","Immolate","Warcry+1","Reaper","Shrug It Off+1","True Grit+1","Sword Boomerang","Reaper","True Grit+1","Warcry+1","Warcry+1","Uppercut+1","Feel No Pain","Offering+1","Battle Trance+1","Dark Shackles+1","Offering+1"],"special_seed":0,"relics":["Burning Blood","Bird Faced Urn","Magic Flower","Red Skull","Girya","Oddly Smooth Stone","Toxic Egg 2","Fusion Hammer","Blood Vial","Strawberry","Sozu","Peace Pipe","Vajra","Sundial","Bottled Tornado","Blue Candle","Du-Vu Doll","Juzu Bracelet","Orichalcum"],"potions_floor_usage":[56,56],"damage_taken":[{"damage":7.0,"enemies":"Cultist","floor":1.0,"turns":4.0},{"damage":4.0,"enemies":"Small Slimes","floor":3.0,"turns":4.0},{"damage":20.0,"enemies":"Lagavulin","floor":6.0,"turns":7.0},{"damage":31.0,"enemies":"Gremlin Nob","floor":8.0,"turns":4.0},{"damage":11.0,"enemies":"Jaw Worm","floor":11.0,"turns":4.0},{"damage":24.0,"enemies":"3 Sentries","floor":13.0,"turns":8.0},{"damage":6.0,"enemies":"Hexaghost","floor":16.0,"turns":6.0},{"damage":3.0,"enemies":"Chosen","floor":18.0,"turns":5.0},{"damage":35.0,"enemies":"Shell Parasite","floor":20.0,"turns":6.0},{"damage":18.0,"enemies":"Snecko","floor":21.0,"turns":6.0},{"damage":15.0,"enemies":"Book of Stabbing","floor":24.0,"turns":4.0},{"damage":23.0,"enemies":"Slavers","floor":27.0,"turns":4.0},{"damage":18.0,"enemies":"Cultist and Chosen","floor":29.0,"turns":4.0},{"damage":15.0,"enemies":"3 Cultists","floor":30.0,"turns":6.0},{"damage":0.0,"enemies":"Centurion and Healer","floor":31.0,"turns":4.0},{"damage":35.0,"enemies":"Champ","floor":33.0,"turns":10.0},{"damage":34,"enemies":"Orb Walker","floor":35,"turns":5},{"damage":0,"enemies":"3 Shapes","floor":36,"turns":2},{"damage":12,"enemies":"Mind Bloom Boss Battle","floor":37,"turns":10},{"damage":32,"enemies":"Sphere and 2 Shapes","floor":38,"turns":10},{"damage":72,"enemies":"Nemesis","floor":40,"turns":7},{"damage":46,"enemies":"Writhing Mass","floor":41,"turns":10},{"damage":271,"enemies":"Giant Head","floor":42,"turns":13},{"damage":3,"enemies":"Spire Growth","floor":44,"turns":3},{"damage":48,"enemies":"2 Orb Walkers","floor":45,"turns":6},{"damage":157,"enemies":"Nemesis","floor":46,"turns":13},{"damage":47,"enemies":"Jaw Worm Horde","floor":48,"turns":8},{"damage":163,"enemies":"Donu and Deca","floor":50,"turns":12},{"damage":118,"enemies":"Time Eater","floor":51,"turns":15},{"damage":107,"enemies":"Shield and Spear","floor":55,"turns":12},{"damage":169,"enemies":"The Heart","floor":56,"turns":9}],"seed_played":"5266504110693466597","potions_obtained":[{"floor":0.0,"key":"Fire Potion"},{"floor":0.0,"key":"Weak Potion"},{"floor":8.0,"key":"SpeedPotion"},{"floor":11.0,"key":"Block Potion"},{"floor":13.0,"key":"SteroidPotion"},{"floor":33.0,"key":"FearPotion"}],"is_trial":false,"path_per_floor":["M","?","M","?","$","E","R","E","T","?","M","R","E","?","R","B",null,"M","$","M","M","?","R","E","R","T","E","?","M","M","M","R","B",null,"M","M","?","M","$","E","M","E","T","M","?","E","?","M","R","B","B",null,"R","$","E","B",null],"character_chosen":"IRONCLAD","items_purchased":["Fiend Fire","Immolate","Vajra","True Grit+1","Battle Trance+1","Dark Shackles+1"],"campfire_rested":2,"item_purchase_floors":[5,19,39,39,54,54],"current_hp_per_floor":[67,72,74,69,69,57,57,38,38,38,39,39,27,19,19,25,66,80,80,63,63,63,63,65,65,65,70,70,70,75,95,115,98,114,114,127,127,134,134,134,138,30,30,112,123,14,14,82,124,141,141,141,141,141,145,145],"gold":75,"neow_bonus":"THREE_SMALL_POTIONS","is_prod":false,"is_daily":false,"chose_seed":false,"campfire_upgraded":1,"win_rate":0,"timestamp":1559766889,"path_taken":["M","?","M","?","?","E","R","E","T","?","?","R","E","?","R","BOSS","M","$","?","M","?","R","E","R","T","E","?","M","M","M","R","BOSS","M","M","?","M","$","E","M","E","T","M","?","E","?","M","R","BOSS","BOSS","R","$","E","BOSS"],"build_version":"2019-01-23","purchased_purges":2,"victory":true,"max_hp_per_floor":[75,80,80,80,80,80,80,80,80,80,80,80,80,80,80,80,80,83,83,87,91,91,91,94,94,94,105,105,109,112,115,115,119,119,123,127,130,134,134,134,138,138,138,138,138,138,138,141,141,141,141,141,141,141,145,145],"card_choices":[{"not_picked":["Cleave","Body Slam"],"picked":"Inflame","floor":1.0},{"not_picked":["Shrug It Off","Flex"],"picked":"Pummel","floor":3.0},{"not_picked":["Heavy Blade","Clash"],"picked":"Armaments","floor":6.0},{"not_picked":["Ghostly Armor","Havoc","Bloodletting"],"picked":"SKIP","floor":8.0},{"not_picked":["Thunderclap","Twin Strike"],"picked":"Impervious","floor":11.0},{"not_picked":["Flame Barrier","Wild Strike"],"picked":"Limit Break","floor":13.0},{"not_picked":["Immolate","Double Tap+1"],"picked":"Feed","floor":16.0},{"not_picked":["Wild Strike","Flex+1","Dual Wield+1"],"picked":"SKIP","floor":18.0},{"not_picked":["Perfected Strike","Heavy Blade","Twin Strike"],"picked":"SKIP","floor":20.0},{"not_picked":["Dropkick","Heavy Blade"],"picked":"Warcry+1","floor":21.0},{"not_picked":["Iron Wave","Pommel Strike","Flex+1"],"picked":"SKIP","floor":24.0},{"not_picked":["Dropkick","Second Wind+1","Iron Wave"],"picked":"SKIP","floor":27.0},{"not_picked":["Anger","Clash","Flex+1"],"picked":"SKIP","floor":29.0},{"not_picked":["Flex+1","Perfected Strike","Ghostly Armor+1"],"picked":"SKIP","floor":30.0},{"not_picked":["Juggernaut","Clothesline","Rage+1"],"picked":"SKIP","floor":31.0},{"not_picked":["Immolate","Exhume+1"],"picked":"Reaper","floor":33.0},{"not_picked":["Pommel Strike","Sword Boomerang"],"picked":"Shrug It Off+1","floor":35},{"not_picked":["Pummel","Corruption"],"picked":"True Grit+1","floor":36},{"not_picked":["Pommel Strike","Rampage"],"picked":"Sword Boomerang","floor":37},{"not_picked":["Clash","True Grit+1"],"picked":"Reaper","floor":38},{"not_picked":["Infernal Blade+1","Twin Strike","Havoc+1"],"picked":"SKIP","floor":40},{"not_picked":["Pommel Strike","Sword Boomerang"],"picked":"Warcry+1","floor":41},{"not_picked":["Sentinel+1","Clothesline"],"picked":"Warcry+1","floor":42},{"not_picked":["Metallicize","Blood for Blood"],"picked":"Uppercut+1","floor":44},{"not_picked":["Bloodletting+1","Intimidate+1"],"picked":"Feel No Pain","floor":45},{"not_picked":["Havoc+1","Pummel","Spot Weakness+1"],"picked":"SKIP","floor":46},{"not_picked":["Power Through+1","Shrug It Off+1"],"picked":"Offering+1","floor":48},{"not_picked":["Metallicize+1","Whirlwind"],"picked":"Offering+1","floor":55}],"player_experience":1289983,"relics_obtained":[{"floor":6.0,"key":"Magic Flower"},{"floor":8.0,"key":"Red Skull"},{"floor":9.0,"key":"Girya"},{"floor":13.0,"key":"Toxic Egg 2"},{"floor":24.0,"key":"Blood Vial"},{"floor":27.0,"key":"Strawberry"},{"floor":37,"key":"Peace Pipe"},{"floor":40,"key":"Sundial"},{"floor":42,"key":"Bottled Tornado"},{"floor":43,"key":"Blue Candle"},{"floor":45,"key":"Du-Vu Doll"},{"floor":46,"key":"Juzu Bracelet"},{"floor":55,"key":"Orichalcum"}],"event_choices":[{"damage_healed":0.0,"max_hp_gain":5.0,"max_hp_loss":0.0,"gold_gain":0.0,"event_name":"Big Fish","player_choice":"Donut","floor":2.0,"gold_loss":0.0,"damage_taken":0.0},{"damage_healed":0.0,"max_hp_gain":0.0,"max_hp_loss":0.0,"gold_gain":0.0,"event_name":"Scrap Ooze","player_choice":"Success","floor":4.0,"gold_loss":0.0,"damage_taken":5.0,"relics_obtained":["Bird Faced Urn"]},{"damage_healed":0.0,"max_hp_gain":0.0,"max_hp_loss":0.0,"gold_gain":0.0,"event_name":"WeMeetAgain","player_choice":"Gave Potion","floor":10.0,"gold_loss":0.0,"damage_taken":0.0,"relics_obtained":["Oddly Smooth Stone"]},{"damage_healed":0.0,"max_hp_gain":0.0,"max_hp_loss":0.0,"gold_gain":50.0,"event_name":"FaceTrader","player_choice":"Touch","floor":14.0,"gold_loss":0.0,"damage_taken":8.0},{"damage_healed":0.0,"max_hp_gain":0.0,"max_hp_loss":0.0,"gold_gain":0.0,"event_name":"Back to Basics","player_choice":"Simplicity","floor":22.0,"gold_loss":0.0,"damage_taken":0.0,"cards_upgraded":["Strike_R","Strike_R","Strike_R","Strike_R","Defend_R","Defend_R","Defend_R","Defend_R"]},{"cards_removed":["Strike_R"],"damage_healed":0.0,"max_hp_gain":0.0,"max_hp_loss":0.0,"gold_gain":0.0,"event_name":"Beggar","player_choice":"Gave Gold","floor":28.0,"gold_loss":75.0,"damage_taken":0.0},{"damage_healed":0,"gold_gain":0,"player_choice":"Fight","damage_taken":0,"max_hp_gain":0,"max_hp_loss":0,"event_name":"MindBloom","floor":37,"gold_loss":0},{"damage_healed":0,"gold_gain":0,"player_choice":"Fight","damage_taken":0,"max_hp_gain":0,"max_hp_loss":0,"event_name":"Mysterious Sphere","floor":45,"gold_loss":0},{"damage_healed":0,"gold_gain":0,"player_choice":"Ignored","damage_taken":0,"max_hp_gain":0,"max_hp_loss":0,"event_name":"Tomb of Lord Red Mask","floor":47,"gold_loss":0}],"is_beta":false,"boss_relics":[{"not_picked":["Astrolabe","Empty Cage"],"picked":"Fusion Hammer"},{"not_picked":["Lizard Tail","Busted Crown"],"picked":"Sozu"}],"items_purged_floors":[19,39],"is_endless":false,"potions_floor_spawned":[8,11,13,16,20,21,24,33,35,37,40,41],"ascension_level":20}