{"gold_per_floor":[116,116,116,132,207,207,236,252,252,267,267,26,26,59,59,132,132,146,164,174,12,12,12,45,45,71,71,102,102,102,137,137,216,216,228,139,139,139,36,46,46,66,146,146,171,171,171],"floor_reached":47,"playtime":1793,"items_purged":["Dark Embrace"],"score":1026,"play_id":"3d6d993f-29d1-48d8-b382-d5891e68583e","local_time":"20190616130721","is_ascension_mode":true,"campfire_choices":[{"data":"Iron Wave","floor":6,"key":"SMITH"},{"data":"Anger","floor":11,"key":"SMITH"},{"data":"Bash","floor":13,"key":"SMITH"},{"data":"Inflame","floor":15,"key":"SMITH"},{"floor":23,"key":"REST"},{"data":"Rupture","floor":25,"key":"SMITH"},{"data":"Barricade","floor":27,"key":"SMITH"},{"data":"Combust","floor":30,"key":"SMITH"},{"floor":32,"key":"REST"},{"data":"Demon Form","floor":41,"key":"SMITH"},{"floor":44,"key":"REST"},{"floor":46,"key":"REST"}],"neow_cost":"NONE","seed_source_timestamp":2524010666859641,"circlet_count":0,"master_deck":["AscendersBane","Bash+1","Wild Strike+1","Iron Wave+1","Shrug It Off+1","Inflame+1","Flame Barrier+1","Barricade+1","Rupture+1","Blood for Blood+1","Immolate+1","Pommel Strike+1","Clash+1","Iron Wave+1","Cleave+1","Combust+1","Seeing Red+1","Evolve","Clothesline+1","Iron Wave+1","Demon Form+1","Shockwave+1","Disarm+1","Swift Strike+1","Pummel+1","Shrug It Off+1","Inflame"],"relics":["Burning Blood","Bag of Marbles","Toxic Egg 2","Mummified Hand","Boot","Molten Egg 2","Pandora\u0027s Box","Darkstone Periapt","Vajra","Art of War","Matryoshka","White Beast Statue","Oddly Smooth Stone","Anchor"],"potions_floor_usage":[7,7,7,16,28,31,31,33,42],"damage_taken":[{"damage":12,"enemies":"Jaw Worm","floor":1,"turns":2},{"damage":0,"enemies":"Small Slimes","floor":4,"turns":3},{"damage":0,"enemies":"Gremlin Nob","floor":7,"turns":3},{"damage":7,"enemies":"2 Louse","floor":8,"turns":2},{"damage":18,"enemies":"Large Slime","floor":10,"turns":7},{"damage":10,"enemies":"3 Sentries","floor":14,"turns":5},{"damage":47,"enemies":"The Guardian","floor":16,"turns":13},{"damage":11,"enemies":"Spheric Guardian","floor":18,"turns":3},{"damage":7,"enemies":"2 Thieves","floor":19,"turns":2},{"damage":26,"enemies":"Snake Plant","floor":20,"turns":3},{"damage":22,"enemies":"Book of Stabbing","floor":24,"turns":4},{"damage":8,"enemies":"Gremlin Leader","floor":28,"turns":5},{"damage":21,"enemies":"Book of Stabbing","floor":31,"turns":3},{"damage":17,"enemies":"Collector","floor":33,"turns":7},{"damage":23,"enemies":"3 Darklings","floor":35,"turns":3},{"damage":3,"enemies":"3 Shapes","floor":40,"turns":5},{"damage":27,"enemies":"Maw","floor":42,"turns":6},{"damage":44,"enemies":"Giant Head","floor":45,"turns":7},{"damage":46,"enemies":"Transient","floor":47,"turns":4}],"seed_played":"9061831891662565617","potions_obtained":[{"floor":4,"key":"EntropicBrew"},{"floor":7,"key":"FearPotion"},{"floor":10,"key":"GamblersBrew"},{"floor":18,"key":"Poison Potion"},{"floor":19,"key":"LiquidBronze"},{"floor":28,"key":"Swift Potion"},{"floor":31,"key":"Weak Potion"},{"floor":35,"key":"Weak Potion"},{"floor":40,"key":"SpeedPotion"},{"floor":42,"key":"LiquidBronze"}],"is_trial":false,"path_per_floor":["M","?","?","M","?","R","E","M","T","M","R","$","R","E","R","B",null,"M","M","M","$","?","R","E","R","T","R","E","?","R","E","R","B",null,"M","$","?","?","$","M","R","M","T","R","E","R","M"],"character_chosen":"IRONCLAD","items_purchased":["Inflame","Boot","Evolve","Disarm+1","Swift Strike+1"],"campfire_rested":4,"item_purchase_floors":[12,12,21,36,39],"current_hp_per_floor":[62,62,62,68,68,68,74,73,73,61,61,61,61,57,57,16,60,55,54,34,34,49,71,55,55,55,55,53,53,53,38,60,49,69,52,52,52,52,52,55,55,34,34,56,18,40,0],"gold":171,"neow_bonus":"RANDOM_COMMON_RELIC","is_prod":false,"is_daily":false,"chose_seed":false,"campfire_upgraded":8,"win_rate":0,"timestamp":1560701241,"path_taken":["M","?","?","M","?","R","E","M","T","M","R","$","R","E","R","BOSS","M","M","M","$","?","R","E","R","T","R","E","?","R","E","R","BOSS","M","$","?","?","$","M","R","M","T","R","E","R","M"],"build_version":"2019-01-23","purchased_purges":1,"victory":false,"max_hp_per_floor":[75,75,75,75,75,75,75,75,75,75,75,75,75,75,75,75,75,75,75,75,75,75,75,75,75,75,75,75,75,75,75,75,75,75,75,75,75,75,75,75,75,75,75,75,75,75,75],"card_choices":[{"not_picked":["Thunderclap","Fire Breathing"],"picked":"Wild Strike","floor":1},{"not_picked":["Second Wind","Seeing Red"],"picked":"Iron Wave","floor":4},{"not_picked":["Twin Strike","Heavy Blade","Bloodletting"],"picked":"SKIP","floor":7},{"not_picked":["Clash","Rampage"],"picked":"Shrug It Off+1","floor":8},{"not_picked":["Clash","Wild Strike"],"picked":"Anger","floor":10},{"not_picked":["Shrug It Off+1","Corruption"],"picked":"Flame Barrier+1","floor":14},{"not_picked":["Offering+1","Fiend Fire+1"],"picked":"Barricade","floor":16},{"not_picked":["Clash+1","Hemokinesis+1"],"picked":"Seeing Red+1","floor":18},{"not_picked":["Sentinel+1","Combust","Clash+1"],"picked":"SKIP","floor":19},{"not_picked":["Sentinel+1","Combust","Clash+1"],"picked":"SKIP","floor":19},{"not_picked":["Clash+1","Headbutt+1","Reckless Charge+1"],"picked":"SKIP","floor":20},{"not_picked":["Warcry+1","Armaments+1"],"picked":"Clothesline+1","floor":24},{"not_picked":["Twin Strike+1","Thunderclap+1","Whirlwind+1"],"picked":"SKIP","floor":28},{"not_picked":["Rampage+1","Sever Soul+1"],"picked":"Iron Wave+1","floor":31},{"not_picked":["Dark Embrace","Offering+1"],"picked":"Demon Form","floor":33},{"not_picked":["Perfected Strike+1","Flex+1"],"picked":"Shockwave+1","floor":35},{"not_picked":["Combust+1","Cleave+1"],"picked":"Pummel+1","floor":40},{"not_picked":["Twin Strike+1","Wild Strike+1"],"picked":"Shrug It Off+1","floor":42},{"not_picked":["Wild Strike+1","Sentinel+1"],"picked":"Inflame","floor":45}],"player_experience":1061010,"relics_obtained":[{"floor":7,"key":"Toxic Egg 2"},{"floor":9,"key":"Mummified Hand"},{"floor":14,"key":"Molten Egg 2"},{"floor":24,"key":"Darkstone Periapt"},{"floor":26,"key":"Vajra"},{"floor":28,"key":"Art of War"},{"floor":31,"key":"Matryoshka"},{"floor":43,"key":"Oddly Smooth Stone"},{"floor":45,"key":"Anchor"}],"event_choices":[{"damage_healed":0,"gold_gain":0,"player_choice":"Grow","damage_taken":0,"max_hp_gain":0,"max_hp_loss":0,"event_name":"Living Wall","floor":2,"gold_loss":0,"cards_upgraded":["Wild Strike"]},{"damage_healed":0,"gold_gain":0,"player_choice":"Ignored","damage_taken":0,"max_hp_gain":0,"max_hp_loss":0,"event_name":"Liars Game","floor":3,"gold_loss":0},{"damage_healed":0,"gold_gain":75,"player_choice":"Gained Gold","damage_taken":0,"max_hp_gain":0,"max_hp_loss":0,"event_name":"Golden Wing","floor":5,"gold_loss":0},{"damage_healed":15,"gold_gain":0,"player_choice":"Heal","damage_taken":0,"max_hp_gain":0,"max_hp_loss":0,"event_name":"The Library","floor":22,"gold_loss":0},{"damage_healed":0,"gold_gain":0,"player_choice":"Ignored","damage_taken":0,"max_hp_gain":0,"max_hp_loss":0,"event_name":"Vampires","floor":29,"gold_loss":0},{"cards_removed":["Anger"],"damage_healed":0,"gold_gain":0,"player_choice":"Removed Attack","damage_taken":0,"max_hp_gain":0,"max_hp_loss":0,"event_name":"Falling","floor":37,"gold_loss":0},{"damage_healed":0,"gold_gain":0,"player_choice":"Ignored","damage_taken":0,"max_hp_gain":0,"max_hp_loss":0,"event_name":"Mysterious Sphere","floor":38,"gold_loss":0}],"is_beta":false,"boss_relics":[{"not_picked":["Fusion Hammer","Cursed Key"],"picked":"Pandora\u0027s Box"},{"not_picked":["Velvet Choker","Runic Pyramid"],"picked":"White Beast Statue"}],"items_purged_floors":[21],"is_endless":false,"potions_floor_spawned":[4,7,10,14,18,19,28,31,35,40,42,45],"killed_by":"Transient","ascension_level":18}