{"gold_per_floor":[115,115,131,131,148,148,183,183,206,217,250,264,298,312,312,383,383,398,398,53,53,72,72,102,102,102,102,166,184,184,198,198,272,272,291,304,304,284,296,296,331,345,345,345,370,381,381],"floor_reached":47,"playtime":3298,"items_purged":["Strike_B"],"score":1140,"play_id":"d336e66f-ff08-427d-b171-6aefbb10e061","local_time":"20190126164319","is_ascension_mode":true,"campfire_choices":[{"data":"Ball Lightning","floor":6.0,"key":"SMITH"},{"floor":8.0,"key":"REST"},{"data":"Capacitor","floor":15.0,"key":"SMITH"},{"data":"Electrodynamics","floor":23,"key":"SMITH"},{"data":"Capacitor","floor":25,"key":"SMITH"},{"data":"Seek","floor":27,"key":"SMITH"},{"data":"Reinforced Body","floor":30,"key":"SMITH"},{"data":"Blizzard","floor":32,"key":"SMITH"},{"data":"Reinforced Body","floor":40,"key":"SMITH"},{"floor":44,"key":"REST"}],"neow_cost":"NONE","seed_source_timestamp":10780605331201,"circlet_count":0,"master_deck":["AscendersBane","Defend_B","Defend_B","Defend_B","Defend_B","Zap+1","Dualcast+1","Steam","Auto Shields","Cold Snap","Ball Lightning+1","Compile Driver","Seek+1","Conserve Battery","Glacier","Capacitor+1","Ball Lightning","Electrodynamics+1","Compile Driver+1","Glacier","Dark Shackles","Capacitor+1","Parasite","Reinforced Body+1","Blizzard+1","Echo Form","Reinforced Body+1","Compile Driver+1","Buffer","Go for the Eyes+1"],"special_seed":0,"relics":["Cracked Core","Orichalcum","Anchor","Pear","Potion Belt","Cursed Key","DataDisk","Ice Cream","Tiny Chest","Empty Cage","Lantern","Meat on the Bone"],"potions_floor_usage":[33,39,39,41,46,47,47],"damage_taken":[{"damage":1.0,"enemies":"Small Slimes","floor":1.0,"turns":4.0},{"damage":0.0,"enemies":"2 Louse","floor":3.0,"turns":3.0},{"damage":0.0,"enemies":"Jaw Worm","floor":5.0,"turns":4.0},{"damage":1.0,"enemies":"Gremlin Nob","floor":7.0,"turns":3.0},{"damage":0.0,"enemies":"Exordium Wildlife","floor":10.0,"turns":3.0},{"damage":2.0,"enemies":"3 Sentries","floor":11.0,"turns":7.0},{"damage":0.0,"enemies":"2 Fungi Beasts","floor":12.0,"turns":2.0},{"damage":8.0,"enemies":"Gremlin Nob","floor":13.0,"turns":4.0},{"damage":0.0,"enemies":"Gremlin Gang","floor":14.0,"turns":3.0},{"damage":32.0,"enemies":"Hexaghost","floor":16.0,"turns":11.0},{"damage":0,"enemies":"3 Byrds","floor":18,"turns":3},{"damage":0,"enemies":"2 Thieves","floor":22,"turns":4},{"damage":5,"enemies":"Slavers","floor":24,"turns":4},{"damage":0,"enemies":"Gremlin Leader","floor":28,"turns":5},{"damage":0,"enemies":"Snake Plant","floor":29,"turns":4},{"damage":0,"enemies":"Snecko","floor":31,"turns":6},{"damage":28,"enemies":"Automaton","floor":33,"turns":10},{"damage":0,"enemies":"Orb Walker","floor":35,"turns":4},{"damage":0,"enemies":"3 Shapes","floor":36,"turns":6},{"damage":5,"enemies":"Spire Growth","floor":39,"turns":6},{"damage":14,"enemies":"Reptomancer","floor":41,"turns":7},{"damage":3,"enemies":"Transient","floor":42,"turns":6},{"damage":3,"enemies":"Nemesis","floor":45,"turns":7},{"damage":0,"enemies":"3 Darklings","floor":46,"turns":5},{"damage":76,"enemies":"Giant Head","floor":47,"turns":14}],"seed_played":"-4457401244581621929","potions_obtained":[{"floor":1.0,"key":"FearPotion"},{"floor":5.0,"key":"Poison Potion"},{"floor":11.0,"key":"Explosive Potion"},{"floor":14.0,"key":"FearPotion"},{"floor":16.0,"key":"Ancient Potion"},{"floor":18,"key":"Block Potion"},{"floor":29,"key":"SteroidPotion"},{"floor":31,"key":"Weak Potion"},{"floor":33,"key":"SkillPotion"},{"floor":38,"key":"AttackPotion"},{"floor":39,"key":"Strength Potion"},{"floor":42,"key":"Swift Potion"},{"floor":45,"key":"LiquidBronze"},{"floor":46,"key":"Swift Potion"}],"is_trial":false,"path_per_floor":["M","?","M","?","M","R","E","R","T","M","E","M","E","M","R","B",null,"M","?","$","?","M","R","E","R","T","R","E","M","R","M","R","B",null,"M","M","?","?","M","R","E","M","T","R","E","M","E"],"character_chosen":"DEFECT","items_purchased":["DataDisk","Dark Shackles"],"campfire_rested":2,"item_purchase_floors":[20,20],"current_hp_per_floor":[63,42,42,42,42,42,41,62,62,62,70,70,62,62,62,30,68,68,68,68,68,68,68,63,63,63,63,63,63,63,63,63,35,70,70,70,70,70,65,65,51,48,48,72,69,69,0],"gold":381,"neow_bonus":"TRANSFORM_CARD","is_prod":false,"is_daily":false,"chose_seed":false,"campfire_upgraded":8,"win_rate":0,"timestamp":1548517399,"path_taken":["M","?","M","?","M","R","E","R","T","M","E","M","E","M","R","BOSS","M","?","$","?","M","R","E","R","T","R","E","M","R","M","R","BOSS","M","M","?","?","M","R","E","M","T","R","E","?","E"],"build_version":"2019-01-23","purchased_purges":1,"victory":false,"max_hp_per_floor":[71,71,71,71,71,71,71,71,71,71,81,81,81,81,81,81,81,81,81,81,81,81,81,81,81,81,81,81,81,81,81,81,81,81,81,81,81,81,81,81,81,81,81,81,81,81,81],"card_choices":[{"not_picked":["Recycle","Loop"],"picked":"Auto Shields","floor":1.0},{"not_picked":["Force Field","Turbo"],"picked":"Cold Snap","floor":3.0},{"not_picked":["Steam Power","Capacitor"],"picked":"Ball Lightning","floor":5.0},{"not_picked":["Double Energy","Undo"],"picked":"Compile Driver","floor":7.0},{"not_picked":["Fusion","Conserve Battery"],"picked":"Seek","floor":10.0},{"not_picked":["Stack","Hologram"],"picked":"Conserve Battery","floor":11.0},{"not_picked":["Recycle","Conserve Battery"],"picked":"Glacier","floor":12.0},{"not_picked":["Chill","Stack"],"picked":"Capacitor","floor":13.0},{"not_picked":["Beam Cell","Reinforced Body"],"picked":"Ball Lightning","floor":14.0},{"not_picked":["Rainbow","Echo Form"],"picked":"Electrodynamics","floor":16.0},{"not_picked":["Gash","Sweeping Beam+1"],"picked":"Compile Driver+1","floor":18},{"not_picked":["Stack","Beam Cell","Leap"],"picked":"SKIP","floor":22},{"not_picked":["Redo","Streamline"],"picked":"Capacitor","floor":24},{"not_picked":["Rebound","Lockon","Redo"],"picked":"SKIP","floor":28},{"not_picked":["Scrape","Turbo"],"picked":"Reinforced Body","floor":29},{"not_picked":["Stack","Beam Cell"],"picked":"Blizzard","floor":31},{"not_picked":["Seek","Creative AI"],"picked":"Echo Form","floor":33},{"not_picked":["Rebound+1","Steam Power","Barrage"],"picked":"SKIP","floor":35},{"not_picked":["Turbo","Redo"],"picked":"Reinforced Body","floor":36},{"not_picked":["Barrage","White Noise","Stack"],"picked":"SKIP","floor":39},{"not_picked":["Storm","Scrape+1"],"picked":"Compile Driver+1","floor":41},{"not_picked":["Aggregate","Rebound+1","Conserve Battery"],"picked":"SKIP","floor":42},{"not_picked":["Hologram","Rebound+1"],"picked":"Buffer","floor":45},{"not_picked":["Blizzard","Ball Lightning"],"picked":"Go for the Eyes+1","floor":46}],"player_experience":779916,"relics_obtained":[{"floor":7.0,"key":"Orichalcum"},{"floor":9.0,"key":"Anchor"},{"floor":11.0,"key":"Pear"},{"floor":13.0,"key":"Potion Belt"},{"floor":24,"key":"Ice Cream"},{"floor":28,"key":"Tiny Chest"},{"floor":41,"key":"Lantern"},{"floor":45,"key":"Meat on the Bone"}],"event_choices":[{"damage_healed":0.0,"max_hp_gain":0.0,"max_hp_loss":0.0,"gold_gain":0.0,"event_name":"Shining Light","player_choice":"Entered Light","floor":2.0,"gold_loss":0.0,"damage_taken":21.0,"cards_upgraded":["Dualcast","Zap"]},{"damage_healed":0.0,"max_hp_gain":0.0,"max_hp_loss":0.0,"gold_gain":0.0,"event_name":"Liars Game","player_choice":"Ignored","floor":4.0,"gold_loss":0.0,"damage_taken":0.0},{"damage_healed":0,"gold_gain":0,"player_choice":"Read","damage_taken":0,"max_hp_gain":0,"max_hp_loss":0,"event_name":"The Library","floor":19,"gold_loss":0,"cards_obtained":["Glacier"]},{"damage_healed":0,"gold_gain":0,"player_choice":"Ignored","damage_taken":0,"max_hp_gain":0,"max_hp_loss":0,"event_name":"Beggar","floor":21,"gold_loss":0},{"damage_healed":0,"gold_gain":0,"player_choice":"Ignored","damage_taken":0,"max_hp_gain":0,"max_hp_loss":0,"event_name":"Tomb of Lord Red Mask","floor":37,"gold_loss":0},{"damage_healed":0,"gold_gain":0,"player_choice":"Bought 1 Potion","damage_taken":0,"max_hp_gain":0,"max_hp_loss":0,"event_name":"The Woman in Blue","floor":38,"gold_loss":0}],"is_beta":false,"boss_relics":[{"not_picked":["Black Star","Coffee Dripper"],"picked":"Cursed Key"},{"not_picked":["White Beast Statue","Lizard Tail"],"picked":"Empty Cage"}],"items_purged_floors":[20],"is_endless":false,"potions_floor_spawned":[1,5,11,14,16,18,29,31,33,39,42,45,46],"killed_by":"Giant Head","ascension_level":20}