{"gold_per_floor":[109,119,133,148,130,130,184,198,198,198,211,211,211,222,222,324,324],"floor_reached":17,"playtime":735,"items_purged":[],"score":151,"play_id":"bd684800-3e5e-4a0d-9a4e-0e0562028bad","local_time":"20190607224037","is_ascension_mode":false,"campfire_choices":[{"data":"Zap","floor":6,"key":"SMITH"},{"data":"Sunder","floor":10,"key":"SMITH"},{"floor":15,"key":"REST"}],"neow_cost":"NONE","seed_source_timestamp":1304499307124400,"circlet_count":0,"master_deck":["Strike_B","Strike_B","Defend_B","Defend_B","Zap+1","Dualcast","Steam+1","Heatsinks+1","Undo+1","Capacitor","Leap","Barrage+1","Conserve Battery","Melter","Sunder+1","Chaos+1","FTL","Steam","Core Surge","FTL","Ball Lightning","Ball Lightning","Hologram","Hologram"],"relics":["Astrolabe","Orrery"],"potions_floor_usage":[8,16],"damage_taken":[{"damage":0,"enemies":"Jaw Worm","floor":1,"turns":4},{"damage":0,"enemies":"2 Louse","floor":2,"turns":3},{"damage":1,"enemies":"Cultist","floor":3,"turns":4},{"damage":17,"enemies":"Exordium Wildlife","floor":4,"turns":8},{"damage":10,"enemies":"Exordium Thugs","floor":5,"turns":6},{"damage":10,"enemies":"Lots of Slimes","floor":8,"turns":4},{"damage":4,"enemies":"Blue Slaver","floor":11,"turns":4},{"damage":0,"enemies":"3 Louse","floor":14,"turns":3},{"damage":21,"enemies":"Slime Boss","floor":16,"turns":10}],"seed_played":"5711194813421255071","potions_obtained":[{"floor":2,"key":"Block Potion"},{"floor":3,"key":"PowerPotion"},{"floor":5,"key":"Energy Potion"}],"is_trial":false,"path_per_floor":["M","M","M","M","M","R","?","M","T","R","M","?","?","M","R","B",null],"character_chosen":"DEFECT","items_purchased":[],"campfire_rested":1,"item_purchase_floors":[],"current_hp_per_floor":[75,75,74,57,47,47,47,37,37,37,33,18,18,18,40,19,75],"gold":324,"neow_bonus":"BOSS_RELIC","is_prod":false,"is_daily":false,"chose_seed":false,"campfire_upgraded":2,"win_rate":0,"timestamp":1559961637,"path_taken":["M","M","M","M","M","R","?","M","T","R","M","?","?","?","R","BOSS"],"build_version":"2019-01-23","purchased_purges":0,"victory":false,"max_hp_per_floor":[75,75,75,75,75,75,75,75,75,75,75,75,75,75,75,75,75],"card_choices":[{"not_picked":["Ball Lightning","White Noise"],"picked":"Capacitor","floor":1},{"not_picked":["Reprogram","Turbo"],"picked":"Leap","floor":2},{"not_picked":["Turbo","Streamline"],"picked":"Barrage","floor":3},{"not_picked":["Gash","Chill"],"picked":"Conserve Battery","floor":4},{"not_picked":["Rip and Tear","Static Discharge"],"picked":"Melter","floor":5},{"not_picked":["Beam Cell","Cold Snap"],"picked":"Sunder","floor":8},{"not_picked":["Recycle","Blizzard"],"picked":"Chaos","floor":11},{"not_picked":["Steam Power","Barrage"],"picked":"Steam","floor":14},{"not_picked":["Reboot","Biased Cognition"],"picked":"Core Surge","floor":16},{"not_picked":["Sweeping Beam","Doom and Gloom"],"picked":"FTL","floor":17},{"not_picked":["Chaos","Redo"],"picked":"Ball Lightning","floor":17},{"not_picked":["Melter","Leap"],"picked":"Ball Lightning","floor":17},{"not_picked":["Turbo","Heatsinks"],"picked":"Hologram","floor":17},{"not_picked":["Steam","Darkness"],"picked":"Hologram","floor":17}],"player_experience":662697,"relics_obtained":[],"event_choices":[{"damage_healed":0,"gold_gain":54,"player_choice":"Gained Gold","damage_taken":0,"max_hp_gain":0,"max_hp_loss":0,"event_name":"Golden Wing","floor":7,"gold_loss":0},{"damage_healed":0,"gold_gain":0,"player_choice":"Entered Light","damage_taken":15,"max_hp_gain":0,"max_hp_loss":0,"event_name":"Shining Light","floor":12,"gold_loss":0,"cards_upgraded":["Barrage","Chaos"]},{"damage_healed":0,"gold_gain":0,"cards_transformed":["Strike_B"],"player_choice":"Transformed","damage_taken":0,"max_hp_gain":0,"max_hp_loss":0,"event_name":"Transmorgrifier","floor":13,"gold_loss":0,"cards_obtained":["FTL"]}],"is_beta":false,"boss_relics":[{"not_picked":["White Beast Statue","Sozu"],"picked":"Orrery"}],"items_purged_floors":[],"is_endless":false,"potions_floor_spawned":[2,3,5],"ascension_level":0}