{"gold_per_floor":[18,36,48,48,67,67,100,113,113,132,132,162,179,194,194,268,268,288,308,17,37,37,54,54,80,107,107,142,142,142,160,160,233,233,250,261,261,211,226,254,254,282,282,282],"floor_reached":44,"playtime":2851,"items_purged":["Strike_R","Strike_R"],"score":1119,"play_id":"b021781b-662c-4e09-a2c2-014dc3417068","local_time":"20190417175050","is_ascension_mode":true,"campfire_choices":[{"data":"Bash","floor":6,"key":"SMITH"},{"data":"Carnage","floor":11,"key":"SMITH"},{"data":"Whirlwind","floor":15,"key":"SMITH"},{"data":"Armaments","floor":24,"key":"SMITH"},{"data":"Inflame","floor":27,"key":"SMITH"},{"floor":30,"key":"RECALL"},{"data":"True Grit","floor":32,"key":"SMITH"},{"floor":41,"key":"REST"}],"neow_cost":"NO_GOLD","seed_source_timestamp":20632448785372,"circlet_count":0,"master_deck":["AscendersBane","Strike_R","Strike_R","Defend_R","Defend_R","Defend_R","Defend_R","Bash+1","Headbutt","Whirlwind+1","Evolve","Dual Wield","Clothesline","Carnage+1","Flame Barrier","Armaments+1","Flame Barrier","Twin Strike+1","Battle Trance","Corruption","Inflame+1","Rupture","Spot Weakness+1","True Grit+1","Offering","Flame Barrier","True Grit+1","Seeing Red+1"],"relics":["Burning Blood","Thread and Needle","Mango","Vajra","Pen Nib","Runic Pyramid","Membership Card","Singing Bowl","Kunai","Sozu","Paper Frog","PreservedInsect","Centennial Puzzle","Shuriken"],"potions_floor_usage":[5,8,16,25,28,33],"damage_taken":[{"damage":3,"enemies":"2 Louse","floor":1,"turns":3},{"damage":2,"enemies":"Cultist","floor":2,"turns":3},{"damage":6,"enemies":"Small Slimes","floor":3,"turns":3},{"damage":17,"enemies":"Blue Slaver","floor":5,"turns":7},{"damage":57,"enemies":"Lagavulin","floor":7,"turns":9},{"damage":1,"enemies":"Gremlin Gang","floor":8,"turns":3},{"damage":2,"enemies":"Exordium Wildlife","floor":10,"turns":2},{"damage":2,"enemies":"Gremlin Nob","floor":12,"turns":3},{"damage":0,"enemies":"3 Louse","floor":13,"turns":1},{"damage":0,"enemies":"Exordium Thugs","floor":14,"turns":3},{"damage":3,"enemies":"The Guardian","floor":16,"turns":15},{"damage":0,"enemies":"Chosen","floor":18,"turns":6},{"damage":11,"enemies":"Spheric Guardian","floor":19,"turns":7},{"damage":0,"enemies":"Centurion and Healer","floor":21,"turns":4},{"damage":14,"enemies":"Snecko","floor":23,"turns":5},{"damage":14,"enemies":"Gremlin Leader","floor":25,"turns":6},{"damage":7,"enemies":"Book of Stabbing","floor":28,"turns":5},{"damage":0,"enemies":"Snake Plant","floor":31,"turns":3},{"damage":35,"enemies":"Champ","floor":33,"turns":17},{"damage":19,"enemies":"Orb Walker","floor":35,"turns":4},{"damage":5,"enemies":"3 Shapes","floor":36,"turns":3},{"damage":14,"enemies":"3 Darklings","floor":39,"turns":5},{"damage":6,"enemies":"Giant Head","floor":40,"turns":5},{"damage":90,"enemies":"Reptomancer","floor":42,"turns":7},{"damage":11,"enemies":"Nemesis","floor":44,"turns":2}],"seed_played":"8781105133722756813","potions_obtained":[{"floor":2,"key":"SneckoOil"},{"floor":5,"key":"GamblersBrew"},{"floor":7,"key":"Fire Potion"},{"floor":14,"key":"AttackPotion"},{"floor":16,"key":"Ancient Potion"},{"floor":21,"key":"Dexterity Potion"},{"floor":25,"key":"Weak Potion"}],"is_trial":false,"path_per_floor":["M","M","M","?","M","R","E","M","T","M","R","E","M","M","R","B",null,"M","M","$","M","?","M","R","E","T","R","E","?","R","M","R","B",null,"M","M","T","$","M","E","R","E","T","E"],"character_chosen":"IRONCLAD","items_purchased":["Membership Card","Corruption"],"campfire_rested":1,"item_purchase_floors":[20,20],"current_hp_per_floor":[71,75,75,75,64,64,27,32,32,36,36,40,46,52,52,55,81,87,82,82,88,88,80,80,74,74,74,73,73,73,79,79,50,81,68,71,71,71,65,65,93,9,9,0],"gold":282,"neow_bonus":"ONE_RARE_RELIC","is_prod":false,"is_daily":false,"chose_seed":false,"campfire_upgraded":6,"win_rate":0,"timestamp":1555516250,"path_taken":["M","M","M","?","M","R","E","M","T","M","R","E","M","M","R","BOSS","M","?","$","M","?","M","R","E","T","R","E","?","R","M","R","BOSS","M","?","?","$","M","E","R","E","T","E"],"build_version":"2019-01-23","purchased_purges":2,"victory":false,"max_hp_per_floor":[75,75,75,75,75,75,89,89,89,89,89,89,89,89,89,89,89,89,89,89,89,89,89,89,91,91,91,91,91,91,91,91,91,91,91,93,93,93,95,95,95,95,95,95],"card_choices":[{"not_picked":["Flex","Thunderclap"],"picked":"Headbutt","floor":1},{"not_picked":["Blood for Blood","Armaments"],"picked":"Whirlwind","floor":2},{"not_picked":["Iron Wave","Heavy Blade"],"picked":"Evolve","floor":3},{"not_picked":["Pommel Strike","Wild Strike"],"picked":"Clothesline","floor":5},{"not_picked":["Perfected Strike","True Grit","Warcry"],"picked":"SKIP","floor":7},{"not_picked":["Heavy Blade","Headbutt"],"picked":"Carnage","floor":8},{"not_picked":["Rage","Berserk"],"picked":"Flame Barrier","floor":10},{"not_picked":["Second Wind","Clothesline"],"picked":"Armaments","floor":12},{"not_picked":["Searing Blow","Sword Boomerang"],"picked":"Flame Barrier","floor":13},{"not_picked":["Pummel","Combust","Armaments"],"picked":"SKIP","floor":14},{"not_picked":["Combust","Hemokinesis"],"picked":"Twin Strike+1","floor":18},{"not_picked":["Rupture","Whirlwind"],"picked":"Battle Trance","floor":19},{"not_picked":["Combust","Burning Pact"],"picked":"Inflame","floor":21},{"not_picked":["Sword Boomerang","Pommel Strike"],"picked":"Rupture","floor":23},{"not_picked":["Corruption","Sword Boomerang","Clash"],"picked":"Singing Bowl","floor":25},{"not_picked":["Bludgeon","Seeing Red"],"picked":"Spot Weakness","floor":28},{"not_picked":["Clash+1","Infernal Blade+1"],"picked":"True Grit","floor":31},{"not_picked":["Barricade","Brutality"],"picked":"Offering","floor":33},{"not_picked":["Sword Boomerang+1","Fire Breathing"],"picked":"Flame Barrier","floor":35},{"not_picked":["Dropkick","Sword Boomerang","Carnage"],"picked":"Singing Bowl","floor":36},{"not_picked":["Sever Soul+1","Sword Boomerang","Havoc+1"],"picked":"Singing Bowl","floor":39},{"not_picked":["Fire Breathing","Thunderclap"],"picked":"True Grit+1","floor":40},{"not_picked":["Havoc","Metallicize+1"],"picked":"Seeing Red+1","floor":42}],"player_experience":1153649,"relics_obtained":[{"floor":7,"key":"Mango"},{"floor":9,"key":"Vajra"},{"floor":12,"key":"Pen Nib"},{"floor":25,"key":"Singing Bowl"},{"floor":28,"key":"Kunai"},{"floor":37,"key":"Paper Frog"},{"floor":40,"key":"PreservedInsect"},{"floor":42,"key":"Centennial Puzzle"},{"floor":43,"key":"Shuriken"}],"event_choices":[{"damage_healed":0,"gold_gain":0,"cards_transformed":["Strike_R"],"player_choice":"Transformed","damage_taken":0,"max_hp_gain":0,"max_hp_loss":0,"event_name":"Transmorgrifier","floor":4,"gold_loss":0,"cards_obtained":["Dual Wield"]},{"damage_healed":0,"gold_gain":0,"player_choice":"Ignored","damage_taken":0,"max_hp_gain":0,"max_hp_loss":0,"event_name":"Ghosts","floor":22,"gold_loss":0},{"damage_healed":0,"gold_gain":0,"player_choice":"Forge","damage_taken":0,"max_hp_gain":0,"max_hp_loss":0,"event_name":"Accursed Blacksmith","floor":29,"gold_loss":0,"cards_upgraded":["Spot Weakness"]}],"is_beta":false,"boss_relics":[{"not_picked":["Runic Dome","Eternal Feather"],"picked":"Runic Pyramid"},{"not_picked":["Orrery","Busted Crown"],"picked":"Sozu"}],"items_purged_floors":[20,38],"is_endless":false,"potions_floor_spawned":[2,5,7,14,16,21,25,40,42],"killed_by":"Nemesis","ascension_level":20}