{"gold_per_floor":[18,18,18,37,37,37,0,0,25,25,25,39,39,54,54,131,181,196,121,94,94,111,111,111,111,111,139,158,158,188,188],"floor_reached":31,"playtime":2212,"items_purged":["Strike_R"],"score":534,"play_id":"658d8426-cc76-4873-af62-4979a0fe4de0","local_time":"20190613185739","is_ascension_mode":true,"campfire_choices":[{"data":"1","floor":6,"key":"LIFT"},{"data":"2","floor":8,"key":"LIFT"},{"data":"3","floor":13,"key":"LIFT"},{"data":"Armaments","floor":15,"key":"SMITH"},{"data":"Disarm","floor":23,"key":"SMITH"},{"data":"Shockwave","floor":29,"key":"SMITH"}],"neow_cost":"NO_GOLD","seed_source_timestamp":2285413655863899,"circlet_count":0,"master_deck":["AscendersBane","Strike_R","Strike_R+1","Strike_R","Defend_R","Defend_R+1","Defend_R","Defend_R","Bash","Disarm+1","Shockwave+1","Disarm","Armaments+1","Cleave","Metallicize","Shrug It Off","Feel No Pain","Battle Trance","Uppercut"],"relics":["Burning Blood","Girya","Anchor","Pen Nib","Tiny House","Bag of Preparation","Self Forming Clay","Gambling Chip"],"potions_floor_usage":[18,18,24,24,30,31],"damage_taken":[{"damage":2,"enemies":"2 Louse","floor":1,"turns":4},{"damage":0,"enemies":"Jaw Worm","floor":4,"turns":5},{"damage":0,"enemies":"Small Slimes","floor":12,"turns":4},{"damage":2,"enemies":"Looter","floor":14,"turns":3},{"damage":1,"enemies":"Hexaghost","floor":16,"turns":12},{"damage":24,"enemies":"Shell Parasite","floor":18,"turns":8},{"damage":19,"enemies":"2 Thieves","floor":20,"turns":4},{"damage":6,"enemies":"Snecko","floor":22,"turns":7},{"damage":46,"enemies":"Slavers","floor":24,"turns":4},{"damage":15,"enemies":"Book of Stabbing","floor":27,"turns":11},{"damage":9,"enemies":"Centurion and Healer","floor":28,"turns":9},{"damage":81,"enemies":"Gremlin Leader","floor":30,"turns":12},{"damage":12,"enemies":"Sentry and Sphere","floor":31,"turns":4}],"seed_played":"-6760715069158677351","potions_obtained":[{"floor":1,"key":"SkillPotion"},{"floor":17,"key":"SpeedPotion"},{"floor":20,"key":"SmokeBomb"},{"floor":22,"key":"Block Potion"},{"floor":28,"key":"BloodPotion"},{"floor":30,"key":"Swift Potion"}],"is_trial":false,"path_per_floor":["M","?","?","M","?","R","?","R","T","?","$","M","R","M","R","B",null,"M","$","M","?","M","R","E","?","T","E","M","R","E","M"],"character_chosen":"IRONCLAD","items_purchased":[],"campfire_rested":0,"item_purchase_floors":[],"current_hp_per_floor":[72,49,38,44,44,44,44,44,44,44,44,50,50,54,54,59,76,58,58,45,61,61,61,21,90,90,81,78,78,12,0],"gold":188,"neow_bonus":"ONE_RARE_RELIC","is_prod":false,"is_daily":false,"chose_seed":false,"campfire_upgraded":3,"win_rate":0,"timestamp":1560463059,"path_taken":["M","?","?","?","?","R","?","R","T","?","$","?","R","M","R","BOSS","M","$","M","?","M","R","E","?","T","E","?","R","E","M"],"build_version":"2019-01-23","purchased_purges":1,"victory":false,"max_hp_per_floor":[75,75,75,75,75,75,75,75,75,75,75,75,75,75,75,75,80,80,80,80,80,80,80,80,90,90,90,90,90,90,90],"card_choices":[{"not_picked":["Hemokinesis","Havoc"],"picked":"Disarm","floor":1},{"not_picked":["Flex","Power Through"],"picked":"Shockwave","floor":4},{"not_picked":["Twin Strike","Anger"],"picked":"Disarm","floor":12},{"not_picked":["Twin Strike","Perfected Strike"],"picked":"Armaments","floor":14},{"not_picked":["Fiend Fire","Offering"],"picked":"Brutality","floor":16},{"not_picked":["Power Through","Combust"],"picked":"Cleave","floor":17},{"not_picked":["Iron Wave","Shrug It Off"],"picked":"Metallicize","floor":18},{"not_picked":["Flex","Armaments"],"picked":"Shrug It Off","floor":20},{"not_picked":["Anger","Combust"],"picked":"Feel No Pain","floor":22},{"not_picked":["Reckless Charge","Barricade"],"picked":"Battle Trance","floor":27},{"not_picked":["Anger","Perfected Strike","Bloodletting"],"picked":"SKIP","floor":28},{"not_picked":["Second Wind","Seeing Red"],"picked":"Uppercut","floor":30}],"player_experience":1024214,"relics_obtained":[{"floor":9,"key":"Pen Nib"},{"floor":26,"key":"Bag of Preparation"},{"floor":27,"key":"Self Forming Clay"},{"floor":30,"key":"Gambling Chip"}],"event_choices":[{"damage_healed":0,"gold_gain":0,"player_choice":"Entered Light","damage_taken":23,"max_hp_gain":0,"max_hp_loss":0,"event_name":"Shining Light","floor":2,"gold_loss":0,"cards_upgraded":["Strike_R","Defend_R"]},{"damage_healed":0,"gold_gain":0,"player_choice":"Success","damage_taken":11,"relics_obtained":["Anchor"],"max_hp_gain":0,"max_hp_loss":0,"event_name":"Scrap Ooze","floor":3,"gold_loss":0},{"damage_healed":0,"gold_gain":0,"player_choice":"Ignored","damage_taken":0,"max_hp_gain":0,"max_hp_loss":0,"event_name":"Golden Idol","floor":5,"gold_loss":0},{"damage_healed":0,"gold_gain":0,"player_choice":"Left Gold","damage_taken":0,"max_hp_gain":0,"max_hp_loss":0,"event_name":"World of Goop","floor":7,"gold_loss":37},{"cards_removed":["Strike_R"],"damage_healed":0,"gold_gain":0,"player_choice":"Card Removal","damage_taken":0,"max_hp_gain":0,"max_hp_loss":0,"event_name":"Wheel of Change","floor":10,"gold_loss":0},{"damage_healed":16,"gold_gain":0,"player_choice":"Heal","damage_taken":0,"max_hp_gain":0,"max_hp_loss":0,"event_name":"The Library","floor":21,"gold_loss":0},{"cards_removed":["Brutality"],"damage_healed":59,"gold_gain":0,"player_choice":"Offered Rare","damage_taken":0,"max_hp_gain":10,"max_hp_loss":0,"event_name":"Bonfire Elementals","floor":25,"gold_loss":0}],"is_beta":false,"boss_relics":[{"not_picked":["Cursed Key","Black Star"],"picked":"Tiny House"}],"items_purged_floors":[19],"is_endless":false,"potions_floor_spawned":[1,20,22,28,30],"killed_by":"Sentry and Sphere","ascension_level":18}