{"gold_per_floor":[113,113,113,133,83,110,125,145,170,204,224,72,72,100,100,203,203,223,223,123,143,169,202,213,213,266,266,116,134,147,157,157,256,256,276,276,87,87,133,133,133,133,133,133,133,133],"floor_reached":46,"playtime":1722,"items_purged":["Defend_B","Strike_B","Defend_B","Clumsy"],"score":504,"play_id":"95b875c6-ad94-4a58-84ac-d6f579f67522","local_time":"20190421161653","is_ascension_mode":false,"campfire_choices":[{"data":"Defragment","floor":13,"key":"SMITH"},{"data":"White Noise","floor":15,"key":"SMITH"},{"floor":25,"key":"REST"},{"floor":27,"key":"RECALL"},{"floor":32,"key":"REST"},{"data":"Buffer","floor":40,"key":"SMITH"},{"data":"Amplify","floor":42,"key":"SMITH"}],"neow_cost":"NONE","seed_source_timestamp":263805668725676,"circlet_count":0,"master_deck":["Strike_B","Strike_B","Defend_B","Defend_B","Zap+1","Dualcast","Melter","Conserve Battery","White Noise+1","Gash+1","Defragment+1","White Noise","Buffer+1","Static Discharge","Chaos+1","Leap","Streamline","Ball Lightning+1","Beam Cell","Amplify+1","Injury","Decay","FTL+1","Madness","Madness","Defragment"],"relics":["Cracked Core","NeowsBlessing","Juzu Bracelet","DataDisk","PreservedInsect","Mummified Hand","Pantograph","Busted Crown","Red Mask","Matryoshka","Tiny Chest","Calling Bell","Oddly Smooth Stone","Meat on the Bone","Shovel","Vajra","Whetstone","Kunai","Mercury Hourglass"],"potions_floor_usage":[10,10,16,21,21,23,33,33,46],"damage_taken":[{"damage":0,"enemies":"2 Louse","floor":1,"turns":1},{"damage":0,"enemies":"Small Slimes","floor":4,"turns":1},{"damage":0,"enemies":"Lagavulin","floor":6,"turns":1},{"damage":6,"enemies":"Jaw Worm","floor":7,"turns":3},{"damage":0,"enemies":"Large Slime","floor":8,"turns":3},{"damage":0,"enemies":"Gremlin Nob","floor":10,"turns":2},{"damage":6,"enemies":"Exordium Wildlife","floor":11,"turns":3},{"damage":14,"enemies":"Lagavulin","floor":14,"turns":4},{"damage":29,"enemies":"Hexaghost","floor":16,"turns":8},{"damage":0,"enemies":"Chosen","floor":18,"turns":3},{"damage":0,"enemies":"3 Byrds","floor":21,"turns":5},{"damage":15,"enemies":"Masked Bandits","floor":22,"turns":3},{"damage":17,"enemies":"Slavers","floor":23,"turns":4},{"damage":7,"enemies":"Snake Plant","floor":24,"turns":3},{"damage":7,"enemies":"Shelled Parasite and Fungi","floor":29,"turns":4},{"damage":4,"enemies":"Chosen and Byrds","floor":30,"turns":5},{"damage":0,"enemies":"3 Cultists","floor":31,"turns":6},{"damage":18,"enemies":"Automaton","floor":33,"turns":8},{"damage":22,"enemies":"3 Darklings","floor":35,"turns":5},{"damage":45,"enemies":"Reptomancer","floor":46,"turns":2}],"seed_played":"-7499618766526186505","potions_obtained":[{"floor":6,"key":"AttackPotion"},{"floor":7,"key":"GamblersBrew"},{"floor":8,"key":"Dexterity Potion"},{"floor":11,"key":"Dexterity Potion"},{"floor":14,"key":"Energy Potion"},{"floor":18,"key":"EssenceOfSteel"},{"floor":24,"key":"Dexterity Potion"},{"floor":30,"key":"LiquidBronze"},{"floor":31,"key":"Poison Potion"}],"is_trial":false,"path_per_floor":["M","?","?","M","?","E","M","M","T","E","M","$","R","E","R","B",null,"M","?","$","M","?","E","M","R","T","R","$","M","M","M","R","B",null,"M","?","$","?","T","R","$","R","T","T","$","E"],"character_chosen":"DEFECT","items_purchased":["Defragment","Leap","Defragment"],"campfire_rested":2,"item_purchase_floors":[12,28,37],"current_hp_per_floor":[75,75,63,63,63,63,57,57,57,57,51,51,51,37,37,33,75,75,75,75,75,60,43,36,58,58,58,58,51,47,47,69,57,75,53,44,44,44,44,44,44,44,44,44,44,0],"gold":133,"neow_bonus":"THREE_ENEMY_KILL","is_prod":false,"is_daily":false,"chose_seed":false,"campfire_upgraded":4,"win_rate":0,"timestamp":1555874213,"path_taken":["M","?","?","M","?","E","M","M","T","E","M","$","R","E","R","BOSS","M","?","$","M","?","E","M","R","T","R","$","M","M","M","R","BOSS","M","?","$","?","?","R","$","R","T","?","?","E"],"build_version":"2019-01-23","purchased_purges":4,"victory":false,"max_hp_per_floor":[75,75,75,75,75,75,75,75,75,75,75,75,75,75,75,75,75,75,75,75,75,75,75,75,75,75,75,75,75,75,75,75,75,75,75,75,75,75,75,75,75,75,75,75,75,75],"card_choices":[{"not_picked":["Turbo","Compile Driver"],"picked":"Streamline","floor":1},{"not_picked":["Steam","Steam Power","Go for the Eyes"],"picked":"SKIP","floor":4},{"not_picked":["Turbo","Steam"],"picked":"Melter","floor":6},{"not_picked":["Darkness","Consume","Go for the Eyes"],"picked":"SKIP","floor":7},{"not_picked":["Seek","Ball Lightning"],"picked":"Conserve Battery","floor":8},{"not_picked":["Cold Snap","Sunder"],"picked":"White Noise","floor":10},{"not_picked":["Streamline","Blizzard"],"picked":"Gash","floor":11},{"not_picked":["Ball Lightning","FTL"],"picked":"White Noise","floor":14},{"not_picked":["Biased Cognition","All For One"],"picked":"Buffer","floor":16},{"not_picked":[],"picked":"Static Discharge","floor":18},{"not_picked":["Turbo+1"],"picked":"SKIP","floor":21},{"not_picked":[],"picked":"Chaos+1","floor":22},{"not_picked":["Barrage"],"picked":"SKIP","floor":23},{"not_picked":["Steam Power"],"picked":"SKIP","floor":24},{"not_picked":[],"picked":"Streamline","floor":29},{"not_picked":[],"picked":"Ball Lightning","floor":30},{"not_picked":[],"picked":"Beam Cell","floor":31},{"not_picked":[],"picked":"Amplify","floor":33},{"not_picked":[],"picked":"FTL+1","floor":35}],"player_experience":628000,"relics_obtained":[{"floor":6,"key":"DataDisk"},{"floor":9,"key":"PreservedInsect"},{"floor":10,"key":"Mummified Hand"},{"floor":14,"key":"Pantograph"},{"floor":22,"key":"Red Mask"},{"floor":23,"key":"Matryoshka"},{"floor":26,"key":"Tiny Chest"},{"floor":34,"key":"Oddly Smooth Stone"},{"floor":34,"key":"Meat on the Bone"},{"floor":34,"key":"Shovel"},{"floor":39,"key":"Vajra"},{"floor":39,"key":"Whetstone"},{"floor":43,"key":"Kunai"},{"floor":44,"key":"Mercury Hourglass"}],"event_choices":[{"damage_healed":0,"gold_gain":0,"player_choice":"Grow","damage_taken":0,"max_hp_gain":0,"max_hp_loss":0,"event_name":"Living Wall","floor":2,"gold_loss":0,"cards_upgraded":["Zap"]},{"damage_healed":0,"gold_gain":0,"player_choice":"Success","damage_taken":12,"relics_obtained":["Juzu Bracelet"],"max_hp_gain":0,"max_hp_loss":0,"event_name":"Scrap Ooze","floor":3,"gold_loss":0},{"cards_removed":["Strike_B"],"damage_healed":0,"gold_gain":0,"player_choice":"Card Removal","damage_taken":0,"max_hp_gain":0,"max_hp_loss":0,"event_name":"The Cleric","floor":5,"gold_loss":50},{"damage_healed":0,"gold_gain":0,"player_choice":"Ignored","damage_taken":0,"max_hp_gain":0,"max_hp_loss":0,"event_name":"Vampires","floor":19,"gold_loss":0},{"damage_healed":0,"gold_gain":0,"player_choice":"Fought Bandits","damage_taken":0,"max_hp_gain":0,"max_hp_loss":0,"event_name":"Masked Bandits","floor":22,"gold_loss":0},{"damage_healed":0,"gold_gain":0,"player_choice":"Embrace Madness","damage_taken":9,"max_hp_gain":0,"max_hp_loss":0,"event_name":"Winding Halls","floor":36,"gold_loss":0,"cards_obtained":["Madness","Madness"]},{"cards_removed":["Streamline"],"damage_healed":0,"gold_gain":0,"player_choice":"Removed Attack","damage_taken":0,"max_hp_gain":0,"max_hp_loss":0,"event_name":"Falling","floor":38,"gold_loss":0}],"is_beta":false,"boss_relics":[{"not_picked":["FrozenCore","Snecko Eye"],"picked":"Busted Crown"},{"not_picked":["Sozu","Runic Dome"],"picked":"Calling Bell"}],"items_purged_floors":[12,20,28,37],"is_endless":false,"potions_floor_spawned":[6,7,8,11,14,18,24,30,31],"killed_by":"Reptomancer","ascension_level":0}