{"gold_per_floor":[115,38,38,56,69,69,97,97,97,108,134,148,148,165,165,165],"floor_reached":16,"playtime":610,"items_purged":[],"score":224,"play_id":"fb5c8472-3d77-4cc9-aee9-cc93c50f7061","local_time":"20190207232033","is_ascension_mode":true,"campfire_choices":[{"data":"Dagger Spray","floor":6,"key":"SMITH"},{"floor":8,"key":"REST"},{"floor":13,"key":"REST"},{"data":"Poisoned Stab","floor":15,"key":"SMITH"}],"neow_cost":"TEN_PERCENT_HP_LOSS","seed_source_timestamp":39741730019468,"circlet_count":0,"master_deck":["AscendersBane","Defend_G","Defend_G","Defend_G","Defend_G","Defend_G","Strike_G","Strike_G","Strike_G","Strike_G","Survivor","Neutralize","Flying Knee","Predator","Dagger Spray+1","Poisoned Stab+1","Deflect","Well Laid Plans","PiercingWail","Backflip"],"relics":["Ring of the Snake","Turnip","Letter Opener","Ancient Tea Set"],"potions_floor_usage":[7,12],"damage_taken":[{"damage":7,"enemies":"Small Slimes","floor":1,"turns":5},{"damage":0,"enemies":"Cultist","floor":4,"turns":3},{"damage":0,"enemies":"Jaw Worm","floor":5,"turns":4},{"damage":37,"enemies":"Lagavulin","floor":7,"turns":8},{"damage":0,"enemies":"3 Louse","floor":10,"turns":2},{"damage":24,"enemies":"Gremlin Nob","floor":11,"turns":4},{"damage":5,"enemies":"Gremlin Gang","floor":12,"turns":3},{"damage":2,"enemies":"Blue Slaver","floor":14,"turns":3},{"damage":27,"enemies":"Hexaghost","floor":16,"turns":11}],"seed_played":"-129124785842364488","potions_obtained":[{"floor":4,"key":"SpeedPotion"},{"floor":11,"key":"GhostInAJar"},{"floor":12,"key":"Block Potion"}],"is_trial":false,"path_per_floor":["M","$","?","M","M","R","E","R","T","M","E","M","R","M","R","B"],"character_chosen":"THE_SILENT","items_purchased":["Predator"],"campfire_rested":2,"item_purchase_floors":[2],"current_hp_per_floor":[52,52,52,52,52,52,15,33,33,33,9,4,22,20,20,0],"gold":165,"neow_bonus":"ONE_RARE_RELIC","is_prod":false,"is_daily":false,"chose_seed":false,"campfire_upgraded":2,"win_rate":0,"timestamp":1549578033,"path_taken":["M","$","?","M","?","R","E","R","T","M","E","M","R","M","R","BOSS"],"build_version":"2019-01-23","purchased_purges":0,"victory":false,"max_hp_per_floor":[60,60,60,60,60,60,60,60,60,60,60,60,60,60,60,60],"card_choices":[{"not_picked":["Quick Slash","Blade Dance"],"picked":"Flying Knee","floor":1},{"not_picked":["Bullet Time","Caltrops"],"picked":"Dagger Spray","floor":4},{"not_picked":["Acrobatics","Sucker Punch"],"picked":"Poisoned Stab","floor":5},{"not_picked":["Endless Agony","Sucker Punch","Deflect"],"picked":"SKIP","floor":7},{"not_picked":["Endless Agony","Sucker Punch"],"picked":"Deflect","floor":7},{"not_picked":["Escape Plan","Skewer"],"picked":"Well Laid Plans","floor":10},{"not_picked":["Bullet Time","Dagger Spray","Masterful Stab"],"picked":"SKIP","floor":11},{"not_picked":["Sucker Punch","Deflect"],"picked":"PiercingWail","floor":12},{"not_picked":["Cloak And Dagger","Catalyst"],"picked":"Backflip","floor":14}],"player_experience":927639,"relics_obtained":[{"floor":7,"key":"Letter Opener"},{"floor":11,"key":"Ancient Tea Set"}],"event_choices":[{"cards_removed":["Strike_G"],"damage_healed":0,"gold_gain":0,"player_choice":"Purged","damage_taken":0,"max_hp_gain":0,"max_hp_loss":0,"event_name":"Purifier","floor":3,"gold_loss":0}],"is_beta":false,"boss_relics":[],"items_purged_floors":[],"is_endless":false,"potions_floor_spawned":[4,11,12],"killed_by":"Hexaghost","ascension_level":20}