{"gold_per_floor":[110,110,130,230,250,250,276,276,354,354,386,400,400,420,420,520,520,537,537,548,447,463,491,491,75,102,116,116,156,156,185,185,289,289,301,301,301,301,313,313,326,358,437,437,35,48,66,96,96,96],"floor_reached":50,"playtime":3339,"items_purged":["Pain","Strike_R"],"score":955,"play_id":"6e459eed-b3ad-4adf-a316-0f8ff7f8f24b","local_time":"20190429160013","is_ascension_mode":true,"campfire_choices":[{"data":"Body Slam","floor":6,"key":"SMITH"},{"data":"Intimidate","floor":8,"key":"SMITH"},{"data":"Bash","floor":10,"key":"SMITH"},{"data":"Iron Wave","floor":13,"key":"SMITH"},{"floor":15,"key":"REST"},{"floor":24,"key":"REST"},{"data":"Magnetism","floor":28,"key":"SMITH"},{"floor":30,"key":"REST"},{"floor":32,"key":"REST"},{"data":"Shrug It Off","floor":40,"key":"SMITH"},{"data":"Cleave","floor":44,"key":"SMITH"},{"floor":49,"key":"REST"}],"neow_cost":"NONE","seed_source_timestamp":952383898546146,"circlet_count":0,"master_deck":["AscendersBane","Strike_R+1","Defend_R","Defend_R","Bash+1","Body Slam+1","Iron Wave+1","Intimidate+1","Headbutt","Cleave+1","Clash+1","Reaper","Shrug It Off+1","Flame Barrier+1","Magnetism+1","Impervious","Rampage+1","Rage+1","Iron Wave+1","Warcry+1"],"relics":["Burning Blood","NeowsBlessing","Blood Vial","Sundial","Kunai","White Beast Statue","WarpedTongs","Bag of Marbles","Happy Flower","Pen Nib","Thread and Needle","Astrolabe","PreservedInsect","Toxic Egg 2","Bronze Scales","Bottled Tornado","Whetstone"],"potions_floor_usage":[7,7,16,18,20,22,22,27,29,33,33,41,42,46,47,50,50],"damage_taken":[{"damage":0,"enemies":"Cultist","floor":1,"turns":1},{"damage":0,"enemies":"2 Louse","floor":3,"turns":1},{"damage":0,"enemies":"Small Slimes","floor":5,"turns":1},{"damage":15,"enemies":"3 Sentries","floor":7,"turns":9},{"damage":35,"enemies":"Lagavulin","floor":11,"turns":8},{"damage":3,"enemies":"3 Louse","floor":12,"turns":4},{"damage":8,"enemies":"Lots of Slimes","floor":14,"turns":4},{"damage":67,"enemies":"Hexaghost","floor":16,"turns":11},{"damage":7,"enemies":"3 Byrds","floor":18,"turns":5},{"damage":2,"enemies":"2 Thieves","floor":20,"turns":4},{"damage":59,"enemies":"Snecko","floor":22,"turns":8},{"damage":45,"enemies":"Gremlin Leader","floor":23,"turns":7},{"damage":17,"enemies":"Centurion and Healer","floor":27,"turns":7},{"damage":2,"enemies":"Chosen and Byrds","floor":29,"turns":6},{"damage":48,"enemies":"Slavers","floor":31,"turns":5},{"damage":74,"enemies":"Automaton","floor":33,"turns":12},{"damage":11,"enemies":"3 Darklings","floor":35,"turns":11},{"damage":5,"enemies":"3 Shapes","floor":39,"turns":7},{"damage":19,"enemies":"Spire Growth","floor":41,"turns":6},{"damage":0,"enemies":"Giant Head","floor":42,"turns":6},{"damage":11,"enemies":"Maw","floor":46,"turns":7},{"damage":17,"enemies":"Writhing Mass","floor":47,"turns":9},{"damage":18,"enemies":"Nemesis","floor":48,"turns":5},{"damage":108,"enemies":"Donu and Deca","floor":50,"turns":7}],"seed_played":"-7583429011481437919","potions_obtained":[{"floor":3,"key":"LiquidBronze"},{"floor":5,"key":"Fire Potion"},{"floor":12,"key":"Block Potion"},{"floor":16,"key":"Energy Potion"},{"floor":18,"key":"SkillPotion"},{"floor":20,"key":"GamblersBrew"},{"floor":22,"key":"Fruit Juice"},{"floor":23,"key":"Explosive Potion"},{"floor":27,"key":"Fruit Juice"},{"floor":29,"key":"Regen Potion"},{"floor":31,"key":"Strength Potion"},{"floor":33,"key":"Dexterity Potion"},{"floor":35,"key":"SteroidPotion"},{"floor":39,"key":"Weak Potion"},{"floor":41,"key":"EssenceOfSteel"},{"floor":42,"key":"Block Potion"},{"floor":46,"key":"BloodPotion"},{"floor":47,"key":"Fruit Juice"},{"floor":48,"key":"Fire Potion"}],"is_trial":false,"path_per_floor":["M","?","M","?","M","R","E","R","T","R","E","M","R","M","R","B",null,"M","?","M","$","M","E","R","$","T","M","R","M","R","E","R","B",null,"M","?","$","?","M","R","M","E","T","R","$","M","M","E","R","B"],"character_chosen":"IRONCLAD","items_purchased":["Shrug It Off","Happy Flower","Magnetism","Bronze Scales","Bottled Tornado"],"campfire_rested":5,"item_purchase_floors":[21,25,25,45,45],"current_hp_per_floor":[78,71,77,77,80,80,71,71,71,71,44,49,49,49,73,14,64,72,72,78,78,38,12,37,37,37,33,33,47,74,48,75,31,75,78,78,78,78,90,90,77,89,89,89,89,90,84,74,95,0],"gold":96,"neow_bonus":"THREE_ENEMY_KILL","is_prod":false,"is_daily":false,"chose_seed":false,"campfire_upgraded":7,"win_rate":0,"timestamp":1556564413,"path_taken":["M","?","M","?","?","R","E","R","T","R","E","M","R","M","R","BOSS","M","?","M","$","M","E","R","?","T","?","R","M","R","E","R","BOSS","M","?","$","?","?","R","M","E","T","R","$","M","M","E","R","BOSS"],"build_version":"2019-01-23","purchased_purges":2,"victory":false,"max_hp_per_floor":[80,80,80,80,80,80,80,80,80,80,80,80,80,80,80,80,80,80,80,80,80,85,85,85,85,85,90,90,90,90,90,90,90,90,90,90,90,90,90,90,90,90,90,90,90,90,95,95,95,95],"card_choices":[{"not_picked":["Wild Strike","Headbutt"],"picked":"Body Slam","floor":1},{"not_picked":["Pummel","Twin Strike"],"picked":"Iron Wave","floor":3},{"not_picked":["Twin Strike","Rupture"],"picked":"Intimidate","floor":5},{"not_picked":["Spot Weakness","Pommel Strike"],"picked":"Headbutt","floor":7},{"not_picked":["Rampage","Uppercut"],"picked":"Cleave","floor":11},{"not_picked":["Second Wind","Pommel Strike"],"picked":"Clash","floor":12},{"not_picked":["True Grit","Limit Break","Shockwave"],"picked":"SKIP","floor":14},{"not_picked":["Double Tap","Exhume"],"picked":"Reaper","floor":16},{"not_picked":["True Grit","Carnage","Sentinel"],"picked":"SKIP","floor":18},{"not_picked":["Wild Strike+1","Iron Wave","Battle Trance"],"picked":"SKIP","floor":20},{"not_picked":["Sword Boomerang","Perfected Strike","Second Wind"],"picked":"SKIP","floor":22},{"not_picked":["Pummel+1","Fire Breathing"],"picked":"Flame Barrier","floor":23},{"not_picked":["Flex","Armaments","Heavy Blade+1"],"picked":"SKIP","floor":27},{"not_picked":["Feel No Pain","Corruption","Wild Strike+1"],"picked":"SKIP","floor":29},{"not_picked":["Second Wind","Intimidate","Armaments"],"picked":"SKIP","floor":31},{"not_picked":["Barricade","Offering"],"picked":"Impervious","floor":33},{"not_picked":["Headbutt","Havoc","Warcry"],"picked":"SKIP","floor":35},{"not_picked":["Sword Boomerang+1","True Grit","Shrug It Off"],"picked":"SKIP","floor":39},{"not_picked":["Clash+1","Pommel Strike+1"],"picked":"Warcry+1","floor":41},{"not_picked":["Shockwave","Iron Wave","Headbutt+1"],"picked":"SKIP","floor":42},{"not_picked":["Blood for Blood","Combust+1","Shrug It Off+1"],"picked":"SKIP","floor":46},{"not_picked":["Armaments+1","Perfected Strike","Brutality"],"picked":"SKIP","floor":47},{"not_picked":["Clash","Power Through+1","Sword Boomerang"],"picked":"SKIP","floor":48}],"player_experience":672674,"relics_obtained":[{"floor":7,"key":"Blood Vial"},{"floor":9,"key":"Sundial"},{"floor":11,"key":"Kunai"},{"floor":23,"key":"Bag of Marbles"},{"floor":26,"key":"Pen Nib"},{"floor":31,"key":"Thread and Needle"},{"floor":42,"key":"PreservedInsect"},{"floor":43,"key":"Toxic Egg 2"},{"floor":48,"key":"Whetstone"}],"event_choices":[{"cards_removed":["Strike_R"],"damage_healed":0,"gold_gain":0,"player_choice":"Card Removal","damage_taken":7,"max_hp_gain":0,"max_hp_loss":0,"event_name":"Golden Wing","floor":2,"gold_loss":0},{"damage_healed":0,"gold_gain":100,"player_choice":"Pray","damage_taken":0,"max_hp_gain":0,"max_hp_loss":0,"event_name":"Golden Shrine","floor":4,"gold_loss":0},{"damage_healed":0,"gold_gain":0,"player_choice":"Rummage","damage_taken":0,"relics_obtained":["WarpedTongs"],"max_hp_gain":0,"max_hp_loss":0,"event_name":"Accursed Blacksmith","floor":19,"gold_loss":0,"cards_obtained":["Pain"]},{"cards_removed":["Defend_R"],"damage_healed":0,"gold_gain":0,"player_choice":"Removed Skill","damage_taken":0,"max_hp_gain":0,"max_hp_loss":0,"event_name":"Falling","floor":36,"gold_loss":0},{"damage_healed":0,"gold_gain":0,"player_choice":"Upgraded","damage_taken":0,"max_hp_gain":0,"max_hp_loss":0,"event_name":"Upgrade Shrine","floor":38,"gold_loss":0,"cards_upgraded":["Flame Barrier"]}],"is_beta":false,"boss_relics":[{"not_picked":["Velvet Choker","Sozu"],"picked":"White Beast Statue"},{"not_picked":["Snecko Eye","Lizard Tail"],"picked":"Astrolabe"}],"items_purged_floors":[21,25],"is_endless":false,"potions_floor_spawned":[3,5,12,16,18,20,22,23,27,29,31,33,35,39,41,42,46,47,48],"killed_by":"Donu and Deca","ascension_level":11}