{"gold_per_floor":[114,130,148,223,148,148,160,160,160,180,209,274,274,292,292,364,364,381,381,381,140,320,320,348,361,438,4,38,52,52,65,65,140,140,160,179,190,204,41,67,67,77,77,108,120,120,137,148,148,148],"floor_reached":50,"playtime":3530,"items_purged":["Strike_B","Strike_B"],"score":1367,"play_id":"ff3a9b7d-3bcd-4a31-96c4-dc181f081780","local_time":"20190616221236","is_ascension_mode":true,"campfire_choices":[{"data":"Doom and Gloom","floor":6.0,"key":"SMITH"},{"data":"Zap","floor":8.0,"key":"SMITH"},{"data":"Defragment","floor":13.0,"key":"SMITH"},{"floor":15.0,"key":"REST"},{"data":"Ghostly","floor":23.0,"key":"SMITH"},{"data":"Ghostly","floor":30.0,"key":"SMITH"},{"data":"Ghostly","floor":32.0,"key":"SMITH"},{"floor":41,"key":"RECALL"},{"data":"Skim","floor":46,"key":"SMITH"},{"floor":49,"key":"REST"}],"neow_cost":"NONE","seed_source_timestamp":33343805213986,"circlet_count":0,"master_deck":["AscendersBane","Defend_B","Defend_B","Defend_B","Defend_B","Dualcast","Gash","Gash+1","Doom and Gloom+1","Cold Snap","Leap","Defragment+1","Hologram","Undo","All For One","Ghostly+1","Ghostly+1","Ghostly+1","White Noise","Hologram","Hologram","Redo+1","Skim+1","White Noise","Chill"],"special_seed":0,"relics":["Cracked Core","Letter Opener","Meat on the Bone","Boot","Velvet Choker","Nilry\u0027s Codex","Potion Belt","Whetstone","FossilizedHelix","Thread and Needle","Empty Cage","DataDisk","Bronze Scales","Mercury Hourglass","Question Card"],"potions_floor_usage":[40,40,44,48],"damage_taken":[{"damage":0.0,"enemies":"Cultist","floor":1.0,"turns":3.0},{"damage":3.0,"enemies":"Small Slimes","floor":2.0,"turns":3.0},{"damage":9.0,"enemies":"Jaw Worm","floor":3.0,"turns":4.0},{"damage":3.0,"enemies":"Looter","floor":7.0,"turns":3.0},{"damage":0.0,"enemies":"Large Slime","floor":10.0,"turns":5.0},{"damage":12.0,"enemies":"Lagavulin","floor":11.0,"turns":5.0},{"damage":15.0,"enemies":"3 Sentries","floor":12.0,"turns":3.0},{"damage":10.0,"enemies":"3 Louse","floor":14.0,"turns":2.0},{"damage":13.0,"enemies":"Slime Boss","floor":16.0,"turns":11.0},{"damage":8.0,"enemies":"Spheric Guardian","floor":18.0,"turns":4.0},{"damage":6.0,"enemies":"Slavers","floor":24.0,"turns":5.0},{"damage":0.0,"enemies":"2 Thieves","floor":25.0,"turns":4.0},{"damage":0.0,"enemies":"Book of Stabbing","floor":28.0,"turns":4.0},{"damage":0.0,"enemies":"Cultist and Chosen","floor":29.0,"turns":6.0},{"damage":0.0,"enemies":"Snake Plant","floor":31.0,"turns":4.0},{"damage":0.0,"enemies":"Champ","floor":33.0,"turns":16.0},{"damage":1,"enemies":"3 Shapes","floor":35,"turns":5},{"damage":0,"enemies":"Orb Walker","floor":36,"turns":4},{"damage":0,"enemies":"Sphere and 2 Shapes","floor":37,"turns":7},{"damage":0,"enemies":"Writhing Mass","floor":38,"turns":7},{"damage":0,"enemies":"Reptomancer","floor":40,"turns":12},{"damage":0,"enemies":"4 Shapes","floor":42,"turns":5},{"damage":25,"enemies":"Nemesis","floor":44,"turns":11},{"damage":0,"enemies":"Spire Growth","floor":45,"turns":5},{"damage":0,"enemies":"Sphere and 2 Shapes","floor":47,"turns":7},{"damage":11,"enemies":"4 Shapes","floor":48,"turns":3},{"damage":37,"enemies":"Donu and Deca","floor":50,"turns":9}],"seed_played":"1134246390105812390","potions_obtained":[{"floor":2.0,"key":"SkillPotion"},{"floor":7.0,"key":"SteroidPotion"},{"floor":12.0,"key":"SpeedPotion"},{"floor":14.0,"key":"EssenceOfSteel"},{"floor":16.0,"key":"Energy Potion"},{"floor":18.0,"key":"Regen Potion"},{"floor":28.0,"key":"FocusPotion"},{"floor":31.0,"key":"SkillPotion"},{"floor":35,"key":"Dexterity Potion"},{"floor":36,"key":"FearPotion"},{"floor":42,"key":"SteroidPotion"},{"floor":44,"key":"Swift Potion"}],"is_trial":false,"path_per_floor":["M","M","M","?","?","R","M","R","T","M","E","?","R","M","R","B",null,"M","?","?","$","?","R","E","M","T","$","E","M","R","M","R","B",null,"M","M","M","M","$","E","R","M","T","E","M","R","M","M","R","B"],"character_chosen":"DEFECT","items_purchased":["Potion Belt","FossilizedHelix","DataDisk"],"campfire_rested":2,"item_purchase_floors":[21,27,39],"current_hp_per_floor":[71,68,59,48,48,48,45,45,45,45,33,30,30,32,55,42,69,61,40,39,39,21,21,29,29,29,29,29,29,29,29,29,29,37,36,36,36,36,36,36,36,36,36,23,23,23,23,24,35,0],"gold":148,"neow_bonus":"TEN_PERCENT_HP_BONUS","is_prod":false,"is_daily":false,"chose_seed":false,"campfire_upgraded":7,"win_rate":0,"timestamp":1560715956,"path_taken":["M","?","M","?","?","R","M","R","T","M","E","?","R","M","R","BOSS","M","?","?","$","?","R","E","M","T","$","E","M","R","M","R","BOSS","M","?","M","M","$","E","R","M","T","E","M","R","M","M","R","BOSS"],"build_version":"2019-01-23","purchased_purges":2,"victory":false,"max_hp_per_floor":[78,78,78,78,78,78,78,78,78,78,78,78,78,78,78,78,78,78,78,39,39,39,39,39,39,39,39,39,39,39,39,39,39,39,39,39,39,39,39,39,39,39,39,39,39,39,39,39,39,39],"card_choices":[{"not_picked":["Compile Driver","Turbo"],"picked":"Gash","floor":1.0},{"not_picked":["Beam Cell","Rip and Tear"],"picked":"Gash","floor":2.0},{"not_picked":["Cold Snap","Leap"],"picked":"Doom and Gloom","floor":3.0},{"not_picked":["Go for the Eyes","Conserve Battery"],"picked":"Cold Snap","floor":7.0},{"not_picked":["Stack","Steam Power"],"picked":"Leap","floor":10.0},{"not_picked":["BootSequence","Consume"],"picked":"Defragment","floor":11.0},{"not_picked":["Cold Snap","Ball Lightning"],"picked":"Hologram","floor":12.0},{"not_picked":["Barrage","Go for the Eyes"],"picked":"Undo","floor":14.0},{"not_picked":["Seek","Amplify"],"picked":"All For One","floor":16.0},{"not_picked":["Stack","Beam Cell","Storm"],"picked":"SKIP","floor":18.0},{"not_picked":["Barrage","Rebound","Thunder Strike"],"picked":"SKIP","floor":24.0},{"not_picked":["Consume","Streamline","Static Discharge"],"picked":"SKIP","floor":25.0},{"not_picked":["Barrage","Auto Shields","Cold Snap"],"picked":"SKIP","floor":28.0},{"not_picked":["Streamline","Steam"],"picked":"White Noise","floor":29.0},{"not_picked":["Cold Snap","Compile Driver"],"picked":"Hologram","floor":31.0},{"not_picked":["Barrage+1","Conserve Battery+1"],"picked":"Hologram","floor":35},{"not_picked":["Doom and Gloom","Sweeping Beam","Tempest+1"],"picked":"SKIP","floor":36},{"not_picked":["Turbo+1","Stack","Storm"],"picked":"SKIP","floor":37},{"not_picked":["Cold Snap","Ball Lightning+1"],"picked":"Redo+1","floor":38},{"not_picked":["Hologram","Streamline"],"picked":"Skim","floor":40},{"not_picked":["Multi-Cast","Genetic Algorithm"],"picked":"White Noise","floor":42},{"not_picked":["Doom and Gloom","Redo","Blizzard"],"picked":"SKIP","floor":44},{"not_picked":["Tempest","Storm","Steam","Reinforced Body"],"picked":"SKIP","floor":45},{"not_picked":["Cold Snap","Streamline+1","Redo+1","BootSequence"],"picked":"SKIP","floor":47},{"not_picked":["Stack","Aggregate","Genetic Algorithm+1"],"picked":"Chill","floor":48}],"player_experience":1368104,"relics_obtained":[{"floor":9.0,"key":"Letter Opener"},{"floor":11.0,"key":"Meat on the Bone"},{"floor":12.0,"key":"Boot"},{"floor":19.0,"key":"Nilry\u0027s Codex"},{"floor":24.0,"key":"Whetstone"},{"floor":28.0,"key":"Thread and Needle"},{"floor":40,"key":"Bronze Scales"},{"floor":43,"key":"Mercury Hourglass"},{"floor":44,"key":"Question Card"}],"event_choices":[{"damage_healed":0.0,"max_hp_gain":0.0,"max_hp_loss":0.0,"gold_gain":75.0,"event_name":"World of Goop","player_choice":"Gather Gold","floor":4.0,"gold_loss":0.0,"damage_taken":11.0},{"cards_removed":["Strike_B"],"damage_healed":0.0,"max_hp_gain":0.0,"max_hp_loss":0.0,"gold_gain":0.0,"event_name":"The Cleric","player_choice":"Card Removal","floor":5.0,"gold_loss":75.0,"damage_taken":0.0},{"damage_healed":0.0,"max_hp_gain":0.0,"max_hp_loss":0.0,"gold_gain":0.0,"event_name":"Dead Adventurer","player_choice":"Searched \u00271\u0027 times","floor":12.0,"gold_loss":0.0,"damage_taken":0.0},{"damage_healed":0.0,"max_hp_gain":0.0,"max_hp_loss":0.0,"gold_gain":0.0,"event_name":"Cursed Tome","player_choice":"Obtained Book","floor":19.0,"gold_loss":0.0,"damage_taken":21.0},{"damage_healed":0.0,"max_hp_gain":0.0,"max_hp_loss":39.0,"gold_gain":0.0,"event_name":"Ghosts","player_choice":"Became a Ghost","floor":20.0,"gold_loss":0.0,"damage_taken":0.0,"cards_obtained":["Ghostly","Ghostly","Ghostly"]},{"damage_healed":0.0,"max_hp_gain":0.0,"max_hp_loss":0.0,"gold_gain":180.0,"event_name":"Knowing Skull","player_choice":"GOLD GOLD ","floor":22.0,"potions_obtained":[],"gold_loss":0.0,"damage_taken":18.0,"cards_obtained":[]}],"is_beta":false,"boss_relics":[{"not_picked":["Pandora\u0027s Box","Calling Bell"],"picked":"Velvet Choker"},{"not_picked":["Nuclear Battery","Eternal Feather"],"picked":"Empty Cage"}],"items_purged_floors":[21,27],"is_endless":false,"potions_floor_spawned":[2,7,12,14,16,18,28,31,35,36,42,44],"killed_by":"Donu and Deca","ascension_level":20}