{"gold_per_floor":[110,110,129,139,50,50,78,78,103,178,212,212,244,258,258,335,335,350,362,25,25,38,67,67],"floor_reached":24,"playtime":1073,"items_purged":["Strike_R"],"score":493,"play_id":"6d62e5d3-b4dd-4f07-bb33-a7310ec497c4","local_time":"20190608220029","is_ascension_mode":true,"campfire_choices":[{"data":"Bash","floor":6.0,"key":"SMITH"},{"data":"Combust","floor":8.0,"key":"SMITH"},{"data":"Feed","floor":12.0,"key":"SMITH"},{"data":"Flame Barrier","floor":15.0,"key":"SMITH"}],"neow_cost":"NONE","seed_source_timestamp":35659459776513,"circlet_count":0,"master_deck":["AscendersBane","Strike_R+1","Strike_R+1","Strike_R","Defend_R","Defend_R","Defend_R","Defend_R","Bash+1","Metallicize","Headbutt","Flame Barrier+1","Combust+1","Feed+1","Offering","Spot Weakness+1","Rupture","Shockwave"],"special_seed":0,"relics":["Burning Blood","Whetstone","Happy Flower","PreservedInsect","Pen Nib","Lantern","Philosopher\u0027s Stone","Mummified Hand","Sundial"],"potions_floor_usage":[18,24],"damage_taken":[{"damage":9.0,"enemies":"Small Slimes","floor":1.0,"turns":3.0},{"damage":5.0,"enemies":"2 Louse","floor":3.0,"turns":3.0},{"damage":0.0,"enemies":"Cultist","floor":4.0,"turns":4.0},{"damage":19.0,"enemies":"Lagavulin","floor":7.0,"turns":5.0},{"damage":12.0,"enemies":"3 Sentries","floor":11.0,"turns":6.0},{"damage":8.0,"enemies":"Gremlin Nob","floor":13.0,"turns":3.0},{"damage":4.0,"enemies":"2 Fungi Beasts","floor":14.0,"turns":3.0},{"damage":41.0,"enemies":"Hexaghost","floor":16.0,"turns":8.0},{"damage":6,"enemies":"Spheric Guardian","floor":18,"turns":1},{"damage":33,"enemies":"Chosen","floor":19,"turns":6},{"damage":20,"enemies":"Snecko","floor":22,"turns":4},{"damage":40,"enemies":"Book of Stabbing","floor":23,"turns":4},{"damage":24,"enemies":"Shelled Parasite and Fungi","floor":24,"turns":3}],"seed_played":"-8521537089082953505","potions_obtained":[{"floor":3.0,"key":"BloodPotion"},{"floor":4.0,"key":"Weak Potion"},{"floor":7.0,"key":"Energy Potion"},{"floor":16.0,"key":"SkillPotion"},{"floor":23,"key":"BloodPotion"}],"is_trial":false,"path_per_floor":["M","?","M","M","$","R","E","R","T","?","E","R","E","M","R","B",null,"M","M","$","?","M","E","M"],"character_chosen":"IRONCLAD","items_purchased":["Combust","Mummified Hand"],"campfire_rested":0,"item_purchase_floors":[5,20],"current_hp_per_floor":[65,70,71,77,77,77,64,64,64,53,58,58,56,62,62,27,72,76,53,53,53,43,9,0],"gold":67,"neow_bonus":"RANDOM_COMMON_RELIC","is_prod":false,"is_daily":false,"chose_seed":false,"campfire_upgraded":4,"win_rate":0,"timestamp":1560024029,"path_taken":["M","?","M","M","$","R","E","R","T","?","E","R","E","M","R","BOSS","M","M","$","?","?","E","M"],"build_version":"2019-01-23","purchased_purges":1,"victory":false,"max_hp_per_floor":[75,80,80,80,80,80,80,80,80,80,83,83,83,87,87,87,87,91,95,95,95,99,99,103],"card_choices":[{"not_picked":["Cleave","Iron Wave"],"picked":"Metallicize","floor":1.0},{"not_picked":["Heavy Blade","Headbutt","Clash"],"picked":"SKIP","floor":3.0},{"not_picked":["Heavy Blade","Clash"],"picked":"Headbutt","floor":3.0},{"not_picked":["Clothesline","Wild Strike"],"picked":"Flame Barrier","floor":4.0},{"not_picked":["Shrug It Off","Dual Wield"],"picked":"Feed","floor":7.0},{"not_picked":["Thunderclap","Seeing Red","Infernal Blade"],"picked":"SKIP","floor":11.0},{"not_picked":["Sword Boomerang","Brutality","Thunderclap"],"picked":"SKIP","floor":13.0},{"not_picked":["Cleave","Hemokinesis","Heavy Blade"],"picked":"SKIP","floor":14.0},{"not_picked":["Berserk","Demon Form"],"picked":"Offering","floor":16.0},{"not_picked":["Searing Blow","Flex","Pummel"],"picked":"SKIP","floor":18},{"not_picked":["Anger","Armaments"],"picked":"Spot Weakness+1","floor":19},{"not_picked":["Anger","Spot Weakness"],"picked":"Rupture","floor":22},{"not_picked":["Uppercut","Flex"],"picked":"Shockwave","floor":23}],"player_experience":1302457,"relics_obtained":[{"floor":7.0,"key":"Happy Flower"},{"floor":9.0,"key":"PreservedInsect"},{"floor":11.0,"key":"Pen Nib"},{"floor":13.0,"key":"Lantern"},{"floor":23,"key":"Sundial"}],"event_choices":[{"damage_healed":0.0,"max_hp_gain":5.0,"max_hp_loss":0.0,"gold_gain":0.0,"event_name":"Big Fish","player_choice":"Donut","floor":2.0,"gold_loss":0.0,"damage_taken":0.0},{"damage_healed":0.0,"max_hp_gain":0.0,"max_hp_loss":0.0,"gold_gain":75.0,"event_name":"World of Goop","player_choice":"Gather Gold","floor":10.0,"gold_loss":0.0,"damage_taken":11.0},{"cards_removed":["Strike_R"],"damage_healed":0,"gold_gain":0,"player_choice":"Purged","damage_taken":0,"max_hp_gain":0,"max_hp_loss":0,"event_name":"Purifier","floor":21,"gold_loss":0}],"is_beta":false,"boss_relics":[{"not_picked":["Orrery","Black Blood"],"picked":"Philosopher\u0027s Stone"}],"items_purged_floors":[20],"is_endless":false,"potions_floor_spawned":[3,4,7,16,23],"killed_by":"Shelled Parasite and Fungi","ascension_level":20}