{"path_per_floor":["M","?","?","M","$","E","M","M","T","M","E","R","$","M","R","B",null,"M","$","M","$","M","R","E","?","T"],"character_chosen":"THE_SILENT","items_purchased":["Escape Plan","Predator","Sucker Punch","Outmaneuver","Orichalcum"],"gold_per_floor":[118,118,188,202,13,46,64,78,78,95,124,124,56,68,68,163,163,179,179,199,51,64,64,93,93,93],"floor_reached":27,"campfire_rested":1,"playtime":2693,"current_hp_per_floor":[70,75,75,75,75,82,82,73,73,73,72,72,72,72,72,52,82,67,67,49,49,40,64,35,35,35],"items_purged":["Strike_G"],"gold":93,"score":281,"play_id":"9afc8273-5b68-4983-ab11-2b2467e19a52","is_prod":false,"is_daily":false,"is_ascension_mode":true,"campfire_upgraded":2,"path_taken":["M","?","?","M","$","E","M","M","T","M","E","R","?","M","R","BOSS","M","$","M","$","M","R","E","?","T","M"],"build_version":"2018-02-15-PROD1","purchased_purges":1,"victory":false,"master_deck":["Survivor","Neutralize+1","Dash","Noxious Fumes+1","Escape Plan","Predator","Deadly Poison","Poisoned Stab","Well Laid Plans","Quick Slash","Sucker Punch","Outmaneuver","Prepared","Envenom","Terror","Acrobatics","Prepared","Deflect","Flying Knee","Dagger Throw","Sucker Punch","Malaise","Prepared","Deflect","Heel Hook","Heel Hook"],"max_hp_per_floor":[70,75,75,75,75,82,82,82,82,82,82,82,82,82,82,82,82,82,82,82,82,82,82,82,82,82],"relics":["Ring of the Snake","NeowsBlessing","Strawberry","Torii","Toolbox","Pandora\u0027s Box","Orichalcum","Pantograph","Peace Pipe"],"card_choices":[{"not_picked":["Dagger Throw","Bane"],"picked":"Dash"},{"not_picked":["Eviscerate","Night Terror"],"picked":"Noxious Fumes"},{"not_picked":["Underhanded Strike","Predator"],"picked":"Deadly Poison"},{"not_picked":["Eviscerate","Leg Sweep"],"picked":"Poisoned Stab"},{"not_picked":["PiercingWail","Finisher"],"picked":"Well Laid Plans"},{"not_picked":["Malaise","Slice"],"picked":"Quick Slash"},{"not_picked":["Blade Dance","Deadly Poison"],"picked":"Prepared"},{"not_picked":["Venomology","Phantasmal Killer"],"picked":"Envenom"},{"not_picked":["Dagger Spray","Blade Dance"],"picked":"Deflect"},{"not_picked":["Poisoned Stab","Deflect"],"picked":"Heel Hook"},{"not_picked":["Masterful Stab","Distraction"],"picked":"Heel Hook"}],"player_experience":141588,"potions_floor_usage":[16,16,24,27],"damage_taken":[{"damage":0,"enemies":"2 Louse","floor":1,"turns":1},{"damage":0,"enemies":"Jaw Worm","floor":4,"turns":1},{"damage":0,"enemies":"Lagavulin","floor":6,"turns":1},{"damage":0,"enemies":"Small Slimes","floor":7,"turns":3},{"damage":9,"enemies":"3 Louse","floor":8,"turns":5},{"damage":0,"enemies":"2 Fungi Beasts","floor":10,"turns":3},{"damage":1,"enemies":"3 Sentries","floor":11,"turns":7},{"damage":0,"enemies":"Blue Slaver","floor":14,"turns":3},{"damage":20,"enemies":"The Guardian","floor":16,"turns":10},{"damage":15,"enemies":"3 Byrds","floor":18,"turns":4},{"damage":18,"enemies":"Shell Parasite","floor":20,"turns":7},{"damage":13,"enemies":"Sentry and Sphere","floor":22,"turns":6},{"damage":44,"enemies":"Slavers","floor":24,"turns":6},{"damage":36,"enemies":"3 Cultists","floor":27,"turns":4}],"event_choices":[{"event_name":"Big Fish","player_choice":"Donut","floor":2,"damage_taken":0},{"event_name":"Golden Wing","player_choice":"Gained Gold","floor":3,"damage_taken":0},{"event_name":"Cursed Tome","player_choice":"Ignored","floor":25,"damage_taken":0}],"boss_relics":[{"not_picked":["Philosopher\u0027s Stone","Black Star"],"picked":"Pandora\u0027s Box"}],"potions_floor_spawned":[1,10,11,16,18,22],"seed_played":"-7923839480308807465","killed_by":"3 Cultists","ascension_level":1,"is_trial":false}