{"gold_per_floor":[110,110,35,35,53,85,85,113,113,113,8,8,19,19,19,96,96,116,116,131,151,163,163,177,177,177,210,210,239,249,267,267,339,339,353,406,252,267,267,267,301,301,353,353,369,386,386,418,418,418,418],"floor_reached":51,"playtime":3132,"items_purged":["Strike_B","Strike_B"],"score":1506,"play_id":"3f336c9f-fa2b-44bd-ab86-9c4786ee03c1","local_time":"20190224233857","is_ascension_mode":true,"campfire_choices":[{"data":"Zap","floor":7,"key":"SMITH"},{"floor":10,"key":"REST"},{"data":"Melter","floor":12,"key":"SMITH"},{"data":"Blizzard","floor":15,"key":"SMITH"},{"data":"Biased Cognition","floor":23,"key":"SMITH"},{"floor":28,"key":"REST"},{"floor":32,"key":"REST"},{"floor":40,"key":"REST"},{"floor":47,"key":"REST"},{"floor":49,"key":"RECALL"}],"neow_cost":"NONE","seed_source_timestamp":39182274632315,"circlet_count":0,"master_deck":["AscendersBane","Strike_B","Defend_B","Defend_B","Defend_B+1","Defend_B","Zap+1","Dualcast+1","Glacier","Melter+1","Coolheaded","Blizzard+1","Biased Cognition+1","Coolheaded","BootSequence","Reinforced Body","Biased Cognition","Go for the Eyes+1","Genetic Algorithm","Chaos+1","Core Surge+1","Defragment+1","Doubt"],"relics":["Cracked Core","NeowsBlessing","Turnip","Dodecahedron","Mercury Hourglass","Cursed Key","FaceOfCleric","Molten Egg 2","Mummified Hand","Velvet Choker","Mango","Art of War","Blue Candle"],"potions_floor_usage":[16,18,27,33,36,36,41,41,48,50,51],"damage_taken":[{"damage":0,"enemies":"Jaw Worm","floor":1,"turns":1},{"damage":0,"enemies":"Small Slimes","floor":5,"turns":1},{"damage":0,"enemies":"Gremlin Nob","floor":6,"turns":1},{"damage":19,"enemies":"3 Sentries","floor":8,"turns":8},{"damage":0,"enemies":"Cultist","floor":13,"turns":2},{"damage":33,"enemies":"Slime Boss","floor":16,"turns":9},{"damage":0,"enemies":"3 Byrds","floor":18,"turns":4},{"damage":0,"enemies":"2 Thieves","floor":20,"turns":4},{"damage":0,"enemies":"Sentry and Sphere","floor":21,"turns":2},{"damage":7,"enemies":"Shelled Parasite and Fungi","floor":22,"turns":5},{"damage":0,"enemies":"Snake Plant","floor":24,"turns":4},{"damage":12,"enemies":"Slavers","floor":27,"turns":5},{"damage":8,"enemies":"Book of Stabbing","floor":29,"turns":6},{"damage":0,"enemies":"Snecko","floor":30,"turns":4},{"damage":0,"enemies":"Sentry and Sphere","floor":31,"turns":3},{"damage":56,"enemies":"Champ","floor":33,"turns":16},{"damage":0,"enemies":"3 Shapes","floor":35,"turns":5},{"damage":30,"enemies":"2 Orb Walkers","floor":36,"turns":6},{"damage":15,"enemies":"3 Darklings","floor":38,"turns":7},{"damage":14,"enemies":"Reptomancer","floor":41,"turns":5},{"damage":0,"enemies":"Sphere and 2 Shapes","floor":45,"turns":5},{"damage":21,"enemies":"4 Shapes","floor":46,"turns":6},{"damage":57,"enemies":"Nemesis","floor":48,"turns":17},{"damage":10,"enemies":"Time Eater","floor":50,"turns":19},{"damage":23,"enemies":"Donu and Deca","floor":51,"turns":6}],"seed_played":"8618259152146210493","potions_obtained":[{"floor":5,"key":"Poison Potion"},{"floor":13,"key":"Energy Potion"},{"floor":16,"key":"Block Potion"},{"floor":18,"key":"Poison Potion"},{"floor":21,"key":"AttackPotion"},{"floor":27,"key":"Swift Potion"},{"floor":31,"key":"PowerPotion"},{"floor":33,"key":"Block Potion"},{"floor":38,"key":"AttackPotion"},{"floor":41,"key":"FocusPotion"},{"floor":46,"key":"GamblersBrew"},{"floor":48,"key":"Ancient Potion"}],"is_trial":false,"path_per_floor":["M","?","?","?","M","E","R","E","T","R","$","R","M","?","R","B",null,"M","?","M","M","M","R","M","?","T","E","R","E","M","M","R","B",null,"M","?","$","M","?","R","E","?","T","T","M","M","R","E","R","B","B"],"character_chosen":"DEFECT","items_purchased":["Coolheaded","PowerPotion"],"campfire_rested":5,"item_purchase_floors":[11,37],"current_hp_per_floor":[64,69,69,46,46,46,46,27,27,49,49,49,49,49,49,16,61,61,61,62,63,57,57,58,35,35,24,49,42,43,44,70,15,71,72,57,57,43,43,75,62,62,62,62,63,43,76,20,20,11,0],"gold":418,"neow_bonus":"THREE_ENEMY_KILL","is_prod":false,"is_daily":false,"chose_seed":false,"campfire_upgraded":4,"win_rate":0,"timestamp":1551047937,"path_taken":["M","?","?","?","?","E","R","E","T","R","?","R","M","?","R","BOSS","M","?","?","M","M","R","M","?","T","E","R","E","M","M","R","BOSS","M","?","$","M","?","R","E","?","T","?","?","M","R","E","R","BOSS","BOSS"],"build_version":"2019-01-23","purchased_purges":2,"victory":false,"max_hp_per_floor":[71,76,76,76,76,76,76,76,76,76,76,76,76,76,76,76,76,76,76,77,78,79,79,80,85,85,86,86,87,88,89,89,90,90,91,106,106,107,107,107,108,108,108,108,109,110,110,111,111,112,112],"card_choices":[{"not_picked":["Streamline","Stack"],"picked":"Glacier","floor":1},{"not_picked":["Turbo","Go for the Eyes"],"picked":"Ball Lightning","floor":5},{"not_picked":["Rip and Tear","Stack"],"picked":"Melter","floor":6},{"not_picked":["Hello World","Heatsinks","Multi-Cast"],"picked":"SKIP","floor":8},{"not_picked":["Hologram","Auto Shields"],"picked":"Blizzard","floor":13},{"not_picked":["Hyperbeam","Amplify"],"picked":"Biased Cognition","floor":16},{"not_picked":["Ball Lightning","Rebound"],"picked":"Coolheaded","floor":18},{"not_picked":["Skim","Reprogram","Conserve Battery"],"picked":"SKIP","floor":20},{"not_picked":["Fusion","Ball Lightning"],"picked":"BootSequence","floor":21},{"not_picked":["Beam Cell","Heatsinks","Steam Power"],"picked":"SKIP","floor":22},{"not_picked":["Ball Lightning","Beam Cell"],"picked":"Reinforced Body","floor":24},{"not_picked":["Storm","Tempest"],"picked":"Biased Cognition","floor":27},{"not_picked":["Sweeping Beam+1","Barrage+1"],"picked":"Go for the Eyes+1","floor":29},{"not_picked":["White Noise","Turbo+1"],"picked":"Genetic Algorithm","floor":30},{"not_picked":["Go for the Eyes+1","Rebound+1"],"picked":"Chaos+1","floor":31},{"not_picked":["Hyperbeam+1","All For One+1"],"picked":"Core Surge+1","floor":33},{"not_picked":["Hello World","Steam","Conserve Battery"],"picked":"SKIP","floor":35},{"not_picked":["Consume","Fusion"],"picked":"Defragment+1","floor":36},{"not_picked":["Rebound+1","Static Discharge","Scrape+1"],"picked":"SKIP","floor":38},{"not_picked":["FTL+1","Go for the Eyes+1","Reboot"],"picked":"SKIP","floor":41},{"not_picked":["Conserve Battery","Sweeping Beam+1","Double Energy+1"],"picked":"SKIP","floor":45},{"not_picked":["Rebound+1","Turbo","Sweeping Beam+1"],"picked":"SKIP","floor":46},{"not_picked":["Compile Driver+1","Rebound+1","FTL+1"],"picked":"SKIP","floor":48}],"player_experience":988676,"relics_obtained":[{"floor":6,"key":"Turnip"},{"floor":8,"key":"Dodecahedron"},{"floor":9,"key":"Mercury Hourglass"},{"floor":27,"key":"Molten Egg 2"},{"floor":29,"key":"Mummified Hand"},{"floor":36,"key":"Mango"},{"floor":41,"key":"Art of War"},{"floor":48,"key":"Blue Candle"}],"event_choices":[{"damage_healed":0,"gold_gain":0,"player_choice":"Donut","damage_taken":0,"max_hp_gain":5,"max_hp_loss":0,"event_name":"Big Fish","floor":2,"gold_loss":0},{"cards_removed":["Strike_B"],"damage_healed":0,"gold_gain":0,"player_choice":"Card Removal","damage_taken":0,"max_hp_gain":0,"max_hp_loss":0,"event_name":"The Cleric","floor":3,"gold_loss":75},{"damage_healed":0,"gold_gain":0,"player_choice":"Entered Light","damage_taken":23,"max_hp_gain":0,"max_hp_loss":0,"event_name":"Shining Light","floor":4,"gold_loss":0,"cards_upgraded":["Defend_B","Dualcast"]},{"damage_healed":0,"gold_gain":0,"player_choice":"Ignored","damage_taken":0,"max_hp_gain":0,"max_hp_loss":0,"event_name":"Liars Game","floor":14,"gold_loss":0},{"damage_healed":0,"gold_gain":0,"player_choice":"Trade","damage_taken":0,"relics_obtained":["FaceOfCleric"],"max_hp_gain":0,"max_hp_loss":0,"event_name":"FaceTrader","floor":19,"gold_loss":0},{"damage_healed":0,"gold_gain":0,"player_choice":"Shed Blood","damage_taken":28,"max_hp_gain":5,"max_hp_loss":0,"event_name":"Forgotten Altar","floor":25,"gold_loss":0},{"damage_healed":0,"gold_gain":0,"player_choice":"Fight","damage_taken":0,"max_hp_gain":0,"max_hp_loss":0,"event_name":"Mysterious Sphere","floor":36,"gold_loss":0},{"damage_healed":0,"gold_gain":0,"player_choice":"Ignored","damage_taken":0,"max_hp_gain":0,"max_hp_loss":0,"event_name":"Tomb of Lord Red Mask","floor":39,"gold_loss":0},{"cards_removed":["Ball Lightning"],"damage_healed":0,"gold_gain":0,"player_choice":"Removed Attack","damage_taken":0,"max_hp_gain":0,"max_hp_loss":0,"event_name":"Falling","floor":42,"gold_loss":0}],"is_beta":false,"boss_relics":[{"not_picked":["Inserter","Tiny House"],"picked":"Cursed Key"},{"not_picked":["Eternal Feather","Astrolabe"],"picked":"Velvet Choker"}],"items_purged_floors":[11,37],"is_endless":false,"potions_floor_spawned":[5,13,16,18,21,27,31,33,38,41,46,48],"killed_by":"Donu and Deca","ascension_level":20}