{"gold_per_floor":[20,20,20,34,52,52,26,55,55,55,68,68,68,95,95,174,174,189,189,205,225,225,225,225],"floor_reached":24,"playtime":1144,"items_purged":[],"score":408,"play_id":"aea64afc-ff7c-4fe8-8a64-29b5c2621908","local_time":"20190305143820","is_ascension_mode":true,"campfire_choices":[{"floor":6,"key":"REST"},{"floor":10,"key":"REST"},{"data":"Neutralize","floor":12,"key":"SMITH"},{"floor":15,"key":"REST"},{"floor":23,"key":"REST"}],"neow_cost":"NO_GOLD","seed_source_timestamp":8068507693958,"circlet_count":0,"master_deck":["AscendersBane","Defend_G","Defend_G","Defend_G","Defend_G","Defend_G","Strike_G","Strike_G","Strike_G","Survivor","Neutralize+1","Poisoned Stab","Backstab","Flying Knee","Dagger Spray","Endless Agony","Adrenaline","Cloak And Dagger","Dash+1"],"relics":["Ring of the Snake","Bird Faced Urn","Nunchaku","Art of War","Shuriken","Bag of Marbles","Empty Cage","Pen Nib"],"potions_floor_usage":[8,8,24],"damage_taken":[{"damage":14,"enemies":"Jaw Worm","floor":1,"turns":7},{"damage":1,"enemies":"2 Louse","floor":4,"turns":4},{"damage":0,"enemies":"Small Slimes","floor":5,"turns":3},{"damage":40,"enemies":"Gremlin Nob","floor":8,"turns":5},{"damage":0,"enemies":"Exordium Thugs","floor":11,"turns":4},{"damage":17,"enemies":"Lagavulin","floor":14,"turns":5},{"damage":24,"enemies":"The Guardian","floor":16,"turns":11},{"damage":0,"enemies":"Chosen","floor":18,"turns":4},{"damage":6,"enemies":"2 Thieves","floor":20,"turns":3},{"damage":36,"enemies":"Sentry and Sphere","floor":21,"turns":7},{"damage":28,"enemies":"Book of Stabbing","floor":24,"turns":5}],"seed_played":"-3632375689201157305","potions_obtained":[{"floor":4,"key":"SpeedPotion"},{"floor":5,"key":"LiquidBronze"},{"floor":18,"key":"Weak Potion"}],"is_trial":false,"path_per_floor":["M","?","?","M","M","R","$","E","T","R","M","R","?","E","R","B",null,"M","?","M","M","T","R","E"],"character_chosen":"THE_SILENT","items_purchased":["Flying Knee"],"campfire_rested":4,"item_purchase_floors":[7],"current_hp_per_floor":[45,27,27,26,26,45,45,5,5,24,24,24,24,7,26,2,50,50,50,44,8,8,27,0],"gold":225,"neow_bonus":"ONE_RARE_RELIC","is_prod":false,"is_daily":false,"chose_seed":false,"campfire_upgraded":1,"win_rate":0,"timestamp":1551793100,"path_taken":["M","?","?","M","M","R","$","E","T","R","M","R","?","E","R","BOSS","M","?","M","M","?","R","E"],"build_version":"2019-01-23","purchased_purges":0,"victory":false,"max_hp_per_floor":[66,66,66,66,66,66,66,66,66,66,66,66,66,66,66,66,66,66,66,66,66,66,66,66],"card_choices":[{"not_picked":["Cloak And Dagger","Distraction"],"picked":"Poisoned Stab","floor":1},{"not_picked":["Underhanded Strike","Slice","Escape Plan"],"picked":"SKIP","floor":4},{"not_picked":["Accuracy","Flying Knee"],"picked":"Backstab","floor":5},{"not_picked":["Masterful Stab","Dagger Spray","Deflect"],"picked":"SKIP","floor":8},{"not_picked":["Catalyst","Sucker Punch"],"picked":"Dagger Spray","floor":11},{"not_picked":["Expertise","Bane"],"picked":"Endless Agony","floor":14},{"not_picked":["Tools of the Trade","Phantasmal Killer"],"picked":"Adrenaline","floor":16},{"not_picked":["Deflect","Flying Knee"],"picked":"Cloak And Dagger","floor":18},{"not_picked":["Quick Slash","Blur","Distraction"],"picked":"SKIP","floor":20},{"not_picked":["Heel Hook","Endless Agony+1"],"picked":"Dash+1","floor":21}],"player_experience":1009870,"relics_obtained":[{"floor":8,"key":"Art of War"},{"floor":9,"key":"Shuriken"},{"floor":14,"key":"Bag of Marbles"},{"floor":22,"key":"Pen Nib"}],"event_choices":[{"damage_healed":0,"gold_gain":0,"player_choice":"Success","damage_taken":18,"relics_obtained":["Nunchaku"],"max_hp_gain":0,"max_hp_loss":0,"event_name":"Scrap Ooze","floor":2,"gold_loss":0},{"damage_healed":0,"gold_gain":0,"player_choice":"Leave","damage_taken":0,"max_hp_gain":0,"max_hp_loss":0,"event_name":"The Cleric","floor":3,"gold_loss":0},{"damage_healed":0,"gold_gain":0,"player_choice":"Ignored","damage_taken":0,"max_hp_gain":0,"max_hp_loss":0,"event_name":"Liars Game","floor":13,"gold_loss":0},{"damage_healed":0,"gold_gain":0,"player_choice":"Ignored","damage_taken":0,"max_hp_gain":0,"max_hp_loss":0,"event_name":"Vampires","floor":19,"gold_loss":0}],"is_beta":false,"boss_relics":[{"not_picked":["Black Star","Velvet Choker"],"picked":"Empty Cage"}],"items_purged_floors":[],"is_endless":false,"potions_floor_spawned":[4,5,18],"killed_by":"Book of Stabbing","ascension_level":20}