{"gold_per_floor":[216,233,12,26,26,26,36,71,139,173,189,189,189,224,224,300,300,314,364,12,25,25,25,42,67,67,67,67,67,78,111,111,188,188,203,220,231,58,58],"floor_reached":39,"playtime":2227,"items_purged":["Pain"],"score":1128,"play_id":"2753416a-aafd-4383-bc7c-eeb817ef170f","local_time":"20181223164539","is_ascension_mode":true,"campfire_choices":[{"data":"Defragment","floor":6,"key":"SMITH"},{"floor":12,"key":"REST"},{"data":"Hologram","floor":15,"key":"SMITH"},{"data":"Defragment","floor":23,"key":"SMITH"},{"floor":28,"key":"REST"},{"floor":32,"key":"REST"}],"neow_cost":"NONE","seed_source_timestamp":14497290460877,"circlet_count":0,"master_deck":["AscendersBane","Strike_B","Strike_B","Strike_B","Strike_B","Defend_B","Defend_B","Defend_B","Defend_B+1","Zap+1","Dualcast","Compile Driver","Defragment+1","Loop+1","Hologram+1","BootSequence","Cold Snap","Echo Form","Defragment+1","Cold Snap","Ghostly","Ghostly","Ghostly","Cold Snap","Recycle","Loop","Biased Cognition","Darkness","Skim","Panacea"],"relics":["Cracked Core","PreservedInsect","Dead Branch","Oddly Smooth Stone","Ice Cream","Sozu","Runic Capacitor","Ornamental Fan","Darkstone Periapt","WarpedTongs","Bronze Scales","Runic Pyramid"],"potions_floor_usage":[14,16,39],"damage_taken":[{"damage":2,"enemies":"2 Louse","floor":1,"turns":3},{"damage":1,"enemies":"Cultist","floor":2,"turns":3},{"damage":14,"enemies":"Jaw Worm","floor":4,"turns":4},{"damage":7,"enemies":"Looter","floor":7,"turns":3},{"damage":17,"enemies":"Lagavulin","floor":8,"turns":6},{"damage":8,"enemies":"Gremlin Nob","floor":10,"turns":3},{"damage":0,"enemies":"2 Fungi Beasts","floor":11,"turns":2},{"damage":0,"enemies":"Lagavulin","floor":14,"turns":5},{"damage":0,"enemies":"Hexaghost","floor":16,"turns":9},{"damage":6,"enemies":"Spheric Guardian","floor":18,"turns":4},{"damage":0,"enemies":"Chosen","floor":21,"turns":5},{"damage":3,"enemies":"3 Cultists","floor":24,"turns":4},{"damage":12,"enemies":"Gremlin Leader","floor":25,"turns":6},{"damage":1,"enemies":"Snake Plant","floor":30,"turns":5},{"damage":12,"enemies":"Book of Stabbing","floor":31,"turns":4},{"damage":5,"enemies":"Automaton","floor":33,"turns":9},{"damage":14,"enemies":"3 Shapes","floor":35,"turns":4},{"damage":0,"enemies":"Orb Walker","floor":36,"turns":3},{"damage":20,"enemies":"3 Darklings","floor":37,"turns":5},{"damage":26,"enemies":"Transient","floor":39,"turns":5}],"seed_played":"-793079464268331572","potions_obtained":[{"floor":2,"key":"AttackPotion"},{"floor":16,"key":"Fire Potion"}],"is_trial":false,"path_per_floor":["M","M","$","M","?","R","M","E","T","E","M","R","?","E","R","B",null,"M","?","$","M","?","R","M","E","T","?","R","?","M","E","R","B",null,"M","M","M","$","M"],"character_chosen":"DEFECT","items_purchased":["PreservedInsect","AttackPotion","Runic Capacitor","Defragment","Cold Snap","Panacea"],"campfire_rested":3,"item_purchase_floors":[3,3,20,20,20,38],"current_hp_per_floor":[62,61,61,47,47,47,40,23,23,15,15,36,15,15,15,15,57,51,51,51,51,35,35,32,20,20,20,30,36,35,23,35,30,38,24,24,4,4,0],"gold":58,"neow_bonus":"HUNDRED_GOLD","is_prod":false,"is_daily":false,"chose_seed":false,"campfire_upgraded":3,"win_rate":0,"timestamp":1545579939,"path_taken":["M","M","$","M","?","R","?","E","T","E","M","R","?","E","R","BOSS","M","?","$","M","?","R","M","E","T","?","R","?","M","E","R","BOSS","M","?","M","$","M"],"build_version":"2018-12-20","purchased_purges":1,"victory":false,"max_hp_per_floor":[71,71,71,71,71,71,71,71,71,71,71,71,71,71,71,71,71,71,71,71,71,35,35,35,35,35,35,35,41,41,41,41,41,41,41,41,41,41,41],"card_choices":[{"not_picked":["Reinforced Body","Coolheaded"],"picked":"Compile Driver","floor":1},{"not_picked":["Tempest","Redo"],"picked":"Defragment","floor":2},{"not_picked":["Double Energy","Redo"],"picked":"Loop","floor":4},{"not_picked":["Amplify","Blizzard","Hologram"],"picked":"SKIP","floor":7},{"not_picked":["Amplify","Blizzard"],"picked":"Hologram","floor":7},{"not_picked":["Leap","Loop"],"picked":"BootSequence","floor":8},{"not_picked":["Turbo","Skim","Streamline"],"picked":"SKIP","floor":10},{"not_picked":["Barrage","Gash","Stack"],"picked":"SKIP","floor":11},{"not_picked":["Double Energy","Redo"],"picked":"Cold Snap","floor":14},{"not_picked":["Core Surge","Buffer"],"picked":"Echo Form","floor":16},{"not_picked":["Stack+1","Gash","Reprogram"],"picked":"SKIP","floor":18},{"not_picked":["Rebound","Stack","Steam"],"picked":"SKIP","floor":21},{"not_picked":["Beam Cell","Doom and Gloom","Chaos"],"picked":"SKIP","floor":24},{"not_picked":["Ball Lightning","Storm"],"picked":"Cold Snap","floor":25},{"not_picked":["Compile Driver","Steam"],"picked":"Recycle","floor":30},{"not_picked":["Sunder","Melter+1"],"picked":"Loop","floor":31},{"not_picked":["Electrodynamics","Multi-Cast"],"picked":"Biased Cognition","floor":33},{"not_picked":["Streamline","Conserve Battery","Sweeping Beam"],"picked":"SKIP","floor":35},{"not_picked":["Reprogram","Turbo"],"picked":"Darkness","floor":36},{"not_picked":["Leap","Redo"],"picked":"Skim","floor":37}],"player_experience":685532,"relics_obtained":[{"floor":8,"key":"Dead Branch"},{"floor":10,"key":"Oddly Smooth Stone"},{"floor":14,"key":"Ice Cream"},{"floor":25,"key":"Ornamental Fan"},{"floor":26,"key":"Darkstone Periapt"},{"floor":31,"key":"Bronze Scales"}],"event_choices":[{"damage_healed":0,"gold_gain":0,"player_choice":"Upgraded","damage_taken":0,"max_hp_gain":0,"max_hp_loss":0,"event_name":"Upgrade Shrine","floor":5,"gold_loss":0,"cards_upgraded":["Zap"]},{"damage_healed":0,"gold_gain":0,"player_choice":"Entered Light","damage_taken":21,"max_hp_gain":0,"max_hp_loss":0,"event_name":"Shining Light","floor":13,"gold_loss":0,"cards_upgraded":["Loop","Defend_B"]},{"damage_healed":0,"gold_gain":50,"player_choice":"Stole From Cult","damage_taken":0,"max_hp_gain":0,"max_hp_loss":0,"event_name":"Nest","floor":19,"gold_loss":0},{"damage_healed":0,"gold_gain":0,"player_choice":"Became a Ghost","damage_taken":0,"max_hp_gain":0,"max_hp_loss":36,"event_name":"Ghosts","floor":22,"gold_loss":0,"cards_obtained":["Ghostly","Ghostly","Ghostly"]},{"damage_healed":0,"gold_gain":0,"player_choice":"Ignored","damage_taken":0,"max_hp_gain":0,"max_hp_loss":0,"event_name":"Beggar","floor":27,"gold_loss":0},{"damage_healed":0,"gold_gain":0,"player_choice":"Rummage","damage_taken":0,"relics_obtained":["WarpedTongs"],"max_hp_gain":0,"max_hp_loss":0,"event_name":"Accursed Blacksmith","floor":29,"gold_loss":0,"cards_obtained":["Pain"]}],"is_beta":false,"boss_relics":[{"not_picked":["Tiny House","Philosopher\u0027s Stone"],"picked":"Sozu"},{"not_picked":["Empty Cage","Astrolabe"],"picked":"Runic Pyramid"}],"items_purged_floors":[38],"is_endless":false,"potions_floor_spawned":[2,8,10,11,16,18,30,31,37],"killed_by":"Transient","ascension_level":20}