{"gold_per_floor":[117,117,67,67,79,79,105,117,117,117,127,127,157,32,32,32],"floor_reached":16,"playtime":670,"items_purged":[],"score":180,"play_id":"c7e50938-b1c8-42e2-a6c4-7a8b7dab2340","local_time":"20190223162428","is_ascension_mode":true,"campfire_choices":[{"data":"Metallicize","floor":6,"key":"SMITH"},{"data":"Rage","floor":10,"key":"SMITH"},{"floor":12,"key":"RECALL"},{"data":"Intimidate","floor":15,"key":"SMITH"}],"neow_cost":"NONE","seed_source_timestamp":615583519841174,"circlet_count":0,"master_deck":["Strike_R","Strike_R","Strike_R+1","Defend_R","Defend_R","Defend_R","Defend_R","Bash+1","Intimidate+1","Metallicize+1","Rage+1"],"relics":["Burning Blood","NeowsBlessing","Singing Bowl","Whetstone","Toxic Egg 2","Unceasing Top","Tiny Chest"],"potions_floor_usage":[8,13],"damage_taken":[{"damage":0,"enemies":"Small Slimes","floor":1,"turns":1},{"damage":0,"enemies":"2 Louse","floor":5,"turns":1},{"damage":0,"enemies":"Gremlin Nob","floor":7,"turns":1},{"damage":0,"enemies":"Cultist","floor":8,"turns":3},{"damage":9,"enemies":"Lots of Slimes","floor":11,"turns":8},{"damage":9,"enemies":"3 Sentries","floor":13,"turns":12},{"damage":83,"enemies":"Hexaghost","floor":16,"turns":16}],"seed_played":"-2091426912884513743","potions_obtained":[{"floor":1,"key":"SmokeBomb"},{"floor":7,"key":"GamblersBrew"},{"floor":11,"key":"Dexterity Potion"}],"is_trial":false,"path_per_floor":["M","?","?","?","M","R","E","M","T","R","M","R","E","$","R","B"],"character_chosen":"IRONCLAD","items_purchased":["Tiny Chest"],"campfire_rested":0,"item_purchase_floors":[14],"current_hp_per_floor":[78,71,71,71,77,77,80,82,82,82,81,81,80,80,80,0],"gold":32,"neow_bonus":"THREE_ENEMY_KILL","is_prod":false,"is_daily":false,"chose_seed":false,"campfire_upgraded":3,"win_rate":0,"timestamp":1550953468,"path_taken":["M","?","?","?","?","R","E","M","T","R","M","R","E","$","R","BOSS"],"build_version":"2019-01-23","purchased_purges":0,"victory":false,"max_hp_per_floor":[80,80,80,80,80,80,80,82,82,82,84,84,86,86,86,86],"card_choices":[{"not_picked":["Hemokinesis","Heavy Blade"],"picked":"Intimidate","floor":1},{"not_picked":["Perfected Strike","Whirlwind"],"picked":"Metallicize","floor":5},{"not_picked":["Combust","Clothesline"],"picked":"Rage","floor":7},{"not_picked":["Reckless Charge","Shrug It Off","Rupture"],"picked":"Singing Bowl","floor":8},{"not_picked":["Shrug It Off+1","Perfected Strike","Bloodletting+1"],"picked":"Singing Bowl","floor":11},{"not_picked":["Reckless Charge","Pommel Strike","Combust"],"picked":"Singing Bowl","floor":13}],"player_experience":455735,"relics_obtained":[{"floor":7,"key":"Whetstone"},{"floor":9,"key":"Toxic Egg 2"},{"floor":13,"key":"Unceasing Top"}],"event_choices":[{"cards_removed":["Strike_R"],"damage_healed":0,"gold_gain":0,"player_choice":"Card Removal","damage_taken":7,"max_hp_gain":0,"max_hp_loss":0,"event_name":"Golden Wing","floor":2,"gold_loss":0},{"cards_removed":["Strike_R"],"damage_healed":0,"gold_gain":0,"player_choice":"Card Removal","damage_taken":0,"max_hp_gain":0,"max_hp_loss":0,"event_name":"The Cleric","floor":3,"gold_loss":50},{"damage_healed":0,"gold_gain":0,"player_choice":"Gave Potion","damage_taken":0,"relics_obtained":["Singing Bowl"],"max_hp_gain":0,"max_hp_loss":0,"event_name":"WeMeetAgain","floor":4,"gold_loss":0}],"is_beta":false,"boss_relics":[],"items_purged_floors":[],"is_endless":false,"potions_floor_spawned":[1,7,11],"killed_by":"Hexaghost","ascension_level":7}