{"gold_per_floor":[109,120,120,64,79,114,114,139,139,139,139,168,133,165,165,241,241,254,254,98,98,98,98],"floor_reached":23,"playtime":792,"items_purged":["Dualcast"],"score":426,"play_id":"b467d635-69a8-410c-b2ab-2196b79ac1a5","local_time":"20190616234910","is_ascension_mode":true,"campfire_choices":[{"data":"Sweeping Beam","floor":7.0,"key":"SMITH"},{"floor":11.0,"key":"REST"},{"data":"Defragment","floor":15.0,"key":"SMITH"}],"neow_cost":"NONE","seed_source_timestamp":42083482807995,"circlet_count":0,"master_deck":["AscendersBane","Strike_B","Strike_B","Strike_B","Defend_B","Defend_B","Defend_B","Defend_B","Zap","Ball Lightning","Coolheaded","Sweeping Beam+1","Sunder+1","Compile Driver+1","Reinforced Body","Defragment+1","Creative AI","Storm","Undo+1"],"special_seed":0,"relics":["Sozu","Mummified Hand","Molten Egg 2","Ornamental Fan","Boot","Toxic Egg 2","Nuclear Battery"],"potions_floor_usage":[],"damage_taken":[{"damage":2.0,"enemies":"Jaw Worm","floor":1.0,"turns":4.0},{"damage":0.0,"enemies":"2 Louse","floor":2.0,"turns":3.0},{"damage":0.0,"enemies":"Small Slimes","floor":5.0,"turns":4.0},{"damage":17.0,"enemies":"Lagavulin","floor":6.0,"turns":7.0},{"damage":32.0,"enemies":"Gremlin Nob","floor":8.0,"turns":4.0},{"damage":1.0,"enemies":"3 Sentries","floor":12.0,"turns":6.0},{"damage":13.0,"enemies":"Lagavulin","floor":14.0,"turns":6.0},{"damage":19.0,"enemies":"Hexaghost","floor":16.0,"turns":8.0},{"damage":34,"enemies":"2 Thieves","floor":18,"turns":4},{"damage":22,"enemies":"Slavers","floor":23,"turns":2}],"seed_played":"-8939052462726392305","potions_obtained":[],"is_trial":false,"path_per_floor":["M","M","?","$","M","E","R","E","T","?","R","E","?","E","R","B",null,"M","?","$","?","?","E"],"character_chosen":"DEFECT","items_purchased":["Coolheaded","Undo+1"],"campfire_rested":1,"item_purchase_floors":[4,20],"current_hp_per_floor":[62,62,55,55,55,38,38,6,6,6,27,26,43,30,30,11,56,22,36,36,16,16,0],"gold":98,"neow_bonus":"BOSS_RELIC","is_prod":false,"is_daily":false,"chose_seed":false,"campfire_upgraded":2,"win_rate":0,"timestamp":1560721750,"path_taken":["M","M","?","$","M","E","R","E","T","?","R","E","?","E","R","BOSS","M","?","$","?","?","E"],"build_version":"2019-01-23","purchased_purges":1,"victory":false,"max_hp_per_floor":[71,71,71,71,71,71,71,71,71,71,71,71,71,71,71,71,71,71,71,71,76,76,76],"card_choices":[{"not_picked":["Go for the Eyes","Conserve Battery"],"picked":"Ball Lightning","floor":1.0},{"not_picked":["Heatsinks","Gash","Double Energy"],"picked":"SKIP","floor":2.0},{"not_picked":["Ball Lightning","Coolheaded"],"picked":"Sweeping Beam","floor":5.0},{"not_picked":["Rip and Tear","Hello World"],"picked":"Sunder","floor":6.0},{"not_picked":["Ball Lightning","Streamline"],"picked":"Compile Driver","floor":8.0},{"not_picked":["Aggregate","Multi-Cast"],"picked":"Reinforced Body","floor":12.0},{"not_picked":["Genetic Algorithm","Chill"],"picked":"Defragment","floor":14.0},{"not_picked":["Machine Learning","All For One+1"],"picked":"Creative AI","floor":16.0},{"not_picked":["Cold Snap+1","Barrage+1"],"picked":"Storm","floor":18}],"player_experience":1375049,"relics_obtained":[{"floor":6.0,"key":"Mummified Hand"},{"floor":8.0,"key":"Molten Egg 2"},{"floor":9.0,"key":"Ornamental Fan"},{"floor":12.0,"key":"Boot"},{"floor":14.0,"key":"Toxic Egg 2"}],"event_choices":[{"cards_removed":["Strike_B"],"damage_healed":0.0,"max_hp_gain":0.0,"max_hp_loss":0.0,"gold_gain":0.0,"event_name":"Golden Wing","player_choice":"Card Removal","floor":3.0,"gold_loss":0.0,"damage_taken":7.0},{"damage_healed":0.0,"max_hp_gain":0.0,"max_hp_loss":0.0,"gold_gain":0.0,"event_name":"Living Wall","player_choice":"Grow","floor":10.0,"gold_loss":0.0,"damage_taken":0.0,"cards_upgraded":["Sunder"]},{"damage_healed":17.0,"max_hp_gain":0.0,"max_hp_loss":0.0,"gold_gain":0.0,"event_name":"The Cleric","player_choice":"Healed","floor":13.0,"gold_loss":35.0,"damage_taken":0.0},{"damage_healed":14,"gold_gain":0,"player_choice":"Heal","damage_taken":0,"max_hp_gain":0,"max_hp_loss":0,"event_name":"The Library","floor":19,"gold_loss":0},{"damage_healed":0,"gold_gain":0,"player_choice":"Shed Blood","damage_taken":25,"max_hp_gain":5,"max_hp_loss":0,"event_name":"Forgotten Altar","floor":21,"gold_loss":0},{"damage_healed":0,"gold_gain":0,"player_choice":"Ignored","damage_taken":0,"max_hp_gain":0,"max_hp_loss":0,"event_name":"Cursed Tome","floor":22,"gold_loss":0}],"is_beta":false,"boss_relics":[{"not_picked":["Busted Crown","Empty Cage"],"picked":"Nuclear Battery"}],"items_purged_floors":[20],"is_endless":false,"potions_floor_spawned":[5,6,12],"killed_by":"Slavers","ascension_level":20}