{"gold_per_floor":[111,129,144,144,69,69,83,117,117,117,135,35,35,53,53,53],"floor_reached":16,"playtime":569,"items_purged":["Regret","Strike_R"],"score":102,"play_id":"10654c2a-8e8e-41c3-b070-f4e13bbaff84","local_time":"20190325133325","is_ascension_mode":false,"campfire_choices":[{"data":"Uppercut","floor":6,"key":"SMITH"},{"data":"Entrench","floor":10,"key":"SMITH"},{"data":"Barricade","floor":15,"key":"SMITH"}],"neow_cost":"NONE","seed_source_timestamp":98922121713644,"circlet_count":0,"master_deck":["Strike_R","Strike_R","Strike_R","Defend_R","Defend_R","Defend_R","Defend_R","Bash","Barricade+1","Whirlwind","Uppercut+1","Cleave","Entrench+1","Body Slam"],"relics":["Burning Blood","Omamori","Singing Bowl"],"potions_floor_usage":[7,8],"damage_taken":[{"damage":0,"enemies":"2 Louse","floor":1,"turns":3},{"damage":5,"enemies":"Jaw Worm","floor":2,"turns":6},{"damage":1,"enemies":"Cultist","floor":3,"turns":4},{"damage":0,"enemies":"Large Slime","floor":7,"turns":6},{"damage":12,"enemies":"Gremlin Nob","floor":8,"turns":3},{"damage":5,"enemies":"Red Slaver","floor":11,"turns":3},{"damage":8,"enemies":"Gremlin Gang","floor":14,"turns":5},{"damage":68,"enemies":"Hexaghost","floor":16,"turns":14}],"seed_played":"-2778416770192435591","potions_obtained":[{"floor":1,"key":"Poison Potion"},{"floor":2,"key":"Weak Potion"}],"is_trial":false,"path_per_floor":["M","M","M","?","$","R","M","E","T","R","M","$","?","M","R","B"],"character_chosen":"IRONCLAD","items_purchased":[],"campfire_rested":0,"item_purchase_floors":[],"current_hp_per_floor":[80,80,80,80,80,80,80,74,74,74,77,77,69,67,67,0],"gold":53,"neow_bonus":"TRANSFORM_CARD","is_prod":false,"is_daily":false,"chose_seed":false,"campfire_upgraded":3,"win_rate":0,"timestamp":1553531605,"path_taken":["M","M","M","?","$","R","M","E","T","R","M","$","?","?","R","BOSS"],"build_version":"2019-01-23","purchased_purges":2,"victory":false,"max_hp_per_floor":[80,80,80,80,80,80,80,80,80,80,82,82,82,82,82,82],"card_choices":[{"not_picked":["Combust","Thunderclap","Havoc"],"picked":"SKIP","floor":1},{"not_picked":["Bloodletting","Ghostly Armor"],"picked":"Whirlwind","floor":2},{"not_picked":["Ghostly Armor","Pommel Strike"],"picked":"Uppercut","floor":3},{"not_picked":["Pommel Strike","Searing Blow"],"picked":"Cleave","floor":7},{"not_picked":["Searing Blow","Rupture"],"picked":"Entrench","floor":8},{"not_picked":["Shrug It Off","Sword Boomerang","Clash"],"picked":"Singing Bowl","floor":11},{"not_picked":["Spot Weakness","Infernal Blade"],"picked":"Body Slam","floor":14}],"player_experience":529842,"relics_obtained":[{"floor":8,"key":"Singing Bowl"}],"event_choices":[{"damage_healed":0,"gold_gain":0,"player_choice":"Box","damage_taken":0,"relics_obtained":["Omamori"],"max_hp_gain":0,"max_hp_loss":0,"event_name":"Big Fish","floor":4,"gold_loss":0,"cards_obtained":["Regret"]},{"damage_healed":0,"gold_gain":0,"player_choice":"Damaged","damage_taken":8,"max_hp_gain":0,"max_hp_loss":0,"event_name":"Wheel of Change","floor":13,"gold_loss":0}],"is_beta":false,"boss_relics":[],"items_purged_floors":[5,12],"is_endless":false,"potions_floor_spawned":[1,2],"killed_by":"Hexaghost","ascension_level":0}