{"gold_per_floor":[116,133,145,70,70,104,104,136,160,190,201,213,213,228,228,306,306,319,63,63,79,95,122,122,155,180,258,258,278,307,327,327,404,404,423,14,14,14,14,44,44,71,94,123,133,133,24,41,41,41,41],"floor_reached":51,"playtime":4929,"items_purged":["Strike_G"],"score":1701,"play_id":"7bc52ff3-9186-42fb-8dad-44e816544c29","local_time":"20181216174727","is_ascension_mode":true,"campfire_choices":[{"data":"Footwork","floor":7.0,"key":"SMITH"},{"data":"Glass Knife","floor":13.0,"key":"SMITH"},{"data":"Caltrops","floor":15.0,"key":"SMITH"},{"data":"After Image","floor":24,"key":"SMITH"},{"floor":28,"key":"REST"},{"data":"Wraith Form v2","floor":32,"key":"SMITH"},{"floor":41,"key":"REST"},{"floor":46,"key":"REST"},{"floor":49,"key":"RECALL"}],"neow_cost":"TEN_PERCENT_HP_LOSS","seed_source_timestamp":0,"circlet_count":0,"master_deck":["AscendersBane","Defend_G","Defend_G+1","Defend_G","Defend_G","Defend_G+1","Strike_G","Strike_G+1","Strike_G","Survivor","Neutralize+1","Footwork+1","Flying Knee+1","Well Laid Plans","Dodge and Roll","Glass Knife+1","Dash","Caltrops+1","Deflect","After Image+1","Backflip","Footwork+1","Dodge and Roll","Wraith Form v2+1","Dodge and Roll","Dodge and Roll+1","PiercingWail","PiercingWail","Corpse Explosion","Footwork+1","Dodge and Roll","Chrysalis","Footwork+1","Dodge and Roll","Dodge and Roll","Bouncing Flask","Deadly Poison"],"special_seed":0,"relics":["Ring of the Serpent","Calipers","Bronze Scales","Bag of Preparation","Strawberry","The Specimen","Snecko Eye","DollysMirror","MutagenicStrength","War Paint","Peace Pipe","Oddly Smooth Stone","Shuriken","Whetstone","Bottled Tornado","Potion Belt","Tough Bandages","Turnip"],"potions_floor_usage":[23,29,29,30,30,33,40,44,51,51],"damage_taken":[{"damage":0.0,"enemies":"Small Slimes","floor":1.0,"turns":5.0},{"damage":0.0,"enemies":"2 Louse","floor":2.0,"turns":4.0},{"damage":0.0,"enemies":"Jaw Worm","floor":3.0,"turns":6.0},{"damage":9.0,"enemies":"3 Sentries","floor":6.0,"turns":13.0},{"damage":3.0,"enemies":"Lagavulin","floor":8.0,"turns":11.0},{"damage":37.0,"enemies":"Gremlin Nob","floor":10.0,"turns":6.0},{"damage":0.0,"enemies":"Looter","floor":11.0,"turns":4.0},{"damage":3.0,"enemies":"Exordium Thugs","floor":12.0,"turns":5.0},{"damage":0.0,"enemies":"Blue Slaver","floor":14.0,"turns":3.0},{"damage":6.0,"enemies":"Hexaghost","floor":16.0,"turns":9.0},{"damage":0,"enemies":"Spheric Guardian","floor":18,"turns":5},{"damage":2,"enemies":"Shell Parasite","floor":21,"turns":4},{"damage":10,"enemies":"Centurion and Healer","floor":22,"turns":8},{"damage":0,"enemies":"Gremlin Leader","floor":23,"turns":9},{"damage":11,"enemies":"Book of Stabbing","floor":25,"turns":5},{"damage":31,"enemies":"3 Cultists","floor":29,"turns":6},{"damage":0,"enemies":"Gremlin Leader","floor":30,"turns":7},{"damage":0,"enemies":"Chosen and Byrds","floor":31,"turns":9},{"damage":16,"enemies":"Champ","floor":33,"turns":27},{"damage":0,"enemies":"Orb Walker","floor":35,"turns":4},{"damage":6,"enemies":"Reptomancer","floor":40,"turns":10},{"damage":15,"enemies":"Nemesis","floor":42,"turns":13},{"damage":7,"enemies":"Reptomancer","floor":44,"turns":8},{"damage":5,"enemies":"3 Shapes","floor":45,"turns":4},{"damage":0,"enemies":"Maw","floor":48,"turns":11},{"damage":26,"enemies":"Time Eater","floor":50,"turns":18},{"damage":43,"enemies":"Awakened One","floor":51,"turns":9}],"seed_played":"1778662507208301298","potions_obtained":[{"floor":1.0,"key":"Fire Potion"},{"floor":3.0,"key":"LiquidBronze"},{"floor":6.0,"key":"PowerPotion"},{"floor":10.0,"key":"Block Potion"},{"floor":11.0,"key":"EssenceOfSteel"},{"floor":12.0,"key":"PowerPotion"},{"floor":18,"key":"Strength Potion"},{"floor":25,"key":"Swift Potion"},{"floor":29,"key":"EntropicBrew"},{"floor":30,"key":"LiquidBronze"},{"floor":31,"key":"PowerPotion"},{"floor":35,"key":"Explosive Potion"},{"floor":37,"key":"Ancient Potion"},{"floor":40,"key":"Strength Potion"},{"floor":42,"key":"Regen Potion"}],"is_trial":false,"path_per_floor":["M","M","M","?","?","E","R","E","T","E","M","M","R","M","R","B",null,"M","$","?","M","M","E","R","E","T","T","R","M","E","M","R","B",null,"M","$","?","$","?","E","R","E","T","E","M","R","$","M","R","B","B"],"character_chosen":"THE_SILENT","items_purchased":["DollysMirror","Dodge and Roll","Dodge and Roll","Bottled Tornado","Dodge and Roll","Bouncing Flask"],"campfire_rested":3,"item_purchase_floors":[19,19,36,36,47,47],"current_hp_per_floor":[59,59,59,59,59,50,50,47,54,17,17,14,14,14,14,8,52,52,52,52,50,40,40,40,29,29,29,49,18,18,18,18,2,51,51,51,51,51,41,35,55,40,40,33,28,48,48,48,48,22,0],"gold":41,"neow_bonus":"ONE_RARE_RELIC","is_prod":false,"is_daily":false,"chose_seed":false,"campfire_upgraded":5,"win_rate":0,"timestamp":1544978847,"path_taken":["M","M","M","?","?","E","R","E","T","E","M","M","R","M","R","BOSS","M","$","?","M","M","E","R","E","T","?","R","M","E","M","R","BOSS","M","$","?","?","?","E","R","E","T","E","M","R","$","?","R","BOSS","BOSS"],"build_version":"2018-12-13","purchased_purges":1,"victory":false,"max_hp_per_floor":[60,60,60,60,60,60,60,60,67,67,67,67,67,67,67,67,67,67,67,67,67,67,67,67,67,67,67,67,67,67,67,67,67,67,67,67,67,67,67,67,67,67,67,67,67,67,67,67,67,67,67],"card_choices":[{"not_picked":["All Out Attack","Cloak And Dagger"],"picked":"Footwork","floor":1.0},{"not_picked":["Quick Slash","Finisher"],"picked":"Flying Knee","floor":2.0},{"not_picked":["Flechettes","Acrobatics","Eviscerate"],"picked":"SKIP","floor":3.0},{"not_picked":["Outmaneuver","Calculated Gamble"],"picked":"Well Laid Plans","floor":6.0},{"not_picked":["Poisoned Stab","Underhanded Strike"],"picked":"Dodge and Roll","floor":8.0},{"not_picked":["Cloak And Dagger","Dagger Spray"],"picked":"Glass Knife","floor":10.0},{"not_picked":["Distraction","Finisher"],"picked":"Dash","floor":11.0},{"not_picked":["Concentrate","Dagger Throw"],"picked":"Caltrops","floor":12.0},{"not_picked":["Dagger Spray","Poisoned Stab"],"picked":"Deflect","floor":14.0},{"not_picked":["Phantasmal Killer","Wraith Form v2"],"picked":"After Image","floor":16.0},{"not_picked":["Dagger Throw","Tactician"],"picked":"Backflip","floor":18},{"not_picked":["Cloak And Dagger","Masterful Stab","Backstab"],"picked":"SKIP","floor":21},{"not_picked":["Underhanded Strike","Blade Dance","Expertise"],"picked":"SKIP","floor":22},{"not_picked":["Setup","Flying Knee"],"picked":"Wraith Form v2","floor":23},{"not_picked":["Dagger Spray","Deadly Poison"],"picked":"Dodge and Roll","floor":25},{"not_picked":["Sucker Punch","Heel Hook"],"picked":"Dodge and Roll+1","floor":29},{"not_picked":["Flying Knee","Dagger Throw"],"picked":"PiercingWail","floor":30},{"not_picked":["Tactician","Deadly Poison"],"picked":"PiercingWail","floor":31},{"not_picked":["Phantasmal Killer","A Thousand Cuts"],"picked":"Corpse Explosion","floor":33},{"not_picked":["Setup","Prepared"],"picked":"Footwork+1","floor":35},{"not_picked":["Impatience","Mind Blast"],"picked":"Chrysalis","floor":39},{"not_picked":["Finisher","Outmaneuver+1","Quick Slash+1"],"picked":"SKIP","floor":40},{"not_picked":["Bouncing Flask","Flechettes"],"picked":"Footwork+1","floor":42},{"not_picked":["Slice+1","Distraction"],"picked":"Dodge and Roll","floor":44},{"not_picked":["Prepared","Expertise","Sucker Punch"],"picked":"SKIP","floor":45},{"not_picked":["Prepared","Expertise","Sucker Punch"],"picked":"SKIP","floor":45},{"not_picked":["Quick Slash","Flying Knee"],"picked":"Deadly Poison","floor":48}],"player_experience":650257,"relics_obtained":[{"floor":6.0,"key":"Bronze Scales"},{"floor":8.0,"key":"Bag of Preparation"},{"floor":9.0,"key":"Strawberry"},{"floor":10.0,"key":"The Specimen"},{"floor":23,"key":"War Paint"},{"floor":25,"key":"Peace Pipe"},{"floor":26,"key":"Oddly Smooth Stone"},{"floor":27,"key":"Shuriken"},{"floor":30,"key":"Whetstone"},{"floor":40,"key":"Potion Belt"},{"floor":42,"key":"Tough Bandages"},{"floor":44,"key":"Turnip"}],"event_choices":[{"cards_removed":["Strike_G"],"damage_healed":0.0,"max_hp_gain":0.0,"max_hp_loss":0.0,"gold_gain":0.0,"event_name":"The Cleric","player_choice":"Card Removal","floor":4.0,"gold_loss":75.0,"damage_taken":0.0},{"damage_healed":0.0,"max_hp_gain":0.0,"max_hp_loss":0.0,"gold_gain":0.0,"event_name":"Living Wall","player_choice":"Grow","floor":5.0,"gold_loss":0.0,"damage_taken":0.0,"cards_upgraded":["Neutralize"]},{"damage_healed":0,"gold_gain":0,"player_choice":"Inject Mutagens","damage_taken":0,"relics_obtained":["MutagenicStrength"],"max_hp_gain":0,"max_hp_loss":0,"event_name":"Drug Dealer","floor":20,"gold_loss":0},{"damage_healed":0,"gold_gain":0,"player_choice":"Got Potions","damage_taken":0,"max_hp_gain":0,"max_hp_loss":0,"event_name":"Lab","floor":37,"gold_loss":0},{"damage_healed":0,"gold_gain":0,"player_choice":"Memory 3","damage_taken":10,"max_hp_gain":0,"max_hp_loss":0,"event_name":"SensoryStone","floor":39,"gold_loss":0}],"is_beta":false,"boss_relics":[{"not_picked":["White Beast Statue","Astrolabe"],"picked":"Snecko Eye"},{"not_picked":["Tiny House","Coffee Dripper"],"picked":"Ring of the Serpent"}],"items_purged_floors":[36],"is_endless":false,"potions_floor_spawned":[1,3,6,10,11,12,18,25,29,30,31,35,40,42],"killed_by":"Awakened One","ascension_level":20}