{"gold_per_floor":[213,230,246,261,277,303,303,331,331,331,341,373,523,198,198,275,275,289,300,350,365,28,54,67,67,121,121,152,67,94,144,144,220,220,231,281,281,296,23,23,34,54,132,163,163,178,178,197,197,197,197],"floor_reached":51,"playtime":2915,"items_purged":["Doubt"],"score":1624,"play_id":"9ad544ba-7d6c-48d9-9a43-02ee3f49cb22","local_time":"20190417211442","is_ascension_mode":true,"campfire_choices":[{"data":"Fiend Fire","floor":7,"key":"SMITH"},{"data":"Bash","floor":10,"key":"SMITH"},{"data":"Fiend Fire","floor":15,"key":"SMITH"},{"data":"Combust","floor":25,"key":"SMITH"},{"data":"Armaments","floor":27,"key":"SMITH"},{"floor":32,"key":"REST"},{"data":"Regret","floor":45,"key":"PURGE"},{"data":"Writhe","floor":47,"key":"PURGE"},{"floor":49,"key":"RECALL"}],"neow_cost":"NONE","seed_source_timestamp":32798713328709,"circlet_count":0,"master_deck":["AscendersBane","Strike_R","Strike_R","Strike_R","Strike_R","Strike_R","Defend_R","Defend_R","Defend_R+1","Defend_R+1","Bash+1","Anger","Headbutt","Clothesline","Pommel Strike+1","Pommel Strike+1","Fiend Fire+1","Armaments+1","Fiend Fire+1","Spot Weakness","Impervious","Shrug It Off","Combust+1","Clumsy","Shockwave","Exhume","Offering","Impervious","Flame Barrier+1","Flex+1"],"relics":["Burning Blood","Darkstone Periapt","Potion Belt","Matryoshka","Red Skull","War Paint","Cursed Key","Vajra","Whetstone","Pocketwatch","Juzu Bracelet","Oddly Smooth Stone","Kunai","Meat on the Bone","Regal Pillow","Fusion Hammer","ClockworkSouvenir","Smiling Mask","Peace Pipe"],"potions_floor_usage":[8,8,18,23,33,40,50],"damage_taken":[{"damage":11,"enemies":"Jaw Worm","floor":1,"turns":5},{"damage":0,"enemies":"Cultist","floor":2,"turns":2},{"damage":0,"enemies":"Small Slimes","floor":3,"turns":3},{"damage":4,"enemies":"3 Louse","floor":4,"turns":4},{"damage":3,"enemies":"Looter","floor":5,"turns":4},{"damage":30,"enemies":"3 Sentries","floor":6,"turns":9},{"damage":0,"enemies":"Lagavulin","floor":8,"turns":2},{"damage":13,"enemies":"Red Slaver","floor":11,"turns":4},{"damage":20,"enemies":"3 Sentries","floor":12,"turns":5},{"damage":30,"enemies":"The Guardian","floor":16,"turns":10},{"damage":1,"enemies":"3 Byrds","floor":18,"turns":3},{"damage":13,"enemies":"Spheric Guardian","floor":19,"turns":4},{"damage":12,"enemies":"Snake Plant","floor":21,"turns":3},{"damage":22,"enemies":"Book of Stabbing","floor":23,"turns":4},{"damage":6,"enemies":"Centurion and Healer","floor":24,"turns":3},{"damage":8,"enemies":"Gremlin Leader","floor":28,"turns":4},{"damage":19,"enemies":"Book of Stabbing","floor":30,"turns":3},{"damage":67,"enemies":"Automaton","floor":33,"turns":7},{"damage":7,"enemies":"Orb Walker","floor":35,"turns":3},{"damage":0,"enemies":"3 Shapes","floor":38,"turns":3},{"damage":45,"enemies":"Nemesis","floor":40,"turns":7},{"damage":18,"enemies":"Spire Growth","floor":41,"turns":3},{"damage":14,"enemies":"3 Darklings","floor":42,"turns":3},{"damage":17,"enemies":"Giant Head","floor":44,"turns":5},{"damage":14,"enemies":"Jaw Worm Horde","floor":46,"turns":3},{"damage":9,"enemies":"Maw","floor":48,"turns":5},{"damage":58,"enemies":"Awakened One","floor":50,"turns":10},{"damage":37,"enemies":"Donu and Deca","floor":51,"turns":2}],"seed_played":"8864173755176507947","potions_obtained":[{"floor":1,"key":"FearPotion"},{"floor":5,"key":"SteroidPotion"},{"floor":8,"key":"Poison Potion"},{"floor":11,"key":"FairyPotion"},{"floor":12,"key":"PowerPotion"},{"floor":16,"key":"LiquidBronze"},{"floor":18,"key":"SmokeBomb"},{"floor":23,"key":"LiquidBronze"},{"floor":41,"key":"Ancient Potion"},{"floor":44,"key":"SteroidPotion"}],"is_trial":false,"path_per_floor":["M","M","M","M","M","E","R","E","T","R","M","E","?","$","R","B",null,"M","M","?","M","$","E","M","R","T","R","E","?","E","?","R","B",null,"M","?","?","M","$","E","M","M","T","E","R","M","R","M","R","B","B"],"character_chosen":"IRONCLAD","items_purchased":["Spot Weakness","War Paint","Vajra","Whetstone","ClockworkSouvenir","SpeedPotion"],"campfire_rested":1,"item_purchase_floors":[14,14,22,22,39,39],"current_hp_per_floor":[63,69,75,75,75,51,51,57,57,57,50,36,42,42,42,18,65,70,63,63,57,57,41,41,41,47,47,45,45,44,44,85,36,74,73,65,88,93,93,54,54,58,64,65,65,57,57,66,66,26,0],"gold":197,"neow_bonus":"HUNDRED_GOLD","is_prod":false,"is_daily":false,"chose_seed":false,"campfire_upgraded":5,"win_rate":0,"timestamp":1555528482,"path_taken":["M","M","M","M","M","E","R","E","T","R","M","E","?","$","R","BOSS","M","M","?","M","?","E","M","R","T","R","E","?","E","?","R","BOSS","M","?","?","M","$","E","M","M","T","E","R","M","R","M","R","BOSS","BOSS"],"build_version":"2019-01-23","purchased_purges":1,"victory":false,"max_hp_per_floor":[75,75,75,75,75,75,75,75,75,75,75,75,81,81,81,81,81,81,81,81,81,81,81,81,81,87,87,87,87,87,87,87,87,87,87,87,93,93,93,93,93,93,99,99,99,99,99,99,99,99,99],"card_choices":[{"not_picked":["Searing Blow","Perfected Strike"],"picked":"Anger","floor":1},{"not_picked":["Shrug It Off","Havoc"],"picked":"Headbutt","floor":2},{"not_picked":["Entrench","Bloodletting"],"picked":"Clothesline","floor":3},{"not_picked":["Fire Breathing","Corruption"],"picked":"Pommel Strike","floor":4},{"not_picked":["Clothesline","Clash"],"picked":"Pommel Strike","floor":5},{"not_picked":["Thunderclap","Body Slam"],"picked":"Fiend Fire","floor":6},{"not_picked":["Anger","Wild Strike","Cleave"],"picked":"SKIP","floor":8},{"not_picked":["Combust","Iron Wave"],"picked":"Armaments","floor":11},{"not_picked":["Clothesline","Anger"],"picked":"Fiend Fire","floor":12},{"not_picked":["Dark Embrace","Bludgeon"],"picked":"Impervious","floor":16},{"not_picked":["Whirlwind","Heavy Blade"],"picked":"Shrug It Off","floor":18},{"not_picked":["Power Through","Iron Wave","Cleave"],"picked":"SKIP","floor":19},{"not_picked":["Evolve","Cleave","Pummel"],"picked":"SKIP","floor":21},{"not_picked":["Clash","Bludgeon"],"picked":"Combust","floor":23},{"not_picked":["Blood for Blood+1","Thunderclap","Armaments"],"picked":"SKIP","floor":24},{"not_picked":["Fiend Fire","Body Slam"],"picked":"Shockwave","floor":28},{"not_picked":["Perfected Strike","Heavy Blade"],"picked":"Exhume","floor":30},{"not_picked":["Dark Embrace","Barricade"],"picked":"Offering","floor":33},{"not_picked":["Havoc","Headbutt","Reckless Charge+1"],"picked":"SKIP","floor":35},{"not_picked":["Clothesline","Clash","Headbutt+1"],"picked":"SKIP","floor":38},{"not_picked":["Sever Soul+1","Entrench","Twin Strike+1"],"picked":"SKIP","floor":41},{"not_picked":["Evolve","Clothesline+1"],"picked":"Impervious","floor":42},{"not_picked":["Cleave","Intimidate"],"picked":"Flame Barrier+1","floor":44},{"not_picked":["Body Slam+1","Twin Strike","Thunderclap"],"picked":"SKIP","floor":46},{"not_picked":["Iron Wave","Havoc"],"picked":"Flex+1","floor":48}],"player_experience":1159636,"relics_obtained":[{"floor":6,"key":"Darkstone Periapt"},{"floor":8,"key":"Potion Belt"},{"floor":9,"key":"Matryoshka"},{"floor":12,"key":"Red Skull"},{"floor":23,"key":"Pocketwatch"},{"floor":26,"key":"Juzu Bracelet"},{"floor":26,"key":"Oddly Smooth Stone"},{"floor":28,"key":"Kunai"},{"floor":30,"key":"Regal Pillow"},{"floor":43,"key":"Smiling Mask"},{"floor":44,"key":"Peace Pipe"}],"event_choices":[{"damage_healed":0,"gold_gain":150,"player_choice":"AGREE","damage_taken":0,"max_hp_gain":0,"max_hp_loss":0,"event_name":"Liars Game","floor":13,"gold_loss":0,"cards_obtained":["Doubt"]},{"damage_healed":0,"gold_gain":100,"player_choice":"Bet on Murderer","damage_taken":0,"max_hp_gain":0,"max_hp_loss":0,"event_name":"The Joust","floor":20,"gold_loss":50},{"damage_healed":0,"gold_gain":0,"player_choice":"Obtained Relic","damage_taken":0,"relics_obtained":["Meat on the Bone"],"max_hp_gain":0,"max_hp_loss":0,"event_name":"Addict","floor":29,"gold_loss":85},{"damage_healed":0,"gold_gain":50,"player_choice":"Stole From Cult","damage_taken":0,"max_hp_gain":0,"max_hp_loss":0,"event_name":"Nest","floor":31,"gold_loss":0},{"damage_healed":0,"gold_gain":50,"player_choice":"Touch","damage_taken":8,"max_hp_gain":0,"max_hp_loss":0,"event_name":"FaceTrader","floor":36,"gold_loss":0},{"damage_healed":17,"gold_gain":0,"player_choice":"Writhe","damage_taken":0,"max_hp_gain":0,"max_hp_loss":0,"event_name":"Winding Halls","floor":37,"gold_loss":0,"cards_obtained":["Writhe"]}],"is_beta":false,"boss_relics":[{"not_picked":["Calling Bell","Lizard Tail"],"picked":"Cursed Key"},{"not_picked":["Tiny House","Eternal Feather"],"picked":"Fusion Hammer"}],"items_purged_floors":[14],"is_endless":false,"potions_floor_spawned":[1,5,8,11,12,16,18,23,41,44],"killed_by":"Donu and Deca","ascension_level":20}