{"gold_per_floor":[360,68,83,83,93,93,111,139,139,139,154,181,0,15,15,15],"floor_reached":16,"playtime":780,"items_purged":["Pain"],"score":224,"play_id":"56a63851-1961-487e-810b-d74e7b60ab47","local_time":"20190214230830","is_ascension_mode":true,"campfire_choices":[{"data":"Bash","floor":6,"key":"SMITH"},{"data":"Shockwave","floor":10,"key":"SMITH"},{"floor":15,"key":"REST"}],"neow_cost":"CURSE","seed_source_timestamp":39200882116010,"circlet_count":0,"master_deck":["AscendersBane","Strike_R","Strike_R","Strike_R","Strike_R","Strike_R","Defend_R","Defend_R","Defend_R","Defend_R","Bash+1","Clothesline","Pummel","Shockwave+1","Feel No Pain","Feel No Pain","Corruption"],"relics":["Burning Blood","Membership Card","Pear","Bottled Lightning","Question Card","Mummified Hand"],"potions_floor_usage":[8,8,12,16],"damage_taken":[{"damage":12,"enemies":"2 Louse","floor":1,"turns":3},{"damage":4,"enemies":"Small Slimes","floor":3,"turns":3},{"damage":1,"enemies":"Cultist","floor":5,"turns":3},{"damage":5,"enemies":"2 Fungi Beasts","floor":7,"turns":4},{"damage":37,"enemies":"Lagavulin","floor":8,"turns":8},{"damage":5,"enemies":"Blue Slaver","floor":11,"turns":6},{"damage":30,"enemies":"Gremlin Nob","floor":12,"turns":5},{"damage":5,"enemies":"3 Louse","floor":14,"turns":3},{"damage":61,"enemies":"Slime Boss","floor":16,"turns":20}],"seed_played":"-7612724195007052999","potions_obtained":[{"floor":5,"key":"Explosive Potion"},{"floor":8,"key":"Ancient Potion"},{"floor":14,"key":"PowerPotion"}],"is_trial":false,"path_per_floor":["M","$","M","?","M","R","M","E","T","R","M","E","$","M","R","B"],"character_chosen":"IRONCLAD","items_purchased":["Membership Card","Regen Potion","Corruption","Mummified Hand"],"campfire_rested":1,"item_purchase_floors":[2,2,13,13],"current_hp_per_floor":[62,62,64,64,69,69,70,60,60,60,61,37,37,38,63,2],"gold":15,"neow_bonus":"TWO_FIFTY_GOLD","is_prod":false,"is_daily":false,"chose_seed":false,"campfire_upgraded":2,"win_rate":0,"timestamp":1550182110,"path_taken":["M","$","M","?","M","R","M","E","T","R","M","E","$","M","R","BOSS"],"build_version":"2019-01-23","purchased_purges":1,"victory":false,"max_hp_per_floor":[75,75,75,75,75,75,75,85,85,85,85,85,85,85,85,85],"card_choices":[{"not_picked":["Warcry","Heavy Blade"],"picked":"Clothesline","floor":1},{"not_picked":["Clash","Rampage"],"picked":"Pummel","floor":3},{"not_picked":["Cleave","Iron Wave"],"picked":"Shockwave","floor":5},{"not_picked":["Perfected Strike","Reckless Charge","Sword Boomerang"],"picked":"SKIP","floor":7},{"not_picked":["Dual Wield","Shockwave"],"picked":"Feel No Pain","floor":8},{"not_picked":["Uppercut","Pommel Strike"],"picked":"Feel No Pain","floor":11},{"not_picked":["Dual Wield","Thunderclap","Burning Pact"],"picked":"SKIP","floor":12},{"not_picked":["Body Slam","Pommel Strike","Double Tap","Warcry"],"picked":"SKIP","floor":14}],"player_experience":969911,"relics_obtained":[{"floor":8,"key":"Pear"},{"floor":9,"key":"Bottled Lightning"},{"floor":12,"key":"Question Card"}],"event_choices":[{"damage_healed":0,"gold_gain":0,"player_choice":"Leave","damage_taken":0,"max_hp_gain":0,"max_hp_loss":0,"event_name":"The Cleric","floor":4,"gold_loss":0}],"is_beta":false,"boss_relics":[],"items_purged_floors":[2],"is_endless":false,"potions_floor_spawned":[5,8,14],"killed_by":"Slime Boss","ascension_level":20}