{"gold_per_floor":[118,118,193,212,226,226,260,260,260,260,272,272,299,317,317,317],"floor_reached":16,"playtime":529,"items_purged":[],"score":220,"play_id":"864d6d0d-fcd9-4eae-9791-2a3829c8ff67","local_time":"20190203185842","is_ascension_mode":true,"campfire_choices":[{"data":"Bash","floor":6,"key":"SMITH"},{"floor":12,"key":"REST"},{"floor":15,"key":"REST"}],"neow_cost":"NONE","seed_source_timestamp":23133179762641,"circlet_count":0,"master_deck":["AscendersBane","Strike_R+1","Strike_R+1","Strike_R","Strike_R","Defend_R","Defend_R","Defend_R","Defend_R","Bash+1","Anger","Rampage","Iron Wave","Evolve","Wild Strike+1","Bludgeon+1","Whirlwind+1"],"relics":["Burning Blood","Potion Belt","Self Forming Clay","Molten Egg 2","Dream Catcher"],"potions_floor_usage":[13,16,16],"damage_taken":[{"damage":7,"enemies":"Small Slimes","floor":1,"turns":4},{"damage":7,"enemies":"2 Louse","floor":4,"turns":3},{"damage":7,"enemies":"Jaw Worm","floor":5,"turns":3},{"damage":27,"enemies":"Gremlin Nob","floor":7,"turns":4},{"damage":4,"enemies":"2 Fungi Beasts","floor":11,"turns":4},{"damage":22,"enemies":"Lagavulin","floor":13,"turns":5},{"damage":20,"enemies":"Exordium Thugs","floor":14,"turns":5},{"damage":41,"enemies":"The Guardian","floor":16,"turns":13}],"seed_played":"-353215279004348013","potions_obtained":[{"floor":7,"key":"Poison Potion"},{"floor":11,"key":"Regen Potion"},{"floor":13,"key":"SpeedPotion"}],"is_trial":false,"path_per_floor":["M","?","?","M","M","R","E","?","T","?","M","R","E","M","R","B"],"character_chosen":"IRONCLAD","items_purchased":[],"campfire_rested":2,"item_purchase_floors":[],"current_hp_per_floor":[67,44,33,32,31,31,10,10,10,10,12,34,32,18,40,0],"gold":317,"neow_bonus":"RANDOM_COMMON_RELIC","is_prod":false,"is_daily":false,"chose_seed":false,"campfire_upgraded":1,"win_rate":0,"timestamp":1549216722,"path_taken":["M","?","?","M","M","R","E","?","T","?","M","R","E","?","R","BOSS"],"build_version":"2019-01-23","purchased_purges":0,"victory":false,"max_hp_per_floor":[75,75,75,75,75,75,75,75,75,75,75,75,75,75,75,75],"card_choices":[{"not_picked":["Wild Strike","Cleave"],"picked":"Anger","floor":1},{"not_picked":["Havoc","Blood for Blood"],"picked":"Rampage","floor":4},{"not_picked":["Thunderclap","Flex"],"picked":"Iron Wave","floor":5},{"not_picked":["Twin Strike","Havoc"],"picked":"Evolve","floor":7},{"not_picked":["Bloodletting","Twin Strike+1"],"picked":"Wild Strike+1","floor":11},{"not_picked":["Bloodletting","True Grit"],"picked":"Bludgeon+1","floor":13},{"not_picked":["Sword Boomerang+1","Iron Wave+1","Infernal Blade"],"picked":"SKIP","floor":14},{"not_picked":["Metallicize","Body Slam+1"],"picked":"Whirlwind+1","floor":15}],"player_experience":869860,"relics_obtained":[{"floor":7,"key":"Self Forming Clay"},{"floor":9,"key":"Molten Egg 2"},{"floor":13,"key":"Dream Catcher"}],"event_choices":[{"damage_healed":0,"gold_gain":0,"player_choice":"Entered Light","damage_taken":23,"max_hp_gain":0,"max_hp_loss":0,"event_name":"Shining Light","floor":2,"gold_loss":0,"cards_upgraded":["Strike_R","Strike_R"]},{"damage_healed":0,"gold_gain":75,"player_choice":"Gather Gold","damage_taken":11,"max_hp_gain":0,"max_hp_loss":0,"event_name":"World of Goop","floor":3,"gold_loss":0},{"damage_healed":0,"gold_gain":0,"player_choice":"Ignored","damage_taken":0,"max_hp_gain":0,"max_hp_loss":0,"event_name":"Liars Game","floor":8,"gold_loss":0},{"cards_removed":["Strike_R"],"damage_healed":0,"gold_gain":0,"player_choice":"Forget","damage_taken":0,"max_hp_gain":0,"max_hp_loss":0,"event_name":"Living Wall","floor":10,"gold_loss":0}],"is_beta":false,"boss_relics":[],"items_purged_floors":[],"is_endless":false,"potions_floor_spawned":[7,11,13],"killed_by":"The Guardian","ascension_level":20}