{"gold_per_floor":[116,135,148,43,53,86,86,104,156,186,186,216,216,250,250,324,324,344,344,327,152,165,195,65,90,136,136,136,136,155,172,172,245,245,263,263,263,363,363,363,390,390,390,407,420,432,25,37,37,37],"floor_reached":51,"playtime":3486,"items_purged":["Bash","Defend_R","Defend_R"],"score":1303,"play_id":"1abdf6ec-f23b-4f06-a992-6e331926fb56","local_time":"20190520064326","is_ascension_mode":true,"campfire_choices":[{"data":"Uppercut","floor":7.0,"key":"SMITH"},{"data":"Body Slam","floor":11.0,"key":"SMITH"},{"data":"Flex","floor":15.0,"key":"SMITH"},{"data":"Pommel Strike","floor":27.0,"key":"SMITH"},{"floor":32.0,"key":"REST"},{"data":"Rage","floor":40.0,"key":"SMITH"},{"floor":42.0,"key":"DIG"},{"floor":49,"key":"DIG"}],"neow_cost":"TEN_PERCENT_HP_LOSS","seed_source_timestamp":0,"circlet_count":0,"master_deck":["AscendersBane","Strike_R","Strike_R","Strike_R","Defend_R","Defend_R","Impervious","Warcry+1","Uppercut+1","Body Slam+1","Shrug It Off","Shrug It Off","Twin Strike","Flex+1","Twin Strike+1","Rampage","Pommel Strike+1","Flex+1","Power Through","Evolve+1","Rage+1","Juggernaut+1","Fire Breathing+1"],"special_seed":0,"relics":["Burning Blood","Gremlin Horn","Blood Vial","Odd Mushroom","Frozen Egg 2","Potion Belt","Red Skull","Busted Crown","MutagenicStrength","Bronze Scales","Calipers","Art of War","Empty Cage","Gambling Chip","Bottled Lightning","Shovel","Bag of Preparation","Paper Frog","Bag of Marbles","Oddly Smooth Stone"],"potions_floor_usage":[50,50],"damage_taken":[{"damage":1.0,"enemies":"Cultist","floor":1.0,"turns":3.0},{"damage":7.0,"enemies":"Small Slimes","floor":2.0,"turns":5.0},{"damage":0.0,"enemies":"2 Louse","floor":3.0,"turns":3.0},{"damage":15.0,"enemies":"Large Slime","floor":5.0,"turns":9.0},{"damage":12.0,"enemies":"Gremlin Nob","floor":6.0,"turns":5.0},{"damage":12.0,"enemies":"Lots of Slimes","floor":8.0,"turns":5.0},{"damage":0.0,"enemies":"The Mushroom Lair","floor":10.0,"turns":3.0},{"damage":10.0,"enemies":"3 Sentries","floor":12.0,"turns":6.0},{"damage":14.0,"enemies":"Gremlin Nob","floor":14.0,"turns":5.0},{"damage":34.0,"enemies":"Slime Boss","floor":16.0,"turns":10.0},{"damage":13.0,"enemies":"Spheric Guardian","floor":18.0,"turns":5.0},{"damage":2.0,"enemies":"2 Thieves","floor":20.0,"turns":4.0},{"damage":12.0,"enemies":"Shelled Parasite and Fungi","floor":22.0,"turns":6.0},{"damage":0.0,"enemies":"Gremlin Leader","floor":23.0,"turns":5.0},{"damage":7.0,"enemies":"Book of Stabbing","floor":25.0,"turns":4.0},{"damage":35.0,"enemies":"Snake Plant","floor":30.0,"turns":3.0},{"damage":21.0,"enemies":"Centurion and Healer","floor":31.0,"turns":6.0},{"damage":32.0,"enemies":"Collector","floor":33.0,"turns":11.0},{"damage":6.0,"enemies":"Orb Walker","floor":35.0,"turns":3.0},{"damage":3.0,"enemies":"Mind Bloom Boss Battle","floor":38.0,"turns":6.0},{"damage":26.0,"enemies":"Nemesis","floor":41.0,"turns":9.0},{"damage":2.0,"enemies":"3 Darklings","floor":44.0,"turns":6.0},{"damage":15.0,"enemies":"Maw","floor":45.0,"turns":8.0},{"damage":0.0,"enemies":"4 Shapes","floor":46.0,"turns":5.0},{"damage":0,"enemies":"Jaw Worm Horde","floor":48,"turns":1},{"damage":57,"enemies":"Time Eater","floor":50,"turns":11}],"seed_played":"-7202307215868528097","potions_obtained":[{"floor":3.0,"key":"BloodPotion"},{"floor":5.0,"key":"Block Potion"},{"floor":8.0,"key":"SteroidPotion"},{"floor":14.0,"key":"Fruit Juice"},{"floor":16.0,"key":"Strength Potion"},{"floor":18.0,"key":"Block Potion"},{"floor":20.0,"key":"LiquidBronze"},{"floor":23.0,"key":"PowerPotion"},{"floor":35.0,"key":"LiquidBronze"},{"floor":38.0,"key":"SkillPotion"}],"is_trial":false,"path_per_floor":["M","M","M","$","M","E","R","M","T","?","R","E","?","E","R","B",null,"M","?","M","$","M","E","$","E","T","R","?","?","M","M","R","B",null,"M","?","?","?","T","R","E","R","T","M","M","M","$","M","R","B",null],"character_chosen":"IRONCLAD","items_purchased":["Shrug It Off","Rampage","Power Through","Evolve+1","Bag of Marbles","PowerPotion","Poison Potion"],"campfire_rested":1,"item_purchase_floors":[4,21,24,24,47,47,47],"current_hp_per_floor":[68,67,68,68,59,53,53,47,47,55,55,53,53,52,52,26,61,56,56,62,62,58,66,66,67,67,67,67,67,40,27,48,24,61,63,63,63,68,68,68,50,50,50,56,49,57,57,65,65,16],"gold":37,"neow_bonus":"THREE_RARE_CARDS","is_prod":false,"is_daily":false,"chose_seed":false,"campfire_upgraded":5,"win_rate":0,"timestamp":1558345406,"path_taken":["M","M","M","$","?","E","R","?","T","?","R","E","?","E","R","BOSS","M","?","M","$","M","E","$","E","T","R","?","?","M","?","R","BOSS","M","?","?","?","?","R","E","R","T","M","M","?","$","M","R","BOSS"],"build_version":"2019-01-23","purchased_purges":3,"victory":true,"max_hp_per_floor":[68,68,68,68,68,68,68,68,68,68,68,68,68,73,73,73,73,73,73,73,73,73,73,73,73,73,73,73,73,73,73,73,73,73,73,73,73,73,73,73,73,73,73,73,73,73,73,73,73,73],"card_choices":[{"not_picked":["Berserk","Barricade"],"picked":"Impervious","floor":0.0},{"not_picked":["True Grit","Power Through"],"picked":"Warcry","floor":1.0},{"not_picked":["Wild Strike","Battle Trance"],"picked":"Uppercut","floor":2.0},{"not_picked":["Twin Strike","Cleave"],"picked":"Body Slam","floor":3.0},{"not_picked":["Wild Strike","Rupture"],"picked":"Shrug It Off","floor":5.0},{"not_picked":["Power Through","Thunderclap","Flame Barrier"],"picked":"SKIP","floor":6.0},{"not_picked":["Evolve","Metallicize"],"picked":"Twin Strike","floor":8.0},{"not_picked":["Twin Strike","Pommel Strike","Berserk"],"picked":"SKIP","floor":12.0},{"not_picked":["Blood for Blood","Limit Break"],"picked":"Flex","floor":14.0},{"not_picked":["Brutality+1","Immolate"],"picked":"Berserk+1","floor":16.0},{"not_picked":["Wild Strike"],"picked":"SKIP","floor":18.0},{"not_picked":[],"picked":"Twin Strike+1","floor":20.0},{"not_picked":[],"picked":"Pommel Strike","floor":22.0},{"not_picked":[],"picked":"Flex+1","floor":23.0},{"not_picked":["Perfected Strike"],"picked":"SKIP","floor":25.0},{"not_picked":[],"picked":"Rage","floor":30.0},{"not_picked":["Body Slam"],"picked":"SKIP","floor":31.0},{"not_picked":[],"picked":"Juggernaut+1","floor":33.0},{"not_picked":["Cleave"],"picked":"SKIP","floor":35.0},{"not_picked":["Shockwave"],"picked":"SKIP","floor":41.0},{"not_picked":["Sword Boomerang+1"],"picked":"SKIP","floor":44.0},{"not_picked":["Combust+1"],"picked":"SKIP","floor":45.0},{"not_picked":[],"picked":"Fire Breathing+1","floor":46.0},{"not_picked":["Burning Pact"],"picked":"SKIP","floor":48}],"player_experience":765688,"relics_obtained":[{"floor":6.0,"key":"Gremlin Horn"},{"floor":9.0,"key":"Blood Vial"},{"floor":10.0,"key":"Odd Mushroom"},{"floor":12.0,"key":"Frozen Egg 2"},{"floor":14.0,"key":"Red Skull"},{"floor":23.0,"key":"Bronze Scales"},{"floor":25.0,"key":"Calipers"},{"floor":26.0,"key":"Art of War"},{"floor":38.0,"key":"Gambling Chip"},{"floor":39.0,"key":"Bottled Lightning"},{"floor":41.0,"key":"Shovel"},{"floor":42.0,"key":"Bag of Preparation"},{"floor":43.0,"key":"Paper Frog"},{"floor":49,"key":"Oddly Smooth Stone"}],"event_choices":[{"damage_healed":0.0,"max_hp_gain":0.0,"max_hp_loss":0.0,"gold_gain":0.0,"event_name":"Mushrooms","player_choice":"Fought Mushrooms","floor":10.0,"gold_loss":0.0,"damage_taken":0.0},{"damage_healed":0.0,"max_hp_gain":0.0,"max_hp_loss":0.0,"gold_gain":0.0,"event_name":"WeMeetAgain","player_choice":"Gave Potion","floor":13.0,"gold_loss":0.0,"damage_taken":0.0,"relics_obtained":["Potion Belt"]},{"damage_healed":0.0,"max_hp_gain":0.0,"max_hp_loss":0.0,"gold_gain":0.0,"event_name":"Drug Dealer","player_choice":"Inject Mutagens","floor":19.0,"gold_loss":0.0,"damage_taken":0.0,"relics_obtained":["MutagenicStrength"]},{"damage_healed":0.0,"max_hp_gain":0.0,"max_hp_loss":0.0,"gold_gain":0.0,"event_name":"Ghosts","player_choice":"Ignored","floor":28.0,"gold_loss":0.0,"damage_taken":0.0},{"damage_healed":0.0,"max_hp_gain":0.0,"max_hp_loss":0.0,"gold_gain":0.0,"event_name":"Accursed Blacksmith","player_choice":"Forge","floor":29.0,"gold_loss":0.0,"damage_taken":0.0,"cards_upgraded":["Warcry"]},{"damage_healed":0.0,"max_hp_gain":0.0,"max_hp_loss":0.0,"gold_gain":0.0,"event_name":"Tomb of Lord Red Mask","player_choice":"Ignored","floor":36.0,"gold_loss":0.0,"damage_taken":0.0},{"cards_removed":["Berserk"],"damage_healed":0.0,"max_hp_gain":0.0,"max_hp_loss":0.0,"gold_gain":0.0,"event_name":"Falling","player_choice":"Removed Power","floor":37.0,"gold_loss":0.0,"damage_taken":0.0},{"damage_healed":0.0,"max_hp_gain":0.0,"max_hp_loss":0.0,"gold_gain":0.0,"event_name":"MindBloom","player_choice":"Fight","floor":38.0,"gold_loss":0.0,"damage_taken":0.0}],"is_beta":false,"boss_relics":[{"not_picked":["Astrolabe","Philosopher\u0027s Stone"],"picked":"Busted Crown"},{"not_picked":["Coffee Dripper","Runic Cube"],"picked":"Empty Cage"}],"items_purged_floors":[4,21,47],"is_endless":false,"potions_floor_spawned":[3,5,8,14,16,18,20,23,35,38],"ascension_level":16}