{"path_per_floor":["M","M","M","M","M","R","?","R","T","R","M","M","M","M","R","B",null,"M","?","$","M"],"character_chosen":"IRONCLAD","items_purchased":["Mummified Hand"],"gold_per_floor":[116,134,148,158,172,172,172,172,172,172,188,204,224,237,237,340,340,350,265,10,25,25],"floor_reached":22,"campfire_rested":1,"playtime":918,"current_hp_per_floor":[80,80,70,44,41,41,34,58,58,58,62,67,73,79,79,25,80,38,38,38,15,0],"items_purged":[],"gold":25,"score":209,"play_id":"564f87d4-b9a3-4deb-89ba-3a71dae32951","local_time":"20180412181835","is_prod":false,"is_daily":false,"is_ascension_mode":true,"campfire_upgraded":3,"timestamp":1523567915,"path_taken":["M","M","M","M","?","R","?","R","T","R","M","M","M","M","R","BOSS","M","?","$","M","M"],"build_version":"2018-04-05v2","purchased_purges":0,"victory":false,"master_deck":["Strike_R","Strike_R","Strike_R","Strike_R","Strike_R","Defend_R","Defend_R","Defend_R","Defend_R","Bash","Entrench+1","Sword Boomerang","Inflame","Body Slam+1","Flame Barrier+1","Pommel Strike","Barricade"],"max_hp_per_floor":[80,80,80,80,80,80,80,80,80,80,80,80,80,80,80,80,80,80,80,80,80,80],"relics":["Burning Blood","Oddly Smooth Stone","Shovel","White Beast Statue","Matryoshka","Mummified Hand"],"card_choices":[{"not_picked":["Anger","Disarm"],"picked":"Entrench","floor":0},{"not_picked":["Warcry","Wild Strike"],"picked":"Sword Boomerang","floor":1},{"not_picked":["Entrench","Warcry"],"picked":"Inflame","floor":2},{"not_picked":["Iron Wave","Perfected Strike"],"picked":"Body Slam","floor":3},{"not_picked":["Metallicize","Feed"],"picked":"Flame Barrier","floor":4},{"not_picked":["Combust","Fire Breathing"],"picked":"Pommel Strike","floor":13},{"not_picked":["Dark Embrace","Offering"],"picked":"Barricade","floor":16}],"player_experience":258955,"potions_floor_usage":[11,13,14,16,21,22],"damage_taken":[{"damage":6,"enemies":"Cultist","floor":1,"turns":3},{"damage":0,"enemies":"2 Louse","floor":2,"turns":3},{"damage":16,"enemies":"Jaw Worm","floor":3,"turns":4},{"damage":32,"enemies":"3 Louse","floor":4,"turns":4},{"damage":9,"enemies":"Blue Slaver","floor":5,"turns":3},{"damage":2,"enemies":"Red Slaver","floor":11,"turns":3},{"damage":1,"enemies":"Exordium Wildlife","floor":12,"turns":3},{"damage":0,"enemies":"Looter","floor":13,"turns":3},{"damage":0,"enemies":"Lots of Slimes","floor":14,"turns":2},{"damage":60,"enemies":"Hexaghost","floor":16,"turns":12},{"damage":48,"enemies":"Shell Parasite","floor":18,"turns":9},{"damage":29,"enemies":"Chosen","floor":21,"turns":6},{"damage":20,"enemies":"Centurion and Healer","floor":22,"turns":4}],"event_choices":[{"event_name":"Scrap Ooze","player_choice":"success","floor":7,"damage_taken":7},{"event_name":"Addict","player_choice":"Obtained Relic","floor":19,"damage_taken":0}],"boss_relics":[{"not_picked":["Runic Dome","Black Star"],"picked":"White Beast Statue"}],"potions_floor_spawned":[4,5,11,12,16,18,21],"seed_played":"-4284629114529141017","killed_by":"Centurion and Healer","ascension_level":3,"is_trial":false}