{"gold_per_floor":[116,130,148,223,223,223,257,257,337,347,347,347,378,32,32,131,131,147,160,180,80,80,80,111,111,111,111,26,50,73,86,86,86],"floor_reached":33,"playtime":1700,"items_purged":["Defend_R","Strike_R"],"score":495,"play_id":"95d02dbf-98d0-4249-8a6b-4c13aa458bd1","local_time":"20190519164015","is_ascension_mode":true,"campfire_choices":[{"data":"True Grit","floor":6,"key":"SMITH"},{"floor":8,"key":"REST"},{"floor":11,"key":"REST"},{"data":"Pommel Strike","floor":15,"key":"SMITH"},{"floor":23,"key":"REST"},{"floor":32,"key":"REST"}],"neow_cost":"NONE","seed_source_timestamp":117699080556245,"circlet_count":0,"master_deck":["AscendersBane","Strike_R+1","Strike_R","Strike_R","Strike_R","Defend_R","Defend_R","Defend_R","Bash","True Grit+1","Pommel Strike+1","Spot Weakness","Spot Weakness","Anger","Anger","Shrug It Off","Limit Break","Armaments","Shrug It Off","Ghostly","Ghostly","Ghostly"],"relics":["Burning Blood","Strawberry","Centennial Puzzle","Shuriken","Golden Idol","Red Skull","Oddly Smooth Stone","Black Star","Dodecahedron","Omamori","Blood Vial","Singing Bowl"],"potions_floor_usage":[7,7,13,16,20,29],"damage_taken":[{"damage":6,"enemies":"Jaw Worm","floor":1,"turns":5},{"damage":1,"enemies":"2 Louse","floor":2,"turns":4},{"damage":0,"enemies":"Small Slimes","floor":3,"turns":4},{"damage":33,"enemies":"Lagavulin","floor":7,"turns":6},{"damage":18,"enemies":"3 Louse","floor":10,"turns":3},{"damage":11,"enemies":"3 Sentries","floor":13,"turns":6},{"damage":26,"enemies":"Hexaghost","floor":16,"turns":6},{"damage":27,"enemies":"Shell Parasite","floor":18,"turns":5},{"damage":11,"enemies":"Spheric Guardian","floor":19,"turns":3},{"damage":24,"enemies":"Snake Plant","floor":20,"turns":3},{"damage":9,"enemies":"Gremlin Leader","floor":24,"turns":4},{"damage":16,"enemies":"3 Cultists","floor":29,"turns":6},{"damage":18,"enemies":"Snecko","floor":30,"turns":6},{"damage":3,"enemies":"Snake Plant","floor":31,"turns":6},{"damage":58,"enemies":"Automaton","floor":33,"turns":6}],"seed_played":"9043392999190280005","potions_obtained":[{"floor":1,"key":"LiquidBronze"},{"floor":3,"key":"AttackPotion"},{"floor":10,"key":"AttackPotion"},{"floor":13,"key":"PowerPotion"},{"floor":19,"key":"FearPotion"},{"floor":20,"key":"FearPotion"}],"is_trial":false,"path_per_floor":["M","M","M","?","?","R","E","R","T","M","R","?","E","$","R","B",null,"M","M","M","$","?","R","E","$","T","?","?","M","M","M","R","B"],"character_chosen":"IRONCLAD","items_purchased":["Oddly Smooth Stone","Anger","Shrug It Off"],"campfire_rested":4,"item_purchase_floors":[14,14,14],"current_hp_per_floor":[68,73,75,64,53,53,26,50,50,38,62,62,57,57,57,37,65,44,39,21,21,21,43,40,40,40,37,37,29,21,28,40,0],"gold":86,"neow_bonus":"UPGRADE_CARD","is_prod":false,"is_daily":false,"chose_seed":false,"campfire_upgraded":2,"win_rate":0,"timestamp":1558294815,"path_taken":["M","M","M","?","?","R","E","R","T","M","R","?","E","?","R","BOSS","M","M","M","$","?","R","E","$","T","?","?","?","M","M","R","BOSS"],"build_version":"2019-01-23","purchased_purges":2,"victory":false,"max_hp_per_floor":[75,75,75,75,82,82,82,82,82,82,82,74,74,74,74,74,74,74,74,74,74,74,74,74,74,74,37,37,39,41,43,43,43],"card_choices":[{"not_picked":["Sentinel","Perfected Strike","Wild Strike"],"picked":"SKIP","floor":1},{"not_picked":["Dual Wield","Fire Breathing"],"picked":"True Grit","floor":2},{"not_picked":["Rupture","Body Slam"],"picked":"Pommel Strike","floor":3},{"not_picked":["Perfected Strike","Feel No Pain"],"picked":"Spot Weakness","floor":7},{"not_picked":["Pommel Strike","Armaments"],"picked":"Spot Weakness","floor":10},{"not_picked":["Dropkick","Dark Embrace"],"picked":"Anger","floor":13},{"not_picked":["Immolate","Bludgeon"],"picked":"Limit Break","floor":16},{"not_picked":["Anger","Wild Strike"],"picked":"Armaments","floor":18},{"not_picked":["Headbutt","Cleave","Shockwave"],"picked":"SKIP","floor":19},{"not_picked":["Iron Wave","Spot Weakness","Clash"],"picked":"SKIP","floor":20},{"not_picked":["Rampage","Exhume"],"picked":"Shrug It Off","floor":24},{"not_picked":["Cleave","Thunderclap","Fire Breathing"],"picked":"Singing Bowl","floor":29},{"not_picked":["Hemokinesis","Spot Weakness","Anger"],"picked":"Singing Bowl","floor":30},{"not_picked":["Thunderclap","Fire Breathing","Headbutt"],"picked":"Singing Bowl","floor":31}],"player_experience":762568,"relics_obtained":[{"floor":7,"key":"Centennial Puzzle"},{"floor":9,"key":"Shuriken"},{"floor":13,"key":"Red Skull"},{"floor":24,"key":"Dodecahedron"},{"floor":24,"key":"Omamori"},{"floor":26,"key":"Blood Vial"}],"event_choices":[{"damage_healed":0,"gold_gain":75,"player_choice":"Gather Gold","damage_taken":11,"max_hp_gain":0,"max_hp_loss":0,"event_name":"World of Goop","floor":4,"gold_loss":0},{"damage_healed":0,"gold_gain":0,"player_choice":"Success","damage_taken":18,"relics_obtained":["Strawberry"],"max_hp_gain":0,"max_hp_loss":0,"event_name":"Scrap Ooze","floor":5,"gold_loss":0},{"damage_healed":0,"gold_gain":0,"player_choice":"Lose Max HP","damage_taken":0,"relics_obtained":["Golden Idol"],"max_hp_gain":0,"max_hp_loss":8,"event_name":"Golden Idol","floor":12,"gold_loss":0},{"damage_healed":0,"gold_gain":0,"player_choice":"Ignored","damage_taken":0,"max_hp_gain":0,"max_hp_loss":0,"event_name":"Cursed Tome","floor":22,"gold_loss":0},{"damage_healed":0,"gold_gain":0,"player_choice":"Became a Ghost","damage_taken":0,"max_hp_gain":0,"max_hp_loss":37,"event_name":"Ghosts","floor":27,"gold_loss":0,"cards_obtained":["Ghostly","Ghostly","Ghostly"]},{"damage_healed":0,"gold_gain":0,"player_choice":"Obtained Relic","damage_taken":0,"relics_obtained":["Singing Bowl"],"max_hp_gain":0,"max_hp_loss":0,"event_name":"Addict","floor":28,"gold_loss":85}],"is_beta":false,"boss_relics":[{"not_picked":["Fusion Hammer","Calling Bell"],"picked":"Black Star"}],"items_purged_floors":[14,21],"is_endless":false,"potions_floor_spawned":[1,3,10,13,19,20],"killed_by":"Automaton","ascension_level":16}