{"gold_per_floor":[113,133,16,16,16,16,46,46,46,46,77,87,12,24,24,102,102,114,37,37,37,54,84,94,94,165,165],"floor_reached":27,"playtime":1449,"items_purged":["Regret"],"score":454,"play_id":"7936d0dc-e3f7-4169-b85f-9e4f53758e1c","local_time":"20190614072234","is_ascension_mode":true,"campfire_choices":[{"data":"Havoc","floor":6,"key":"SMITH"},{"data":"Entrench","floor":8,"key":"SMITH"},{"data":"True Grit","floor":15,"key":"SMITH"},{"data":"Cleave","floor":25,"key":"SMITH"}],"neow_cost":"CURSE","seed_source_timestamp":2330872248524052,"circlet_count":0,"master_deck":["AscendersBane","Strike_R","Strike_R+1","Defend_R","Defend_R","Defend_R","Bash","Entrench+1","Anger+1","Uppercut+1","Havoc+1","Power Through+1","Ghostly Armor+1","True Grit+1","Immolate","Sentinel","Cleave+1"],"relics":["Burning Blood","WingedGreaves","Whetstone","Thread and Needle","Anchor","Busted Crown","War Paint","Mummified Hand"],"potions_floor_usage":[7,11,23,27,27],"damage_taken":[{"damage":11,"enemies":"Small Slimes","floor":1,"turns":4},{"damage":7,"enemies":"2 Louse","floor":2,"turns":3},{"damage":8,"enemies":"Gremlin Nob","floor":7,"turns":3},{"damage":18,"enemies":"3 Sentries","floor":11,"turns":10},{"damage":2,"enemies":"Cultist","floor":12,"turns":3},{"damage":0,"enemies":"Blue Slaver","floor":14,"turns":3},{"damage":12,"enemies":"Hexaghost","floor":16,"turns":12},{"damage":0,"enemies":"Spheric Guardian","floor":18,"turns":5},{"damage":5,"enemies":"3 Byrds","floor":22,"turns":7},{"damage":32,"enemies":"Slavers","floor":23,"turns":4},{"damage":2,"enemies":"Snake Plant","floor":24,"turns":4},{"damage":67,"enemies":"Book of Stabbing","floor":27,"turns":7}],"seed_played":"-1573684749632546220","potions_obtained":[{"floor":2,"key":"Strength Potion"},{"floor":7,"key":"SkillPotion"},{"floor":16,"key":"Regen Potion"},{"floor":22,"key":"Swift Potion"},{"floor":24,"key":"FearPotion"}],"is_trial":false,"path_per_floor":["M","M","$","?","?","R","E","R","T","?","E","M","?","M","R","B",null,"M","$","?","?","M","E","M","R","T","E"],"character_chosen":"IRONCLAD","items_purchased":["Power Through","Sentinel"],"campfire_rested":0,"item_purchase_floors":[3,19],"current_hp_per_floor":[63,62,62,51,51,51,49,49,49,54,42,46,46,52,52,46,72,78,78,78,78,79,53,57,57,57,0],"gold":165,"neow_bonus":"TRANSFORM_TWO_CARDS","is_prod":false,"is_daily":false,"chose_seed":false,"campfire_upgraded":4,"win_rate":0,"timestamp":1560507754,"path_taken":["M","M","$","?","?","R","E","R","T","?","E","M","?","M","R","BOSS","M","$","?","?","M","E","?","R","T","E"],"build_version":"2019-01-23","purchased_purges":1,"victory":false,"max_hp_per_floor":[75,75,75,75,75,75,75,75,75,80,80,80,80,80,80,80,80,80,80,80,80,80,80,80,80,80,80],"card_choices":[{"not_picked":["Anger","Wild Strike"],"picked":"Uppercut","floor":1},{"not_picked":["Body Slam","Wild Strike"],"picked":"Havoc","floor":2},{"not_picked":["Body Slam","Wild Strike","Dark Embrace"],"picked":"SKIP","floor":7},{"not_picked":["Heavy Blade","Havoc"],"picked":"Ghostly Armor","floor":11},{"not_picked":["Ghostly Armor","Headbutt","Warcry"],"picked":"SKIP","floor":12},{"not_picked":["Twin Strike","Double Tap"],"picked":"True Grit","floor":14},{"not_picked":["Exhume","Impervious"],"picked":"Immolate","floor":16},{"not_picked":["Sword Boomerang"],"picked":"SKIP","floor":18},{"not_picked":[],"picked":"Cleave","floor":22},{"not_picked":["Wild Strike"],"picked":"SKIP","floor":23},{"not_picked":["Anger+1"],"picked":"SKIP","floor":24}],"player_experience":1032564,"relics_obtained":[{"floor":7,"key":"Whetstone"},{"floor":9,"key":"Thread and Needle"},{"floor":11,"key":"Anchor"},{"floor":23,"key":"War Paint"},{"floor":26,"key":"Mummified Hand"}],"event_choices":[{"damage_healed":0,"gold_gain":0,"player_choice":"Success","damage_taken":11,"relics_obtained":["WingedGreaves"],"max_hp_gain":0,"max_hp_loss":0,"event_name":"Scrap Ooze","floor":4,"gold_loss":0},{"damage_healed":0,"gold_gain":0,"player_choice":"Grow","damage_taken":0,"max_hp_gain":0,"max_hp_loss":0,"event_name":"Living Wall","floor":5,"gold_loss":0,"cards_upgraded":["Uppercut"]},{"damage_healed":0,"gold_gain":0,"player_choice":"Donut","damage_taken":0,"max_hp_gain":5,"max_hp_loss":0,"event_name":"Big Fish","floor":10,"gold_loss":0},{"cards_removed":["Strike_R"],"damage_healed":0,"gold_gain":0,"player_choice":"Card Removal","damage_taken":0,"max_hp_gain":0,"max_hp_loss":0,"event_name":"The Cleric","floor":13,"gold_loss":75},{"damage_healed":0,"gold_gain":0,"player_choice":"Ignored","damage_taken":0,"max_hp_gain":0,"max_hp_loss":0,"event_name":"Ghosts","floor":20,"gold_loss":0},{"cards_removed":["Strike_R"],"damage_healed":0,"gold_gain":0,"player_choice":"Card Removal","damage_taken":0,"max_hp_gain":0,"max_hp_loss":0,"event_name":"Wheel of Change","floor":21,"gold_loss":0}],"is_beta":false,"boss_relics":[{"not_picked":["Runic Cube","Philosopher\u0027s Stone"],"picked":"Busted Crown"}],"items_purged_floors":[3],"is_endless":false,"potions_floor_spawned":[2,7,16,22,24],"killed_by":"Book of Stabbing","ascension_level":18}