{"gold_per_floor":[116,116,41,55,68,94,94,126,126,126,141,160,260,285,285,387,387,397,65,85,85,103,103,135,135,135,135,164,178,195,13,13,112,112,125,347,395,395,407,438,456,456,528,528,628,638,638,652,652,652,652,652,42,67,67],"floor_reached":56,"playtime":4527,"items_purged":["Strike_G","Strike_G","Strike_G"],"score":1240,"play_id":"a9e06b8e-a8f7-43e2-9e29-38ed360340d7","local_time":"20190202223910","is_ascension_mode":false,"campfire_choices":[{"floor":7.0,"key":"REST"},{"floor":10.0,"key":"REST"},{"data":"Cloak And Dagger","floor":15.0,"key":"SMITH"},{"floor":23.0,"key":"RECALL"},{"floor":27.0,"key":"REST"},{"floor":32.0,"key":"REST"},{"data":"Bouncing Flask","floor":44.0,"key":"SMITH"},{"data":"Glass Knife","floor":47.0,"key":"SMITH"},{"data":"Defend_G","floor":49.0,"key":"SMITH"},{"data":"Backflip","floor":52.0,"key":"SMITH"}],"neow_cost":"NONE","seed_source_timestamp":35839599934700,"circlet_count":0,"master_deck":["Defend_G+1","Defend_G","Defend_G","Defend_G","Survivor","Neutralize+1","Flying Knee","Backflip+1","Slice","Backstab","Caltrops+1","Cloak And Dagger+1","Footwork+1","Infinite Blades+1","Glass Knife+1","Escape Plan","Infinite Blades+1","Dodge and Roll+1","Venomology","Footwork+1","Caltrops+1","Envenom+1","Malaise+1","Slice+1","Footwork+1","Dash+1","Terror+1","Bouncing Flask+1","Dash+1","Noxious Fumes+1","Escape Plan+1","Infinite Blades+1","Caltrops+1","Escape Plan"],"special_seed":0,"relics":["Ring of the Snake","Frozen Egg 2","Paper Crane","Gremlin Horn","Mummified Hand","Lizard Tail","Kunai","Red Mask","Incense Burner","Juzu Bracelet","Astrolabe","Pocketwatch","Pantograph","FossilizedHelix","DollysMirror","Bag of Marbles","Oddly Smooth Stone"],"potions_floor_usage":[55,55],"damage_taken":[{"damage":0.0,"enemies":"Small Slimes","floor":1.0,"turns":5.0},{"damage":12.0,"enemies":"Cultist","floor":4.0,"turns":5.0},{"damage":0.0,"enemies":"Jaw Worm","floor":5.0,"turns":6.0},{"damage":28.0,"enemies":"3 Sentries","floor":6.0,"turns":15.0},{"damage":13.0,"enemies":"Lagavulin","floor":8.0,"turns":6.0},{"damage":0.0,"enemies":"Gremlin Gang","floor":11.0,"turns":4.0},{"damage":0.0,"enemies":"3 Louse","floor":12.0,"turns":3.0},{"damage":16.0,"enemies":"Gremlin Nob","floor":14.0,"turns":5.0},{"damage":25.0,"enemies":"Slime Boss","floor":16.0,"turns":14.0},{"damage":5.0,"enemies":"Shell Parasite","floor":18.0,"turns":4.0},{"damage":10.0,"enemies":"2 Thieves","floor":20.0,"turns":4.0},{"damage":0.0,"enemies":"Snecko","floor":22.0,"turns":6.0},{"damage":0.0,"enemies":"Masked Bandits","floor":24.0,"turns":4.0},{"damage":13.0,"enemies":"Slavers","floor":28.0,"turns":5.0},{"damage":15.0,"enemies":"Snake Plant","floor":29.0,"turns":6.0},{"damage":6.0,"enemies":"Sentry and Sphere","floor":30.0,"turns":5.0},{"damage":0.0,"enemies":"Collector","floor":33.0,"turns":14.0},{"damage":0.0,"enemies":"3 Shapes","floor":35.0,"turns":7.0},{"damage":12.0,"enemies":"2 Orb Walkers","floor":37.0,"turns":5.0},{"damage":14.0,"enemies":"3 Darklings","floor":39.0,"turns":6.0},{"damage":0.0,"enemies":"Reptomancer","floor":40.0,"turns":7.0},{"damage":0.0,"enemies":"Maw","floor":41.0,"turns":7.0},{"damage":14.0,"enemies":"Mind Bloom Boss Battle","floor":45.0,"turns":5.0},{"damage":0.0,"enemies":"Writhing Mass","floor":46.0,"turns":7.0},{"damage":13.0,"enemies":"Jaw Worm Horde","floor":48.0,"turns":5.0},{"damage":37.0,"enemies":"Donu and Deca","floor":50.0,"turns":10.0},{"damage":23.0,"enemies":"Shield and Spear","floor":54.0,"turns":6.0},{"damage":24,"enemies":"The Heart","floor":55,"turns":8}],"seed_played":"-3057997762520668556","potions_obtained":[{"floor":5.0,"key":"Fire Potion"},{"floor":14.0,"key":"Swift Potion"},{"floor":16.0,"key":"Ancient Potion"},{"floor":18.0,"key":"SkillPotion"},{"floor":24.0,"key":"Explosive Potion"},{"floor":29.0,"key":"Weak Potion"},{"floor":33.0,"key":"Regen Potion"},{"floor":39.0,"key":"Fruit Juice"},{"floor":40.0,"key":"PowerPotion"}],"is_trial":false,"path_per_floor":["M","?","$","M","M","E","R","E","T","R","M","M","?","E","R","B",null,"M","$","M","?","M","R","?","?","T","R","E","M","M","$","R","B",null,"M","?","?","?","M","E","M","?","T","R","?","M","R","M","R","B",null,"R","$","E","B",null],"character_chosen":"THE_SILENT","items_purchased":["Kunai","Infinite Blades+1","Caltrops+1","Infinite Blades+1","DollysMirror","Bag of Marbles","Escape Plan"],"campfire_rested":4,"item_purchase_floors":[19,19,31,53,53,53,53],"current_hp_per_floor":[70,70,70,58,58,30,51,38,38,59,59,59,59,43,43,18,70,65,65,55,42,42,42,42,42,42,64,51,36,30,30,52,52,75,75,75,63,63,54,54,54,54,54,54,65,65,65,52,52,40,80,80,80,57,56],"gold":67,"neow_bonus":"UPGRADE_CARD","is_prod":false,"is_daily":false,"chose_seed":false,"campfire_upgraded":5,"win_rate":0,"timestamp":1549165150,"path_taken":["M","?","$","M","M","E","R","E","T","R","?","M","?","E","R","BOSS","M","$","?","?","M","R","?","?","T","R","E","M","M","$","R","BOSS","M","?","?","?","M","E","M","?","T","R","?","M","R","M","R","BOSS","R","$","E","BOSS"],"build_version":"2019-01-23","purchased_purges":3,"victory":true,"max_hp_per_floor":[70,70,70,70,70,70,70,70,70,70,70,70,70,70,70,70,70,70,70,70,75,75,75,75,75,75,75,75,75,75,75,75,75,75,75,75,75,75,80,80,80,80,80,80,80,80,80,80,80,80,80,80,80,80,80],"card_choices":[{"not_picked":["Acrobatics","Dagger Spray"],"picked":"Flying Knee","floor":1.0},{"not_picked":["Bouncing Flask","Dagger Spray"],"picked":"Backflip","floor":4.0},{"not_picked":["Prepared","PiercingWail"],"picked":"Slice","floor":5.0},{"not_picked":["Wraith Form v2","Underhanded Strike"],"picked":"Backstab","floor":6.0},{"not_picked":["Underhanded Strike","Sucker Punch"],"picked":"Caltrops+1","floor":8.0},{"not_picked":["Acrobatics","Sucker Punch"],"picked":"Cloak And Dagger","floor":11.0},{"not_picked":["Underhanded Strike","Outmaneuver"],"picked":"Footwork+1","floor":12.0},{"not_picked":["Leg Sweep","Outmaneuver"],"picked":"Infinite Blades+1","floor":14.0},{"not_picked":["Malaise","Corpse Explosion"],"picked":"Glass Knife","floor":16.0},{"not_picked":["Concentrate","Outmaneuver"],"picked":"Escape Plan","floor":18.0},{"not_picked":["Dash","Slice"],"picked":"Dodge and Roll+1","floor":20.0},{"not_picked":["Predator","Reflex","Dagger Throw"],"picked":"SKIP","floor":22.0},{"not_picked":["PiercingWail+1","Riddle With Holes"],"picked":"Venomology","floor":24.0},{"not_picked":["Poisoned Stab","Night Terror","Heel Hook"],"picked":"SKIP","floor":28.0},{"not_picked":["Underhanded Strike","Deflect"],"picked":"Footwork+1","floor":29.0},{"not_picked":["Expertise","Dodge and Roll","Bouncing Flask"],"picked":"SKIP","floor":30.0},{"not_picked":["Unload","Malaise"],"picked":"Envenom+1","floor":33.0},{"not_picked":["Cloak And Dagger+1","PiercingWail"],"picked":"Dash+1","floor":35.0},{"not_picked":["Reflex+1","Endless Agony"],"picked":"Terror+1","floor":37.0},{"not_picked":["Sucker Punch+1","Prepared+1"],"picked":"Bouncing Flask","floor":39.0},{"not_picked":["Grand Finale","Acrobatics+1"],"picked":"Dash+1","floor":40.0},{"not_picked":["Skewer+1","Backstab+1"],"picked":"Noxious Fumes+1","floor":41.0},{"not_picked":["Bane","Flying Knee","Underhanded Strike+1"],"picked":"SKIP","floor":46.0},{"not_picked":["Bane","Flying Knee","Underhanded Strike+1"],"picked":"SKIP","floor":46.0},{"not_picked":["PiercingWail","Blade Dance+1"],"picked":"Escape Plan+1","floor":48.0},{"not_picked":["Dagger Spray+1","PiercingWail","Deadly Poison"],"picked":"SKIP","floor":54.0}],"player_experience":264453,"relics_obtained":[{"floor":6.0,"key":"Frozen Egg 2"},{"floor":8.0,"key":"Paper Crane"},{"floor":9.0,"key":"Gremlin Horn"},{"floor":14.0,"key":"Mummified Hand"},{"floor":24.0,"key":"Red Mask"},{"floor":26.0,"key":"Incense Burner"},{"floor":28.0,"key":"Juzu Bracelet"},{"floor":37.0,"key":"Pocketwatch"},{"floor":40.0,"key":"Pantograph"},{"floor":45.0,"key":"FossilizedHelix"},{"floor":54.0,"key":"Oddly Smooth Stone"}],"event_choices":[{"damage_healed":0.0,"max_hp_gain":0.0,"max_hp_loss":0.0,"gold_gain":0.0,"event_name":"The Woman in Blue","player_choice":"Bought 0 Potions","floor":2.0,"gold_loss":0.0,"damage_taken":0.0},{"damage_healed":0.0,"max_hp_gain":0.0,"max_hp_loss":0.0,"gold_gain":100.0,"event_name":"Golden Shrine","player_choice":"Pray","floor":13.0,"gold_loss":0.0,"damage_taken":0.0},{"damage_healed":0.0,"max_hp_gain":5.0,"max_hp_loss":0.0,"gold_gain":0.0,"event_name":"Forgotten Altar","player_choice":"Shed Blood","floor":21.0,"gold_loss":0.0,"damage_taken":18.0},{"damage_healed":0.0,"max_hp_gain":0.0,"max_hp_loss":0.0,"gold_gain":0.0,"event_name":"Masked Bandits","player_choice":"Fought Bandits","floor":24.0,"gold_loss":0.0,"damage_taken":0.0},{"damage_healed":0.0,"max_hp_gain":0.0,"max_hp_loss":0.0,"gold_gain":0.0,"event_name":"The Mausoleum","player_choice":"Ignored","floor":25.0,"gold_loss":0.0,"damage_taken":0.0},{"damage_healed":0.0,"max_hp_gain":0.0,"max_hp_loss":0.0,"gold_gain":222.0,"event_name":"Tomb of Lord Red Mask","player_choice":"Wore Mask","floor":36.0,"gold_loss":0.0,"damage_taken":0.0},{"damage_healed":0.0,"max_hp_gain":0.0,"max_hp_loss":0.0,"gold_gain":0.0,"event_name":"Mysterious Sphere","player_choice":"Fight","floor":37.0,"gold_loss":0.0,"damage_taken":0.0},{"damage_healed":0.0,"max_hp_gain":0.0,"max_hp_loss":0.0,"gold_gain":0.0,"event_name":"SensoryStone","player_choice":"Memory 1","floor":38.0,"gold_loss":0.0,"damage_taken":0.0},{"damage_healed":0.0,"max_hp_gain":0.0,"max_hp_loss":0.0,"gold_gain":0.0,"event_name":"Match and Keep!","player_choice":"0 cards matched","floor":42.0,"gold_loss":0.0,"damage_taken":0.0,"cards_obtained":[]},{"damage_healed":0.0,"max_hp_gain":0.0,"max_hp_loss":0.0,"gold_gain":0.0,"event_name":"MindBloom","player_choice":"Fight","floor":45.0,"gold_loss":0.0,"damage_taken":0.0}],"is_beta":false,"boss_relics":[{"not_picked":["Calling Bell","Ectoplasm"],"picked":"Lizard Tail"},{"not_picked":["Orrery","Runic Pyramid"],"picked":"Astrolabe"}],"items_purged_floors":[3,31,53],"is_endless":false,"potions_floor_spawned":[5,14,16,18,24,29,33,35,37,39,40,46],"ascension_level":0}