{"gold_per_floor":[117,130,130,149,149,149,182,182,207,235,251,251,269,269,269,269],"floor_reached":16,"playtime":669,"items_purged":[],"score":220,"play_id":"25e77384-9bbd-4eba-80ee-140349cd6c2c","local_time":"20190609214211","is_ascension_mode":true,"campfire_choices":[{"data":"Neutralize","floor":6,"key":"SMITH"},{"floor":8,"key":"REST"},{"data":"Noxious Fumes","floor":12,"key":"SMITH"},{"data":"Leg Sweep","floor":15,"key":"SMITH"}],"neow_cost":"NONE","seed_source_timestamp":33737166418431,"circlet_count":0,"master_deck":["AscendersBane","Defend_G","Defend_G","Defend_G","Defend_G","Defend_G","Strike_G","Strike_G","Strike_G","Strike_G","Survivor","Neutralize+1","All Out Attack","Pain","PiercingWail","Corpse Explosion","Crippling Poison+1","Noxious Fumes+1","Leg Sweep+1"],"relics":["Ring of the Snake","WarpedTongs","Juzu Bracelet","Ornamental Fan"],"potions_floor_usage":[7],"damage_taken":[{"damage":3,"enemies":"Small Slimes","floor":1,"turns":5},{"damage":0,"enemies":"Cultist","floor":2,"turns":5},{"damage":5,"enemies":"2 Louse","floor":4,"turns":3},{"damage":11,"enemies":"3 Sentries","floor":7,"turns":3},{"damage":34,"enemies":"Lagavulin","floor":10,"turns":7},{"damage":7,"enemies":"Exordium Wildlife","floor":11,"turns":4},{"damage":5,"enemies":"Blue Slaver","floor":13,"turns":5},{"damage":23,"enemies":"The Guardian","floor":16,"turns":5}],"seed_played":"-27123558904650420","potions_obtained":[{"floor":2,"key":"AttackPotion"},{"floor":4,"key":"Ancient Potion"},{"floor":11,"key":"SpeedPotion"}],"is_trial":false,"path_per_floor":["M","M","?","M","?","R","E","R","T","E","M","R","M","?","R","B"],"character_chosen":"THE_SILENT","items_purchased":[],"campfire_rested":1,"item_purchase_floors":[],"current_hp_per_floor":[62,62,62,57,57,57,46,67,67,33,26,26,21,21,21,0],"gold":269,"neow_bonus":"TEN_PERCENT_HP_BONUS","is_prod":false,"is_daily":false,"chose_seed":false,"campfire_upgraded":3,"win_rate":0,"timestamp":1560109331,"path_taken":["M","M","?","?","?","R","E","R","T","E","M","R","M","?","R","BOSS"],"build_version":"2019-01-23","purchased_purges":0,"victory":false,"max_hp_per_floor":[72,72,72,72,72,72,72,72,72,72,72,72,72,72,72,72],"card_choices":[{"not_picked":["Sucker Punch","Bane","Finisher"],"picked":"SKIP","floor":1},{"not_picked":["Underhanded Strike","Heel Hook"],"picked":"All Out Attack","floor":2},{"not_picked":["Outmaneuver","Backflip"],"picked":"PiercingWail","floor":4},{"not_picked":["Flechettes","All Out Attack"],"picked":"Crippling Poison","floor":7},{"not_picked":["Dagger Spray","Storm of Steel","Prepared"],"picked":"SKIP","floor":10},{"not_picked":["Dagger Throw","Poisoned Stab"],"picked":"Noxious Fumes","floor":11},{"not_picked":["Underhanded Strike","Bouncing Flask"],"picked":"Leg Sweep","floor":13}],"player_experience":1318824,"relics_obtained":[{"floor":7,"key":"Juzu Bracelet"},{"floor":10,"key":"Ornamental Fan"}],"event_choices":[{"damage_healed":0,"gold_gain":0,"player_choice":"Rummage","damage_taken":0,"relics_obtained":["WarpedTongs"],"max_hp_gain":0,"max_hp_loss":0,"event_name":"Accursed Blacksmith","floor":3,"gold_loss":0,"cards_obtained":["Pain"]},{"damage_healed":0,"gold_gain":0,"cards_transformed":["Strike_G"],"player_choice":"Transformed","damage_taken":0,"max_hp_gain":0,"max_hp_loss":0,"event_name":"Transmorgrifier","floor":5,"gold_loss":0,"cards_obtained":["Corpse Explosion"]},{"damage_healed":0,"gold_gain":0,"player_choice":"Upgraded","damage_taken":0,"max_hp_gain":0,"max_hp_loss":0,"event_name":"Upgrade Shrine","floor":14,"gold_loss":0,"cards_upgraded":["Crippling Poison"]}],"is_beta":false,"boss_relics":[],"items_purged_floors":[],"is_endless":false,"potions_floor_spawned":[2,4,11,13],"killed_by":"The Guardian","ascension_level":20}