{"path_per_floor":["M","$","M","?","?","E","?","R","T","R","$","E","M","M","R","B",null,"M","$","M","?","?","E","M","R","T","R","$","M","M","M","R","B",null,"M","$","M"],"character_chosen":"IRONCLAD","items_purchased":["Inflame","Vajra","Dropkick","Dual Wield"],"gold_per_floor":[113,33,46,46,46,73,38,38,62,62,62,93,111,124,124,219,219,237,7,20,20,20,50,68,68,93,93,21,39,53,69,69,169,169,179,47,58],"floor_reached":38,"campfire_rested":2,"playtime":1883,"current_hp_per_floor":[72,72,78,66,66,56,76,76,76,76,76,62,66,74,74,49,82,63,63,32,32,32,16,48,73,73,73,73,71,66,64,91,63,94,56,56,39],"items_purged":["Strike_R","Clumsy"],"gold":58,"score":442,"play_id":"7687e7bd-ffe0-4a9f-a4a6-950bf1c73f87","is_prod":false,"is_daily":false,"is_ascension_mode":true,"campfire_upgraded":3,"path_taken":["M","?","M","?","?","E","?","R","T","R","$","E","?","M","R","BOSS","M","$","M","?","?","E","?","R","T","R","?","M","M","?","R","BOSS","M","$","M","M"],"build_version":"2018-02-22-PROD2","purchased_purges":2,"victory":false,"master_deck":["Strike_R","Strike_R","Strike_R","Strike_R","Defend_R","Defend_R","Defend_R","Defend_R","Bash","Demon Form+1","Inflame+1","Metallicize","Iron Wave+1","Pommel Strike","Thunderclap","Feed","Anger","Armaments+1","Heavy Blade+1","Clash","Dropkick","Shrug It Off+1","Metallicize","Spot Weakness","Shockwave+1","Dual Wield"],"max_hp_per_floor":[80,80,80,80,80,80,80,80,80,80,80,80,80,82,82,82,82,85,85,85,85,85,85,85,85,85,85,85,88,92,92,92,94,94,94,94,99],"relics":["Burning Blood","Pen Nib","Omamori","Bag of Preparation","Singing Bowl","Shovel","Unceasing Top","Lizard Tail","Vajra","Dodecahedron","Oddly Smooth Stone","Orichalcum","Calling Bell","Smiling Mask","Champion Belt","Self Forming Clay"],"card_choices":[{"not_picked":["Carnage","Rupture"],"picked":"Demon Form"},{"not_picked":["Warcry","Sword Boomerang"],"picked":"Metallicize"},{"not_picked":["Corruption","Second Wind"],"picked":"Iron Wave"},{"not_picked":["Berserk","Thunderclap"],"picked":"Pommel Strike"},{"not_picked":["Perfected Strike","Body Slam"],"picked":"Thunderclap"},{"not_picked":["Impervious","Reaper"],"picked":"Feed"},{"not_picked":["Fire Breathing","Clothesline"],"picked":"Anger"},{"not_picked":["Shrug It Off","Thunderclap"],"picked":"Armaments"},{"not_picked":["Warcry","Body Slam"],"picked":"Heavy Blade"},{"not_picked":["Clothesline","Twin Strike"],"picked":"Clash"},{"not_picked":["Sword Boomerang","Clash"],"picked":"Shrug It Off"},{"not_picked":["Barricade","Dropkick"],"picked":"Metallicize"},{"not_picked":["Body Slam","Rampage"],"picked":"Spot Weakness"},{"not_picked":["Body Slam","Wild Strike"],"picked":"Shockwave"}],"player_experience":177717,"potions_floor_usage":[6,6,18,23,33,33],"damage_taken":[{"damage":14,"enemies":"Cultist","floor":1,"turns":5},{"damage":0,"enemies":"2 Louse","floor":3,"turns":2},{"damage":16,"enemies":"3 Sentries","floor":6,"turns":8},{"damage":20,"enemies":"Gremlin Nob","floor":12,"turns":4},{"damage":2,"enemies":"Small Slimes","floor":13,"turns":3},{"damage":0,"enemies":"3 Louse","floor":14,"turns":4},{"damage":31,"enemies":"The Guardian","floor":16,"turns":8},{"damage":28,"enemies":"2 Thieves","floor":18,"turns":4},{"damage":37,"enemies":"3 Byrds","floor":20,"turns":5},{"damage":37,"enemies":"Book of Stabbing","floor":23,"turns":6},{"damage":18,"enemies":"Sentry and Sphere","floor":24,"turns":7},{"damage":11,"enemies":"3 Cultists","floor":29,"turns":5},{"damage":15,"enemies":"Snake Plant","floor":30,"turns":4},{"damage":8,"enemies":"Snecko","floor":31,"turns":4},{"damage":36,"enemies":"Champ","floor":33,"turns":8},{"damage":44,"enemies":"3 Darklings","floor":35,"turns":6},{"damage":28,"enemies":"Orb Walker","floor":37,"turns":5},{"damage":42,"enemies":"Maw","floor":38,"turns":7}],"event_choices":[{"event_name":"Scrap Ooze","player_choice":"success","floor":4,"damage_taken":12},{"event_name":"Living Wall","player_choice":"Grow","floor":5,"damage_taken":0},{"event_name":"The Cleric","player_choice":"Healed","floor":7,"damage_taken":0},{"event_name":"Beggar","player_choice":"Ignored","floor":21,"damage_taken":0},{"event_name":"The Mausoleum","player_choice":"Yes","floor":22,"damage_taken":0}],"boss_relics":[{"not_picked":["Ectoplasm","Question Card"],"picked":"Lizard Tail"},{"not_picked":["Orrery","Runic Pyramid"],"picked":"Calling Bell"}],"potions_floor_spawned":[1,3,16,20,24,30],"seed_played":"7161828406629413713","killed_by":"Maw","ascension_level":2,"is_trial":false}