{"gold_per_floor":[20,40,55,68,84,84,109,109,109,109,184,184,218,237,237,311,311,331,347,357,114,88,88,88,88],"floor_reached":25,"playtime":1107,"items_purged":["Strike_R"],"score":426,"play_id":"4de199ca-097e-424a-9098-16156cfcdf8c","local_time":"20181223180731","is_ascension_mode":true,"campfire_choices":[{"data":"Combust","floor":6,"key":"SMITH"},{"data":"Bash","floor":8,"key":"SMITH"},{"data":"Havoc","floor":10,"key":"SMITH"},{"data":"Disarm","floor":15,"key":"SMITH"},{"data":"Immolate","floor":23,"key":"SMITH"}],"neow_cost":"NO_GOLD","seed_source_timestamp":20530103695352,"circlet_count":0,"master_deck":["AscendersBane","Strike_R","Strike_R","Strike_R","Strike_R","Defend_R","Defend_R","Defend_R","Defend_R","Bash+1","Havoc+1","Combust+1","Headbutt","Disarm+1","True Grit","Immolate+1","Shrug It Off","Shrug It Off","Clothesline","Corruption","Offering","Shrug It Off","Decay"],"relics":["Burning Blood","Singing Bowl","Pantograph","Ice Cream","Bottled Lightning","Coffee Dripper"],"potions_floor_usage":[13,25,25],"damage_taken":[{"damage":3,"enemies":"Small Slimes","floor":1,"turns":3},{"damage":8,"enemies":"2 Louse","floor":2,"turns":3},{"damage":4,"enemies":"Cultist","floor":3,"turns":3},{"damage":11,"enemies":"Large Slime","floor":4,"turns":5},{"damage":7,"enemies":"Looter","floor":5,"turns":4},{"damage":40,"enemies":"Lagavulin","floor":7,"turns":7},{"damage":19,"enemies":"3 Sentries","floor":13,"turns":7},{"damage":0,"enemies":"Red Slaver","floor":14,"turns":3},{"damage":28,"enemies":"The Guardian","floor":16,"turns":15},{"damage":9,"enemies":"3 Byrds","floor":18,"turns":3},{"damage":10,"enemies":"2 Thieves","floor":19,"turns":4},{"damage":47,"enemies":"Sentry and Sphere","floor":20,"turns":6},{"damage":30,"enemies":"Slavers","floor":25,"turns":2}],"seed_played":"6549561728677272527","potions_obtained":[{"floor":1,"key":"Block Potion"},{"floor":7,"key":"Ancient Potion"},{"floor":13,"key":"PowerPotion"},{"floor":14,"key":"FearPotion"}],"is_trial":false,"path_per_floor":["M","M","M","M","M","R","E","R","T","R","?","?","E","M","R","B",null,"M","M","M","$","$","R","?","E"],"character_chosen":"IRONCLAD","items_purchased":["Corruption","Offering","Shrug It Off"],"campfire_rested":0,"item_purchase_floors":[21,21,22],"current_hp_per_floor":[85,83,85,80,79,79,45,45,45,45,34,34,21,29,29,32,76,73,69,28,28,28,28,28,0],"gold":88,"neow_bonus":"TWENTY_PERCENT_HP_BONUS","is_prod":false,"is_daily":false,"chose_seed":false,"campfire_upgraded":5,"win_rate":0,"timestamp":1545584851,"path_taken":["M","M","M","M","M","R","E","R","T","R","?","?","E","M","R","BOSS","M","M","M","?","$","R","?","E"],"build_version":"2018-12-20","purchased_purges":1,"victory":false,"max_hp_per_floor":[89,89,89,89,89,89,89,89,89,89,89,89,89,91,91,91,91,91,91,91,91,91,91,91,91],"card_choices":[{"not_picked":["Intimidate","Heavy Blade"],"picked":"Havoc","floor":1},{"not_picked":["Sentinel","Heavy Blade"],"picked":"Combust","floor":2},{"not_picked":["Fire Breathing","Reckless Charge","Clash"],"picked":"SKIP","floor":3},{"not_picked":["Heavy Blade","Metallicize","Flex"],"picked":"SKIP","floor":4},{"not_picked":["Twin Strike","Wild Strike"],"picked":"Headbutt","floor":5},{"not_picked":["Clothesline","Uppercut"],"picked":"Disarm","floor":7},{"not_picked":["Second Wind","Headbutt"],"picked":"True Grit","floor":13},{"not_picked":["Anger","True Grit","Sword Boomerang"],"picked":"Singing Bowl","floor":14},{"not_picked":["Juggernaut","Fiend Fire"],"picked":"Immolate","floor":16},{"not_picked":["Warcry","Headbutt"],"picked":"Shrug It Off","floor":18},{"not_picked":["Iron Wave","Clothesline"],"picked":"Shrug It Off","floor":19},{"not_picked":["Warcry","Wild Strike"],"picked":"Clothesline","floor":20}],"player_experience":691212,"relics_obtained":[{"floor":7,"key":"Singing Bowl"},{"floor":9,"key":"Pantograph"},{"floor":12,"key":"Ice Cream"},{"floor":13,"key":"Bottled Lightning"}],"event_choices":[{"damage_healed":0,"gold_gain":75,"player_choice":"Gather Gold","damage_taken":11,"max_hp_gain":0,"max_hp_loss":0,"event_name":"World of Goop","floor":11,"gold_loss":0},{"damage_healed":0,"gold_gain":0,"player_choice":"Relic","damage_taken":0,"max_hp_gain":0,"max_hp_loss":0,"event_name":"Wheel of Change","floor":12,"gold_loss":0},{"damage_healed":0,"gold_gain":0,"player_choice":"Smashed Altar","damage_taken":0,"max_hp_gain":0,"max_hp_loss":0,"event_name":"Forgotten Altar","floor":24,"gold_loss":0,"cards_obtained":["Decay"]}],"is_beta":false,"boss_relics":[{"not_picked":["Black Star","Ectoplasm"],"picked":"Coffee Dripper"}],"items_purged_floors":[21],"is_endless":false,"potions_floor_spawned":[1,7,13,14,18,20],"killed_by":"Slavers","ascension_level":20}