{"path_per_floor":["M","M","?","M","?","E","R","M","T","M","$","R","M","M","R","B",null,"M","$","?","M","M","R","M","R","T","E","?","?","?","M","R","B",null,"M","$","M","?","M","R","M","R","T","R","M","M"],"character_chosen":"THE_SILENT","items_purchased":["Riddle With Holes","Sucker Punch","Regen Potion","Finesse","Footwork","Medical Kit","Infinite Blades","Madness"],"gold_per_floor":[113,129,129,143,143,175,175,190,190,201,67,67,79,92,92,190,190,172,32,32,45,57,57,67,67,118,143,143,243,243,260,260,359,359,376,1,16,16,31,31,41,41,41,41,54,66],"floor_reached":47,"campfire_rested":8,"playtime":4350,"current_hp_per_floor":[69,69,69,69,69,28,49,49,59,61,61,61,61,55,79,25,80,55,55,55,47,17,41,33,57,57,48,48,48,39,19,44,35,85,73,73,35,35,43,68,20,45,45,70,56,39],"items_purged":[],"gold":66,"play_id":"e7f336b3-3d9e-429f-a027-89a06469c278","is_prod":false,"is_daily":false,"is_ascension_mode":false,"campfire_upgraded":1,"path_taken":["M","?","?","?","?","E","R","M","T","M","$","R","M","M","R","BOSS","M","$","?","?","M","R","M","R","T","E","?","?","?","M","R","BOSS","M","$","?","?","M","R","M","R","T","R","M","?","?"],"build_version":"2018-01-25-PROD3","purchased_purges":0,"victory":false,"master_deck":["Defend_G","Defend_G","Defend_G","Defend_G","Defend_G","Strike_G","Strike_G","Strike_G","Strike_G","Strike_G","Survivor","Neutralize","Heel Hook","Noxious Fumes+1","Backstab","Blur","Dodge and Roll","Poisoned Stab","Riddle With Holes","Sucker Punch","Terror","Dagger Spray","Venomology","Leg Sweep","Finesse","Footwork","Noxious Fumes+1","Backflip","Finisher+1","Backstab+1","Adrenaline","Sucker Punch+1","Envenom","Deflect+1","Infinite Blades","Madness","Flying Knee+1","Infinite Blades+1","Deflect","Writhe","Poisoned Stab+1","Deflect+1"],"max_hp_per_floor":[70,70,70,70,70,70,70,70,80,80,80,80,80,80,80,80,80,80,80,80,80,80,80,80,80,80,80,80,80,85,85,85,85,85,85,85,85,85,85,85,85,85,85,85,85,85],"relics":["Philosopher\u0027s Stone","Bird Faced Urn","Pear","Lizard Tail","Oddly Smooth Stone","Vajra","Cursed Key","Medical Kit","Frozen Eye"],"card_choices":[{"not_picked":["Prepared","Backflip"],"picked":"Heel Hook"},{"not_picked":["Blur","Deadly Poison"],"picked":"Noxious Fumes"},{"not_picked":["Flying Knee","Deflect"],"picked":"Backstab"},{"not_picked":["Backflip","Quick Slash"],"picked":"Blur"},{"not_picked":["Deadly Poison","Sucker Punch"],"picked":"Dodge and Roll"},{"not_picked":["Acrobatics","Escape Plan"],"picked":"Poisoned Stab"},{"not_picked":["Riddle With Holes","Backstab"],"picked":"Terror"},{"not_picked":["Slice","Prepared"],"picked":"Dagger Spray"},{"not_picked":["Wraith Form","Bullet Time"],"picked":"Venomology"},{"not_picked":["Malaise","Outmaneuver"],"picked":"Leg Sweep"},{"not_picked":["Malaise","Prepared"],"picked":"Backflip"},{"not_picked":["Malaise","Poisoned Stab"],"picked":"Finisher"},{"not_picked":["Endless Agony","Backflip"],"picked":"Backstab"},{"not_picked":["Deadly Poison","Prepared"],"picked":"Adrenaline"},{"not_picked":["Backflip","Finisher"],"picked":"Sucker Punch"},{"not_picked":["Venomology","Phantasmal Killer"],"picked":"Envenom"},{"not_picked":["Slice","Dagger Spray"],"picked":"Deflect"},{"not_picked":["Deadly Poison","Backflip"],"picked":"Flying Knee"},{"not_picked":["Dagger Throw","PiercingWail"],"picked":"Infinite Blades"},{"not_picked":["Bouncing Flask","Slice"],"picked":"Deflect"},{"not_picked":["Backstab","Dodge and Roll"],"picked":"Poisoned Stab"},{"not_picked":["Phantasmal Killer","Caltrops"],"picked":"Deflect"}],"player_experience":24192,"potions_floor_usage":[6,10,16,18,21,22,22,27,27,27,27,33,33,35,37,37,39,39,41,45,45,46],"damage_taken":[{"damage":1,"enemies":"Blue Slaver","floor":1,"turns":6},{"damage":0,"enemies":"2 Louse","floor":2,"turns":3},{"damage":0,"enemies":"Jaw Worm","floor":4,"turns":4},{"damage":41,"enemies":"3 Sentries","floor":6,"turns":7},{"damage":2,"enemies":"Exordium Thugs","floor":8,"turns":5},{"damage":0,"enemies":"Lots of Slimes","floor":10,"turns":6},{"damage":2,"enemies":"2 Fungi Beasts","floor":13,"turns":3},{"damage":6,"enemies":"3 Louse","floor":14,"turns":3},{"damage":69,"enemies":"Hexaghost","floor":16,"turns":11},{"damage":27,"enemies":"2 Thieves","floor":18,"turns":4},{"damage":14,"enemies":"Spheric Guardian","floor":21,"turns":6},{"damage":32,"enemies":"Chosen and Byrds","floor":22,"turns":8},{"damage":14,"enemies":"Snecko","floor":24,"turns":6},{"damage":15,"enemies":"Slavers","floor":27,"turns":6},{"damage":26,"enemies":"Snake Plant","floor":31,"turns":6},{"damage":15,"enemies":"Champ","floor":33,"turns":10},{"damage":12,"enemies":"Orb Walker","floor":35,"turns":2},{"damage":46,"enemies":"3 Shapes","floor":37,"turns":6},{"damage":45,"enemies":"Sphere and 2 Shapes","floor":39,"turns":6},{"damage":56,"enemies":"3 Darklings","floor":41,"turns":5},{"damage":26,"enemies":"Maw","floor":45,"turns":7},{"damage":29,"enemies":"Sphere and 2 Shapes","floor":46,"turns":8},{"damage":51,"enemies":"4 Shapes","floor":47,"turns":4}],"event_choices":[{"event_name":"Golden Wing","player_choice":"Ignored","floor":3,"damage_taken":0},{"event_name":"The Cleric","player_choice":"Leave","floor":5,"damage_taken":0},{"event_name":"Duplicator","player_choice":"One dupe","floor":20,"damage_taken":0},{"event_name":"Drug Dealer","player_choice":"Ignored","floor":28,"damage_taken":0},{"event_name":"Golden Shrine","player_choice":"Pray","floor":29,"damage_taken":0},{"event_name":"Forgotten Altar","player_choice":"Shed Blood","floor":30,"damage_taken":0},{"event_name":"Purifier","player_choice":"Skipped","floor":38,"damage_taken":0}],"boss_relics":[{"not_picked":["Question Card","Astrolabe"],"picked":"Lizard Tail"},{"not_picked":["Runic Dome","Sozu"],"picked":"Cursed Key"}],"potions_floor_spawned":[2,4,8,22,24,27,33,39,45],"seed_played":"-8312897641629125319","killed_by":"4 Shapes","ascension_level":0,"is_trial":false}