{"gold_per_floor":[114,132,34,48,63,63,93,93,93,126,140,140,172,190,190,266,266,253,7,7,7,7,7,40,52,107,107,125,125,125,125,125,202,202,216,216,226,226,226,226,226,226,226,246,271,70,85,85,85,85],"floor_reached":50,"playtime":2515,"items_purged":["Strike_R","Defend_R"],"score":810,"play_id":"ae00277f-7ac3-4eb6-96aa-e64c27d4a04e","local_time":"20190505105813","is_ascension_mode":true,"campfire_choices":[{"data":"Rage","floor":6,"key":"SMITH"},{"data":"Whirlwind","floor":8,"key":"SMITH"},{"data":"Rampage","floor":15,"key":"SMITH"},{"floor":23,"key":"REST"},{"floor":27,"key":"REST"},{"floor":29,"key":"REST"},{"data":"Bash","floor":32,"key":"SMITH"},{"floor":40,"key":"REST"},{"data":"Defend_R","floor":42,"key":"SMITH"},{"floor":49,"key":"REST"}],"neow_cost":"NONE","seed_source_timestamp":1453483169542335,"circlet_count":0,"master_deck":["AscendersBane","Strike_R","Strike_R","Strike_R","Defend_R+1","Bash+1","Thunderclap","Reckless Charge","Cleave","Rage+1","Whirlwind+1","Rampage+1","Inflame","Warcry+1","Shrug It Off+1","Warcry+1","Barricade+1","True Grit+1","Uppercut+1","Intimidate+1","Double Tap+1","True Grit+1","Exhume+1","Apotheosis+1","Feel No Pain","Evolve"],"relics":["Burning Blood","Art of War","Ancient Tea Set","Anchor","Toxic Egg 2","Strawberry","Mark of Pain","Juzu Bracelet","Potion Belt","Lantern","Empty Cage","The Courier","War Paint","Pear"],"potions_floor_usage":[2,7,14,16,18,33,50,50,50],"damage_taken":[{"damage":1,"enemies":"Cultist","floor":1,"turns":3},{"damage":2,"enemies":"Jaw Worm","floor":2,"turns":4},{"damage":0,"enemies":"Small Slimes","floor":4,"turns":3},{"damage":6,"enemies":"Looter","floor":5,"turns":3},{"damage":27,"enemies":"Lagavulin","floor":7,"turns":7},{"damage":27,"enemies":"Gremlin Nob","floor":10,"turns":4},{"damage":0,"enemies":"2 Fungi Beasts","floor":11,"turns":1},{"damage":10,"enemies":"Lagavulin","floor":13,"turns":6},{"damage":0,"enemies":"Large Slime","floor":14,"turns":5},{"damage":42,"enemies":"Hexaghost","floor":16,"turns":9},{"damage":5,"enemies":"2 Thieves","floor":18,"turns":4},{"damage":30,"enemies":"Colosseum Slavers","floor":21,"turns":3},{"damage":36,"enemies":"Gremlin Leader","floor":24,"turns":8},{"damage":30,"enemies":"Spheric Guardian","floor":25,"turns":6},{"damage":28,"enemies":"Shelled Parasite and Fungi","floor":28,"turns":6},{"damage":58,"enemies":"Automaton","floor":33,"turns":12},{"damage":5,"enemies":"Orb Walker","floor":35,"turns":4},{"damage":24,"enemies":"3 Darklings","floor":37,"turns":7},{"damage":63,"enemies":"Writhing Mass","floor":44,"turns":7},{"damage":0,"enemies":"Maw","floor":47,"turns":8},{"damage":71,"enemies":"Awakened One","floor":50,"turns":5}],"seed_played":"3850181647855469923","potions_obtained":[{"floor":1,"key":"Weak Potion"},{"floor":4,"key":"Poison Potion"},{"floor":13,"key":"Poison Potion"},{"floor":14,"key":"FearPotion"},{"floor":16,"key":"SkillPotion"},{"floor":28,"key":"AttackPotion"},{"floor":33,"key":"SpeedPotion"},{"floor":37,"key":"Poison Potion"},{"floor":44,"key":"SteroidPotion"}],"is_trial":false,"path_per_floor":["M","M","$","M","M","R","E","R","T","E","M","?","E","M","R","B",null,"M","$","?","?","?","R","E","M","T","R","M","R","?","?","R","B",null,"M","?","M","?","?","R","?","R","T","M","T","$","M","?","R","B"],"character_chosen":"IRONCLAD","items_purchased":["Cleave","Juzu Bracelet","Pear"],"campfire_rested":5,"item_purchase_floors":[3,19,46],"current_hp_per_floor":[77,80,80,80,80,80,59,59,59,38,44,80,83,87,87,51,78,79,79,62,38,38,65,35,11,11,38,16,43,73,73,73,21,74,75,75,57,48,48,75,75,75,75,18,18,28,34,34,63,0],"gold":85,"neow_bonus":"RANDOM_COMMON_RELIC","is_prod":false,"is_daily":false,"chose_seed":false,"campfire_upgraded":5,"win_rate":0,"timestamp":1557064693,"path_taken":["M","M","?","M","M","R","E","R","T","E","M","?","E","M","R","BOSS","M","$","?","?","?","R","E","M","T","R","M","R","?","?","R","BOSS","M","?","M","?","?","R","?","R","T","M","?","$","M","?","R","BOSS"],"build_version":"2019-01-23","purchased_purges":2,"victory":false,"max_hp_per_floor":[80,80,80,80,80,80,80,80,80,80,80,80,87,87,87,87,87,87,87,92,92,92,92,92,92,92,92,92,92,92,92,92,92,92,92,92,92,92,92,92,92,92,92,92,92,102,102,97,97,97],"card_choices":[{"not_picked":["Burning Pact","Second Wind"],"picked":"Thunderclap","floor":1},{"not_picked":["Thunderclap","Flex"],"picked":"Reckless Charge","floor":2},{"not_picked":["Flex","Sever Soul"],"picked":"Rage","floor":4},{"not_picked":["Wild Strike","Rampage"],"picked":"Whirlwind","floor":5},{"not_picked":["Whirlwind","Searing Blow"],"picked":"Rampage","floor":7},{"not_picked":["Dark Embrace","Dual Wield"],"picked":"Inflame","floor":10},{"not_picked":["Searing Blow","Clash"],"picked":"Warcry+1","floor":11},{"not_picked":["Warcry+1","Second Wind+1"],"picked":"Shrug It Off+1","floor":13},{"not_picked":["Body Slam","Combust"],"picked":"Warcry+1","floor":14},{"not_picked":["Juggernaut","Bludgeon"],"picked":"Barricade","floor":16},{"not_picked":["Warcry+1","Reckless Charge"],"picked":"True Grit+1","floor":18},{"not_picked":["Clothesline","Perfected Strike","Heavy Blade"],"picked":"SKIP","floor":24},{"not_picked":["Pummel","Body Slam"],"picked":"Uppercut+1","floor":25},{"not_picked":["Corruption","Thunderclap"],"picked":"Intimidate+1","floor":28},{"not_picked":["Feed","Fiend Fire"],"picked":"Double Tap+1","floor":33},{"not_picked":["Shrug It Off+1","Pommel Strike"],"picked":"True Grit+1","floor":35},{"not_picked":["Flex+1","True Grit+1"],"picked":"Exhume+1","floor":37},{"not_picked":["Impatience+1","Finesse+1"],"picked":"Apotheosis+1","floor":41},{"not_picked":["Warcry+1","Corruption"],"picked":"Feel No Pain","floor":44},{"not_picked":["Heavy Blade","Headbutt"],"picked":"Evolve","floor":47}],"player_experience":695164,"relics_obtained":[{"floor":7,"key":"Ancient Tea Set"},{"floor":9,"key":"Anchor"},{"floor":10,"key":"Toxic Egg 2"},{"floor":13,"key":"Strawberry"},{"floor":24,"key":"Potion Belt"},{"floor":26,"key":"Lantern"},{"floor":43,"key":"The Courier"},{"floor":45,"key":"War Paint"}],"event_choices":[{"damage_healed":36,"gold_gain":0,"player_choice":"Full Heal","damage_taken":0,"max_hp_gain":0,"max_hp_loss":0,"event_name":"Wheel of Change","floor":12,"gold_loss":0},{"damage_healed":0,"gold_gain":0,"player_choice":"Shed Blood","damage_taken":22,"max_hp_gain":5,"max_hp_loss":0,"event_name":"Forgotten Altar","floor":20,"gold_loss":0},{"damage_healed":0,"gold_gain":0,"player_choice":"Fight","damage_taken":0,"max_hp_gain":0,"max_hp_loss":0,"event_name":"Colosseum","floor":21,"gold_loss":0},{"damage_healed":0,"gold_gain":0,"player_choice":"Fled From Nobs","damage_taken":0,"max_hp_gain":0,"max_hp_loss":0,"event_name":"Colosseum","floor":21,"gold_loss":0},{"damage_healed":0,"gold_gain":0,"player_choice":"Forge","damage_taken":0,"max_hp_gain":0,"max_hp_loss":0,"event_name":"Accursed Blacksmith","floor":22,"gold_loss":0,"cards_upgraded":["Barricade"]},{"damage_healed":30,"gold_gain":0,"player_choice":"Heal","damage_taken":0,"max_hp_gain":0,"max_hp_loss":0,"event_name":"The Library","floor":30,"gold_loss":0},{"damage_healed":0,"gold_gain":0,"player_choice":"Ignored","damage_taken":0,"max_hp_gain":0,"max_hp_loss":0,"event_name":"Ghosts","floor":31,"gold_loss":0},{"cards_removed":["Defend_R"],"damage_healed":0,"gold_gain":0,"player_choice":"Removed Skill","damage_taken":0,"max_hp_gain":0,"max_hp_loss":0,"event_name":"Falling","floor":36,"gold_loss":0},{"damage_healed":0,"gold_gain":0,"player_choice":"Damaged","damage_taken":9,"max_hp_gain":0,"max_hp_loss":0,"event_name":"Wheel of Change","floor":38,"gold_loss":0},{"damage_healed":0,"gold_gain":0,"player_choice":"Ignored","damage_taken":0,"max_hp_gain":0,"max_hp_loss":0,"event_name":"Mysterious Sphere","floor":39,"gold_loss":0},{"damage_healed":0,"gold_gain":0,"player_choice":"Memory 1","damage_taken":0,"max_hp_gain":0,"max_hp_loss":0,"event_name":"SensoryStone","floor":41,"gold_loss":0},{"damage_healed":0,"gold_gain":0,"player_choice":"Max HP","damage_taken":0,"max_hp_gain":0,"max_hp_loss":5,"event_name":"Winding Halls","floor":48,"gold_loss":0}],"is_beta":false,"boss_relics":[{"not_picked":["Runic Dome","Astrolabe"],"picked":"Mark of Pain"},{"not_picked":["Lizard Tail","Runic Pyramid"],"picked":"Empty Cage"}],"items_purged_floors":[3,19],"is_endless":false,"potions_floor_spawned":[1,4,13,14,16,21,28,33,37,44],"killed_by":"Awakened One","ascension_level":13}