{"path_per_floor":["M","M","?","M","?","R","E","M","T","R","?","M","M","M","R","B",null,"M","M","M","?","M","R"],"character_chosen":"IRONCLAD","items_purchased":[],"gold_per_floor":[114,131,131,149,149,149,180,197,265,265,285,295,309,329,329,429,429,439,450,467,467,480,480],"floor_reached":24,"campfire_rested":2,"playtime":3354,"current_hp_per_floor":[71,72,58,61,72,72,59,59,59,59,57,51,53,55,72,55,72,66,71,34,34,47,68],"items_purged":[],"gold":480,"score":202,"play_id":"aafb87c5-12a0-475c-8b33-166a1318b738","is_prod":false,"is_daily":false,"is_ascension_mode":false,"campfire_upgraded":0,"path_taken":["M","M","?","M","?","R","E","M","T","R","?","M","M","M","R","BOSS","M","M","M","?","M","R","E"],"build_version":"2018-02-12-PROD1","purchased_purges":0,"victory":false,"master_deck":["Strike_R","Strike_R+1","Strike_R","Strike_R","Strike_R","Defend_R","Defend_R","Defend_R+1","Defend_R","Bash","Metallicize","Disarm","Double Tap","Blood for Blood","Clothesline","Intimidate","Metallicize","Headbutt","Immolate","Anger","Thunderclap","Rupture","Normality","Bloodletting"],"max_hp_per_floor":[72,72,72,72,72,72,72,72,72,72,72,72,72,72,72,72,72,72,72,72,72,72,72],"relics":["Burning Blood","Shovel","Bag of Preparation","Lantern","Kunai","Frozen Eye","Odd Mushroom","Lizard Tail","Letter Opener"],"card_choices":[{"not_picked":["Twin Strike","Sword Boomerang"],"picked":"Metallicize"},{"not_picked":["Anger","Wild Strike"],"picked":"Disarm"},{"not_picked":["Wild Strike","Flex"],"picked":"Dual Wield"},{"not_picked":["Disarm","Bloodletting"],"picked":"Double Tap"},{"not_picked":["Rage","Fire Breathing"],"picked":"Blood for Blood"},{"not_picked":["Flex","Bloodletting"],"picked":"Clothesline"},{"not_picked":["Metallicize","Perfected Strike"],"picked":"Intimidate"},{"not_picked":["Burning Pact","Disarm"],"picked":"Metallicize"},{"not_picked":["Heavy Blade","Perfected Strike"],"picked":"Headbutt"},{"not_picked":["Reaper","Offering"],"picked":"Immolate"},{"not_picked":["Spot Weakness","Warcry"],"picked":"Anger"},{"not_picked":["Pommel Strike","Headbutt"],"picked":"Thunderclap"},{"not_picked":["Shrug It Off","Body Slam"],"picked":"Rupture"},{"not_picked":["Headbutt","Thunderclap"],"picked":"Bloodletting"}],"player_experience":60895,"potions_floor_usage":[],"damage_taken":[{"damage":7.0,"enemies":"Cultist","floor":1.0,"turns":5.0},{"damage":2.0,"enemies":"Jaw Worm","floor":2.0,"turns":6.0},{"damage":3.0,"enemies":"2 Louse","floor":4.0,"turns":3.0},{"damage":19.0,"enemies":"3 Sentries","floor":7.0,"turns":9.0},{"damage":6.0,"enemies":"Large Slime","floor":8.0,"turns":7.0},{"damage":8.0,"enemies":"The Mushroom Lair","floor":11.0,"turns":6.0},{"damage":12.0,"enemies":"Lots of Slimes","floor":12.0,"turns":7.0},{"damage":4.0,"enemies":"Gremlin Gang","floor":13.0,"turns":6.0},{"damage":4.0,"enemies":"Large Slime","floor":14.0,"turns":8.0},{"damage":23.0,"enemies":"The Guardian","floor":16.0,"turns":18.0},{"damage":12.0,"enemies":"Chosen","floor":18.0,"turns":8.0},{"damage":1.0,"enemies":"3 Byrds","floor":19.0,"turns":7.0},{"damage":43.0,"enemies":"Centurion and Healer","floor":20.0,"turns":10.0},{"damage":50.0,"enemies":"Slaver and Parasite","floor":22.0,"turns":9.0},{"damage":75,"enemies":"Gremlin Leader","floor":24,"turns":6}],"event_choices":[{"event_name":"Shining Light","player_choice":"Entered Light","floor":3.0,"damage_taken":0.0},{"event_name":"Bonfire Elementals","player_choice":"UNCOMMON","floor":5.0,"damage_taken":0.0},{"event_name":"Mushrooms","player_choice":"Fought Mushrooms","floor":11.0,"damage_taken":0.0},{"event_name":"Accursed Blacksmith","player_choice":"Rummage","floor":21.0,"damage_taken":0.0}],"boss_relics":[],"potions_floor_spawned":[2,4,7,16,20],"seed_played":"-5469715557635701003","killed_by":"Gremlin Leader","ascension_level":0,"is_trial":false}