{"gold_per_floor":[118,129,129,148,73,107,20,37,114,114,145,145,145,183,183,183],"floor_reached":16,"playtime":638,"items_purged":["Pain"],"score":236,"play_id":"717a9ed3-902b-4ea5-b458-fccb101226e3","local_time":"20190202213720","is_ascension_mode":true,"campfire_choices":[{"data":"Hemokinesis","floor":10,"key":"SMITH"},{"data":"Feel No Pain","floor":12,"key":"SMITH"},{"data":"Havoc","floor":15,"key":"SMITH"}],"neow_cost":"NONE","seed_source_timestamp":33766358978848,"circlet_count":0,"master_deck":["AscendersBane","Strike_R","Strike_R","Strike_R","Strike_R","Strike_R","Defend_R","Defend_R","Defend_R","Defend_R","Bash+1","Hemokinesis+1","Rampage","Armaments","Shrug It Off","Feel No Pain+1","Havoc+1","Evolve"],"relics":["Burning Blood","WarpedTongs","Dead Branch","Ancient Tea Set","Golden Idol","Gremlin Horn"],"potions_floor_usage":[11,11,16],"damage_taken":[{"damage":9,"enemies":"Jaw Worm","floor":1,"turns":3},{"damage":7,"enemies":"Cultist","floor":2,"turns":5},{"damage":5,"enemies":"Small Slimes","floor":4,"turns":2},{"damage":23,"enemies":"Lagavulin","floor":6,"turns":6},{"damage":11,"enemies":"Blue Slaver","floor":8,"turns":3},{"damage":10,"enemies":"Gremlin Nob","floor":11,"turns":3},{"damage":2,"enemies":"3 Sentries","floor":14,"turns":7},{"damage":46,"enemies":"Hexaghost","floor":16,"turns":9}],"seed_played":"6927190341171661752","potions_obtained":[{"floor":1,"key":"Explosive Potion"},{"floor":2,"key":"FearPotion"},{"floor":6,"key":"Fire Potion"},{"floor":11,"key":"EssenceOfSteel"}],"is_trial":false,"path_per_floor":["M","M","?","M","$","E","$","M","T","R","E","R","?","E","R","B"],"character_chosen":"IRONCLAD","items_purchased":["Feel No Pain"],"campfire_rested":0,"item_purchase_floors":[7],"current_hp_per_floor":[65,64,64,65,65,48,48,43,43,43,39,39,39,43,43,0],"gold":183,"neow_bonus":"UPGRADE_CARD","is_prod":false,"is_daily":false,"chose_seed":false,"campfire_upgraded":3,"win_rate":0,"timestamp":1549139840,"path_taken":["M","M","?","?","?","E","$","M","T","R","E","R","?","E","R","BOSS"],"build_version":"2019-01-23","purchased_purges":1,"victory":false,"max_hp_per_floor":[75,75,75,75,75,75,75,75,75,75,75,75,68,68,68,68],"card_choices":[{"not_picked":["True Grit","Pommel Strike"],"picked":"Hemokinesis","floor":1},{"not_picked":["Cleave","Anger"],"picked":"Rampage","floor":2},{"not_picked":["Infernal Blade","Thunderclap"],"picked":"Armaments","floor":4},{"not_picked":["Sword Boomerang","Bloodletting"],"picked":"Shrug It Off","floor":6},{"not_picked":["Body Slam","Carnage","Rampage"],"picked":"SKIP","floor":8},{"not_picked":["Wild Strike","Armaments"],"picked":"Havoc","floor":11},{"not_picked":["Heavy Blade","Pommel Strike"],"picked":"Evolve","floor":14}],"player_experience":842861,"relics_obtained":[{"floor":6,"key":"Dead Branch"},{"floor":11,"key":"Ancient Tea Set"},{"floor":14,"key":"Gremlin Horn"}],"event_choices":[{"damage_healed":0,"gold_gain":0,"player_choice":"Rummage","damage_taken":0,"relics_obtained":["WarpedTongs"],"max_hp_gain":0,"max_hp_loss":0,"event_name":"Accursed Blacksmith","floor":3,"gold_loss":0,"cards_obtained":["Pain"]},{"damage_healed":0,"gold_gain":0,"player_choice":"Lose Max HP","damage_taken":0,"relics_obtained":["Golden Idol"],"max_hp_gain":0,"max_hp_loss":7,"event_name":"Golden Idol","floor":13,"gold_loss":0}],"is_beta":false,"boss_relics":[],"items_purged_floors":[5],"is_endless":false,"potions_floor_spawned":[1,2,6,11],"killed_by":"Hexaghost","ascension_level":20}