{"gold_per_floor":[116,166,184,11,28,53,53,78,105,115,150,150,166,199,199,278,278,294,3,3,3,3,3,63,78,160,160,65,65,65],"floor_reached":30,"playtime":1592,"items_purged":["Strike_B","Shame"],"score":598,"play_id":"955174d4-dec4-466d-a623-61bbf2d9bf0a","local_time":"20190113165156","is_ascension_mode":true,"campfire_choices":[{"data":"Beam Cell","floor":7.0,"key":"SMITH"},{"floor":12.0,"key":"REST"},{"floor":15.0,"key":"REST"},{"floor":23,"key":"REST"},{"floor":27,"key":"RECALL"}],"neow_cost":"NONE","seed_source_timestamp":12846319985158,"circlet_count":0,"master_deck":["AscendersBane","Strike_B","Strike_B","Strike_B","Defend_B","Defend_B","Defend_B","Defend_B","Zap","Dualcast","Rip and Tear","Auto Shields","Beam Cell+1","Compile Driver","Cold Snap","Reinforced Body","Cold Snap","Conserve Battery","Doom and Gloom","Biased Cognition","Ball Lightning","Tempest+1","Panacea"],"special_seed":0,"relics":["Cracked Core","Orichalcum","Oddly Smooth Stone","Bronze Scales","Anchor","Dodecahedron","Fusion Hammer","Membership Card","Smiling Mask","Tiny Chest","Meat on the Bone"],"potions_floor_usage":[18,24,30,30],"damage_taken":[{"damage":2.0,"enemies":"Jaw Worm","floor":1.0,"turns":3.0},{"damage":1.0,"enemies":"Cultist","floor":3.0,"turns":3.0},{"damage":0.0,"enemies":"2 Louse","floor":5.0,"turns":3.0},{"damage":18.0,"enemies":"Lagavulin","floor":6.0,"turns":6.0},{"damage":20.0,"enemies":"Gremlin Nob","floor":8.0,"turns":4.0},{"damage":7.0,"enemies":"Exordium Wildlife","floor":10.0,"turns":3.0},{"damage":8.0,"enemies":"3 Sentries","floor":11.0,"turns":7.0},{"damage":0.0,"enemies":"2 Fungi Beasts","floor":13.0,"turns":2.0},{"damage":14.0,"enemies":"Lagavulin","floor":14.0,"turns":5.0},{"damage":11.0,"enemies":"Slime Boss","floor":16.0,"turns":7.0},{"damage":2,"enemies":"2 Thieves","floor":18,"turns":4},{"damage":0,"enemies":"Gremlin Leader","floor":24,"turns":7},{"damage":0,"enemies":"Spheric Guardian","floor":25,"turns":4},{"damage":18,"enemies":"Colosseum Slavers","floor":30,"turns":3},{"damage":89,"enemies":"Colosseum Nobs","floor":30,"turns":4}],"seed_played":"-6896894785701931123","potions_obtained":[{"floor":0.0,"key":"SteroidPotion"},{"floor":0.0,"key":"LiquidBronze"},{"floor":5.0,"key":"Regen Potion"},{"floor":6.0,"key":"SpeedPotion"},{"floor":10.0,"key":"Poison Potion"},{"floor":11.0,"key":"Poison Potion"},{"floor":16.0,"key":"AttackPotion"},{"floor":18,"key":"Energy Potion"},{"floor":24,"key":"Explosive Potion"}],"is_trial":false,"path_per_floor":["M","?","M","$","M","E","R","E","T","M","E","R","M","E","R","B",null,"M","$","?","?","$","R","E","M","T","R","$","?","?"],"character_chosen":"DEFECT","items_purchased":["Orichalcum","Membership Card","FocusPotion","Panacea"],"campfire_rested":3,"item_purchase_floors":[4,19,19,28],"current_hp_per_floor":[62,55,54,54,54,50,50,30,30,23,15,36,36,22,43,32,61,59,59,59,59,59,71,71,71,71,71,71,71,0],"gold":65,"neow_bonus":"THREE_SMALL_POTIONS","is_prod":false,"is_daily":false,"chose_seed":false,"campfire_upgraded":1,"win_rate":0,"timestamp":1547394716,"path_taken":["M","?","M","$","M","E","R","E","T","M","E","R","M","E","R","BOSS","M","$","?","?","?","R","E","M","T","R","$","?","?"],"build_version":"2019-01-10","purchased_purges":2,"victory":false,"max_hp_per_floor":[71,71,71,71,71,71,71,71,71,71,71,71,71,71,71,71,71,71,71,71,71,71,71,71,71,71,71,71,71,71],"card_choices":[{"not_picked":["Hello World","Beam Cell"],"picked":"Rip and Tear","floor":1.0},{"not_picked":["Tempest","Lockon"],"picked":"Auto Shields","floor":3.0},{"not_picked":["Redo","Skim"],"picked":"Beam Cell","floor":5.0},{"not_picked":["Fission","BootSequence"],"picked":"Compile Driver","floor":6.0},{"not_picked":["Recycle","Coolheaded"],"picked":"Cold Snap","floor":8.0},{"not_picked":["Compile Driver","Hologram"],"picked":"Reinforced Body","floor":10.0},{"not_picked":["Compile Driver","Loop"],"picked":"Cold Snap","floor":11.0},{"not_picked":["Compile Driver","Redo"],"picked":"Conserve Battery","floor":13.0},{"not_picked":["Multi-Cast","Amplify"],"picked":"Doom and Gloom","floor":14.0},{"not_picked":["Echo Form","Rainbow"],"picked":"Biased Cognition","floor":16.0},{"not_picked":["Redo","Aggregate+1"],"picked":"Ball Lightning","floor":18},{"not_picked":["Barrage","Doom and Gloom","Chaos"],"picked":"SKIP","floor":24},{"not_picked":["Lockon","Ball Lightning"],"picked":"Tempest+1","floor":25}],"player_experience":750999,"relics_obtained":[{"floor":6.0,"key":"Oddly Smooth Stone"},{"floor":8.0,"key":"Bronze Scales"},{"floor":11.0,"key":"Anchor"},{"floor":14.0,"key":"Dodecahedron"},{"floor":24,"key":"Tiny Chest"},{"floor":26,"key":"Meat on the Bone"}],"event_choices":[{"damage_healed":0.0,"max_hp_gain":0.0,"max_hp_loss":0.0,"gold_gain":50.0,"event_name":"FaceTrader","player_choice":"Touch","floor":2.0,"gold_loss":0.0,"damage_taken":7.0},{"damage_healed":0,"gold_gain":0,"player_choice":"Stole Relic","damage_taken":0,"relics_obtained":["Smiling Mask"],"max_hp_gain":0,"max_hp_loss":0,"event_name":"Addict","floor":20,"gold_loss":0,"cards_obtained":["Shame"]},{"damage_healed":0,"gold_gain":0,"player_choice":"Ignored","damage_taken":0,"max_hp_gain":0,"max_hp_loss":0,"event_name":"Ghosts","floor":21,"gold_loss":0},{"damage_healed":0,"gold_gain":0,"player_choice":"Ignored","damage_taken":0,"max_hp_gain":0,"max_hp_loss":0,"event_name":"Vampires","floor":29,"gold_loss":0},{"damage_healed":0,"gold_gain":0,"player_choice":"Fight","damage_taken":0,"max_hp_gain":0,"max_hp_loss":0,"event_name":"Colosseum","floor":30,"gold_loss":0},{"damage_healed":0,"gold_gain":0,"player_choice":"Fought Nobs","damage_taken":0,"max_hp_gain":0,"max_hp_loss":0,"event_name":"Colosseum","floor":30,"gold_loss":0}],"is_beta":false,"boss_relics":[{"not_picked":["Ectoplasm","Philosopher\u0027s Stone"],"picked":"Fusion Hammer"}],"items_purged_floors":[19,28],"is_endless":false,"potions_floor_spawned":[5,6,10,11,16,18,24],"killed_by":"Colosseum Nobs","ascension_level":20}