{"gold_per_floor":[119,119,135,152,116,116,147,247,292,267,283,283,213,241,241,344,344,357,51,62,6,24,54,54,88,169,186,200,200,214,232,232,334,334,352,368,368,368,378,378],"floor_reached":40,"playtime":3073,"items_purged":["Defend_G"],"score":506,"play_id":"fb1fc015-ab20-4aaf-976d-8c168c51d28a","local_time":"20190526153446","is_ascension_mode":true,"campfire_choices":[{"data":"Envenom","floor":6.0,"key":"SMITH"},{"floor":12.0,"key":"REST"},{"floor":15.0,"key":"REST"},{"floor":29.0,"key":"REST"},{"floor":32,"key":"REST"}],"neow_cost":"NONE","seed_source_timestamp":0,"circlet_count":0,"master_deck":["Strike_G","Strike_G","Strike_G","Strike_G","Strike_G","Survivor","Neutralize","Burst","PiercingWail","Distraction+1","All Out Attack","Envenom+1","Dash","Flying Knee","Backflip","PiercingWail","Noxious Fumes","Backflip","Corpse Explosion","PiercingWail+1","Crippling Poison","Footwork+1","Leg Sweep","Dagger Spray+1","Escape Plan","Poisoned Stab+1","Flying Knee+1","Poisoned Stab+1","Backflip+1","Cloak And Dagger+1","Chrysalis"],"special_seed":0,"relics":["Ring of the Snake","Smiling Mask","Art of War","Mercury Hourglass","Snecko Eye","Gremlin Horn","Molten Egg 2","Boot","Regal Pillow","Tiny Chest","Astrolabe"],"potions_floor_usage":[33,40],"damage_taken":[{"damage":6.0,"enemies":"Jaw Worm","floor":1.0,"turns":7.0},{"damage":8.0,"enemies":"Cultist","floor":3.0,"turns":6.0},{"damage":0.0,"enemies":"Small Slimes","floor":4.0,"turns":4.0},{"damage":32.0,"enemies":"Lagavulin","floor":7.0,"turns":10.0},{"damage":26.0,"enemies":"Exordium Thugs","floor":10.0,"turns":5.0},{"damage":6.0,"enemies":"Red Slaver","floor":11.0,"turns":7.0},{"damage":15.0,"enemies":"3 Sentries","floor":14.0,"turns":6.0},{"damage":16.0,"enemies":"Hexaghost","floor":16.0,"turns":14.0},{"damage":3.0,"enemies":"Spheric Guardian","floor":18.0,"turns":4.0},{"damage":5.0,"enemies":"2 Thieves","floor":20.0,"turns":3.0},{"damage":7.0,"enemies":"Sentry and Sphere","floor":22.0,"turns":5.0},{"damage":11.0,"enemies":"Gremlin Leader","floor":23.0,"turns":6.0},{"damage":37.0,"enemies":"Book of Stabbing","floor":25.0,"turns":8.0},{"damage":0.0,"enemies":"Cultist and Chosen","floor":27.0,"turns":7.0},{"damage":2.0,"enemies":"Snake Plant","floor":28.0,"turns":4.0},{"damage":0.0,"enemies":"3 Cultists","floor":30.0,"turns":3.0},{"damage":10.0,"enemies":"Snecko","floor":31.0,"turns":6.0},{"damage":53,"enemies":"Champ","floor":33,"turns":16},{"damage":21,"enemies":"3 Darklings","floor":35,"turns":6},{"damage":12,"enemies":"3 Shapes","floor":36,"turns":5},{"damage":32,"enemies":"Spire Growth","floor":39,"turns":6},{"damage":27,"enemies":"Giant Head","floor":40,"turns":5}],"seed_played":"-2338856099471736715","potions_obtained":[{"floor":1.0,"key":"SteroidPotion"},{"floor":7.0,"key":"FairyPotion"},{"floor":14.0,"key":"Poison Potion"},{"floor":16.0,"key":"Poison Potion"},{"floor":18.0,"key":"Block Potion"},{"floor":20.0,"key":"PowerPotion"},{"floor":25.0,"key":"LiquidBronze"},{"floor":27.0,"key":"Regen Potion"},{"floor":33,"key":"GhostInAJar"}],"is_trial":false,"path_per_floor":["M","?","M","M","$","R","E","?","T","M","M","R","$","E","R","B",null,"M","$","M","?","M","E","?","E","T","M","M","R","M","M","R","B",null,"M","M","?","?","M","E"],"character_chosen":"THE_SILENT","items_purchased":["Dash","Noxious Fumes","Gremlin Horn"],"campfire_rested":4,"item_purchase_floors":[5,13,19],"current_hp_per_floor":[64,64,56,56,56,56,24,24,24,7,1,22,22,7,28,12,70,67,67,62,62,55,44,44,7,7,7,5,41,41,31,67,14,70,49,37,37,37,5,0],"gold":378,"neow_bonus":"ONE_RANDOM_RARE_CARD","is_prod":false,"is_daily":false,"chose_seed":false,"campfire_upgraded":1,"win_rate":0,"timestamp":1558895686,"path_taken":["M","?","?","M","$","R","E","?","T","M","M","R","$","E","R","BOSS","M","$","M","?","?","E","?","E","T","?","M","R","M","M","R","BOSS","M","?","?","?","M","E"],"build_version":"2019-01-23","purchased_purges":1,"victory":false,"max_hp_per_floor":[70,70,70,70,70,70,70,70,70,70,70,70,70,70,70,70,70,70,70,70,70,70,70,70,70,70,70,70,70,70,70,70,70,70,70,70,70,70,70,70],"card_choices":[{"not_picked":["Caltrops","Quick Slash"],"picked":"PiercingWail","floor":1.0},{"not_picked":["Tactician","Underhanded Strike"],"picked":"All Out Attack","floor":3.0},{"not_picked":["Deflect","Dash"],"picked":"Envenom","floor":4.0},{"not_picked":["Dodge and Roll","Slice"],"picked":"Flying Knee","floor":7.0},{"not_picked":["Underhanded Strike","Prepared"],"picked":"Backflip","floor":10.0},{"not_picked":["Reflex","Sucker Punch"],"picked":"PiercingWail","floor":11.0},{"not_picked":["Deadly Poison","Prepared"],"picked":"Backflip","floor":14.0},{"not_picked":["Wraith Form v2","Phantasmal Killer"],"picked":"Corpse Explosion","floor":16.0},{"not_picked":["Bane","Heel Hook"],"picked":"PiercingWail+1","floor":18.0},{"not_picked":["Tactician","Backflip"],"picked":"Crippling Poison","floor":20.0},{"not_picked":["Bouncing Flask","Slice+1","Crippling Poison"],"picked":"SKIP","floor":22.0},{"not_picked":["Noxious Fumes","Bouncing Flask"],"picked":"Footwork+1","floor":23.0},{"not_picked":["Reflex","Bane+1","Cloak And Dagger"],"picked":"SKIP","floor":25.0},{"not_picked":["Poisoned Stab+1","PiercingWail"],"picked":"Leg Sweep","floor":27.0},{"not_picked":["Concentrate","Sucker Punch+1"],"picked":"Dagger Spray+1","floor":28.0},{"not_picked":["Acrobatics","Sucker Punch+1"],"picked":"Escape Plan","floor":30.0},{"not_picked":["PiercingWail+1","Bouncing Flask","Dodge and Roll+1"],"picked":"SKIP","floor":31.0},{"not_picked":["Die Die Die+1","Envenom"],"picked":"Night Terror","floor":33},{"not_picked":["PiercingWail+1","Skewer+1"],"picked":"Backflip+1","floor":35},{"not_picked":["Blade Dance","Riddle With Holes+1"],"picked":"Cloak And Dagger+1","floor":36},{"not_picked":["Mind Blast+1","Flash of Steel+1"],"picked":"Chrysalis","floor":38},{"not_picked":["Tactician+1","Poisoned Stab+1","Endless Agony+1"],"picked":"SKIP","floor":39}],"player_experience":786081,"relics_obtained":[{"floor":7.0,"key":"Smiling Mask"},{"floor":9.0,"key":"Art of War"},{"floor":14.0,"key":"Mercury Hourglass"},{"floor":23.0,"key":"Boot"},{"floor":25.0,"key":"Regal Pillow"},{"floor":26.0,"key":"Tiny Chest"}],"event_choices":[{"damage_healed":0.0,"max_hp_gain":0.0,"max_hp_loss":0.0,"gold_gain":0.0,"cards_transformed":["Defend_G"],"event_name":"Transmorgrifier","player_choice":"Transformed","floor":2.0,"gold_loss":0.0,"damage_taken":0.0,"cards_obtained":["Distraction"]},{"damage_healed":0.0,"max_hp_gain":0.0,"max_hp_loss":0.0,"gold_gain":100.0,"event_name":"Golden Shrine","player_choice":"Pray","floor":8.0,"gold_loss":0.0,"damage_taken":0.0},{"damage_healed":0.0,"max_hp_gain":0.0,"max_hp_loss":0.0,"gold_gain":0.0,"event_name":"WeMeetAgain","player_choice":"Paid Gold","floor":21.0,"gold_loss":56.0,"damage_taken":0.0,"relics_obtained":["Molten Egg 2"]},{"damage_healed":0.0,"max_hp_gain":0.0,"max_hp_loss":0.0,"gold_gain":0.0,"event_name":"Upgrade Shrine","player_choice":"Upgraded","floor":24.0,"gold_loss":0.0,"damage_taken":0.0,"cards_upgraded":["Distraction"]},{"cards_removed":["Night Terror"],"damage_healed":0,"gold_gain":0,"player_choice":"Removed Skill","damage_taken":0,"max_hp_gain":0,"max_hp_loss":0,"event_name":"Falling","floor":37,"gold_loss":0},{"damage_healed":0,"gold_gain":0,"player_choice":"Memory 1","damage_taken":0,"max_hp_gain":0,"max_hp_loss":0,"event_name":"SensoryStone","floor":38,"gold_loss":0}],"is_beta":false,"boss_relics":[{"not_picked":["Eternal Feather","Ring of the Serpent"],"picked":"Snecko Eye"},{"not_picked":["Runic Pyramid","Orrery"],"picked":"Astrolabe"}],"items_purged_floors":[19],"is_endless":false,"potions_floor_spawned":[1,7,14,16,18,20,25,27,33,35],"killed_by":"Giant Head","ascension_level":3}