{"gold_per_floor":[12,12,23,41,60,60,41,70,142,157,192,208,218,235,235,333,383,396,496,161,176,27,42,42,42,94,155,155,155,135,167,167,167],"floor_reached":33,"playtime":2305,"items_purged":[],"score":486,"play_id":"7f74e23e-33fb-4d1c-a195-880c9bab8f94","local_time":"20190611204521","is_ascension_mode":true,"campfire_choices":[{"data":"Neutralize","floor":6,"key":"SMITH"},{"floor":15,"key":"REST"},{"floor":24,"key":"REST"},{"floor":29,"key":"REST"},{"data":"After Image","floor":32,"key":"SMITH"}],"neow_cost":"NO_GOLD","seed_source_timestamp":2118985411679871,"circlet_count":0,"master_deck":["AscendersBane","Defend_G+1","Defend_G+1","Defend_G+1","Defend_G+1","Defend_G+1","Strike_G+1","Strike_G+1","Strike_G+1","Strike_G+1","Survivor","Neutralize+1","Dagger Spray","Noxious Fumes","Poisoned Stab","Heel Hook","Leg Sweep","Quick Slash+1","Riddle With Holes+1","Die Die Die+1","After Image+1","Predator+1","Bandage Up","Crippling Poison+1","Prepared+1","Escape Plan+1","Caltrops"],"relics":["Ring of the Snake","Turnip","Juzu Bracelet","Molten Egg 2","FossilizedHelix","Tiny House","Bird Faced Urn","Bottled Flame","Kunai","PreservedInsect","Tiny Chest","Blood Vial"],"potions_floor_usage":[10,16,16,19,19,19,19,19,19,21,31],"damage_taken":[{"damage":1,"enemies":"Small Slimes","floor":1,"turns":6},{"damage":0,"enemies":"2 Louse","floor":3,"turns":2},{"damage":1,"enemies":"Cultist","floor":4,"turns":4},{"damage":1,"enemies":"Looter","floor":5,"turns":4},{"damage":3,"enemies":"Exordium Thugs","floor":7,"turns":5},{"damage":24,"enemies":"Gremlin Nob","floor":8,"turns":5},{"damage":1,"enemies":"3 Louse","floor":10,"turns":3},{"damage":27,"enemies":"3 Sentries","floor":11,"turns":7},{"damage":1,"enemies":"Looter","floor":12,"turns":4},{"damage":0,"enemies":"Exordium Wildlife","floor":13,"turns":3},{"damage":0,"enemies":"2 Fungi Beasts","floor":14,"turns":3},{"damage":3,"enemies":"Slime Boss","floor":16,"turns":10},{"damage":11,"enemies":"Chosen","floor":18,"turns":5},{"damage":21,"enemies":"Colosseum Slavers","floor":19,"turns":7},{"damage":20,"enemies":"Colosseum Nobs","floor":19,"turns":5},{"damage":0,"enemies":"Spheric Guardian","floor":21,"turns":7},{"damage":6,"enemies":"Cultist and Chosen","floor":23,"turns":8},{"damage":16,"enemies":"Book of Stabbing","floor":27,"turns":6},{"damage":0,"enemies":"Slavers","floor":31,"turns":5},{"damage":115,"enemies":"Champ","floor":33,"turns":18}],"seed_played":"-1339395914093166692","potions_obtained":[{"floor":3,"key":"LiquidBronze"},{"floor":7,"key":"Explosive Potion"},{"floor":11,"key":"Explosive Potion"},{"floor":12,"key":"Block Potion"},{"floor":16,"key":"Weak Potion"},{"floor":17,"key":"EntropicBrew"},{"floor":19,"key":"GamblersBrew"},{"floor":21,"key":"FairyPotion"},{"floor":23,"key":"Ancient Potion"},{"floor":30,"key":"AttackPotion"},{"floor":31,"key":"LiquidBronze"}],"is_trial":false,"path_per_floor":["M","?","M","M","M","R","M","E","T","M","E","M","M","M","R","B",null,"M","?","$","M","$","M","R","?","T","E","?","R","?","E","R","B"],"character_chosen":"THE_SILENT","items_purchased":["Kunai","Bandage Up","PreservedInsect"],"campfire_rested":3,"item_purchase_floors":[20,20,22],"current_hp_per_floor":[62,62,62,61,60,60,57,33,33,32,5,4,4,4,25,22,63,52,11,11,19,19,21,43,43,43,33,33,55,55,61,61,0],"gold":167,"neow_bonus":"ONE_RARE_RELIC","is_prod":false,"is_daily":false,"chose_seed":false,"campfire_upgraded":2,"win_rate":0,"timestamp":1560296721,"path_taken":["M","?","M","M","M","R","M","E","T","M","E","M","M","M","R","BOSS","M","?","$","M","$","M","R","?","T","E","?","R","?","E","R","BOSS"],"build_version":"2019-01-23","purchased_purges":0,"victory":false,"max_hp_per_floor":[70,70,70,70,70,70,70,70,70,70,70,70,70,70,70,70,75,75,75,75,75,75,75,75,75,75,75,75,75,75,75,75,75],"card_choices":[{"not_picked":["Backflip","Underhanded Strike"],"picked":"Dagger Spray","floor":1},{"not_picked":["Underhanded Strike","Sucker Punch"],"picked":"Noxious Fumes","floor":3},{"not_picked":["Heel Hook","Quick Slash","Flechettes"],"picked":"SKIP","floor":4},{"not_picked":["Deadly Poison","Cloak And Dagger"],"picked":"Poisoned Stab","floor":5},{"not_picked":["Deflect","Slice","Backflip"],"picked":"SKIP","floor":7},{"not_picked":["Wraith Form v2","Concentrate"],"picked":"Heel Hook","floor":8},{"not_picked":["Prepared","Acrobatics"],"picked":"Leg Sweep","floor":10},{"not_picked":["Prepared","Deflect","Cloak And Dagger"],"picked":"SKIP","floor":11},{"not_picked":["Prepared","Slice+1"],"picked":"Quick Slash+1","floor":12},{"not_picked":["Quick Slash+1","Flying Knee+1"],"picked":"Riddle With Holes+1","floor":13},{"not_picked":["Expertise","Blade Dance"],"picked":"Die Die Die+1","floor":14},{"not_picked":["Wraith Form v2","Unload+1"],"picked":"After Image","floor":16},{"not_picked":["Tactician","Flechettes+1"],"picked":"Predator+1","floor":17},{"not_picked":["Dagger Throw+1","Riddle With Holes+1","Eviscerate+1"],"picked":"SKIP","floor":18},{"not_picked":["PiercingWail","Dagger Throw+1"],"picked":"Crippling Poison+1","floor":21},{"not_picked":["Acrobatics","Bouncing Flask"],"picked":"Prepared+1","floor":23},{"not_picked":["Dagger Spray+1","Distraction"],"picked":"Escape Plan+1","floor":27},{"not_picked":["Dash+1","Endless Agony+1"],"picked":"Caltrops","floor":31}],"player_experience":995493,"relics_obtained":[{"floor":8,"key":"Juzu Bracelet"},{"floor":9,"key":"Molten Egg 2"},{"floor":11,"key":"FossilizedHelix"},{"floor":19,"key":"Bird Faced Urn"},{"floor":19,"key":"Bottled Flame"},{"floor":27,"key":"Tiny Chest"},{"floor":31,"key":"Blood Vial"}],"event_choices":[{"damage_healed":0,"gold_gain":0,"player_choice":"Leave","damage_taken":0,"max_hp_gain":0,"max_hp_loss":0,"event_name":"The Cleric","floor":2,"gold_loss":0},{"damage_healed":0,"gold_gain":0,"player_choice":"Fight","damage_taken":0,"max_hp_gain":0,"max_hp_loss":0,"event_name":"Colosseum","floor":19,"gold_loss":0},{"damage_healed":0,"gold_gain":0,"player_choice":"Fought Nobs","damage_taken":0,"max_hp_gain":0,"max_hp_loss":0,"event_name":"Colosseum","floor":19,"gold_loss":0},{"cards_removed":["Strike_G"],"damage_healed":0,"gold_gain":0,"player_choice":"Purged","damage_taken":0,"max_hp_gain":0,"max_hp_loss":0,"event_name":"Purifier","floor":25,"gold_loss":0},{"damage_healed":0,"gold_gain":0,"player_choice":"Simplicity","damage_taken":0,"max_hp_gain":0,"max_hp_loss":0,"event_name":"Back to Basics","floor":28,"gold_loss":0,"cards_upgraded":["Defend_G","Defend_G","Defend_G","Defend_G","Defend_G","Strike_G","Strike_G","Strike_G"]},{"damage_healed":0,"gold_gain":0,"player_choice":"Bought 1 Potion","damage_taken":0,"max_hp_gain":0,"max_hp_loss":0,"event_name":"The Woman in Blue","floor":30,"gold_loss":0}],"is_beta":false,"boss_relics":[{"not_picked":["Velvet Choker","HoveringKite"],"picked":"Tiny House"}],"items_purged_floors":[],"is_endless":false,"potions_floor_spawned":[3,7,11,12,16,19,21,23,31],"killed_by":"Champ","ascension_level":10}