{"gold_per_floor":[109,128,128,128,128,162,112,112,139,182,182,205,130,169,169,264,264,285,204,204,219,237,271,286,302,376,376,401,401,436,290,290,290],"floor_reached":33,"playtime":1298,"items_purged":["Strike_R","Strike_R"],"score":624,"play_id":"4401c29a-369b-45fb-afca-0c2dd7375359","local_time":"20190506133625","is_ascension_mode":true,"campfire_choices":[{"data":"Bash","floor":8,"key":"SMITH"},{"floor":15,"key":"REST"},{"data":"Feel No Pain","floor":27,"key":"SMITH"},{"data":"Intimidate","floor":32,"key":"SMITH"}],"neow_cost":"NONE","seed_source_timestamp":1550592655763469,"circlet_count":0,"master_deck":["AscendersBane","Strike_R+1","Strike_R","Defend_R","Defend_R","Bash+1","Ghostly Armor+1","Power Through","Twin Strike+1","Reckless Charge+1","Bludgeon+1","Impervious","Intimidate+1","Feel No Pain+1","Reckless Charge+1","Battle Trance","Rampage+1","True Grit+1","Reckless Charge+1","Body Slam+1"],"relics":["Burning Blood","NeowsBlessing","Golden Idol","Molten Egg 2","Pen Nib","Self Forming Clay","Bag of Marbles","Coffee Dripper","Anchor","Sundial","Frozen Egg 2"],"potions_floor_usage":[6,10,14,22,28,30,33],"damage_taken":[{"damage":0,"enemies":"Small Slimes","floor":1,"turns":1},{"damage":0,"enemies":"Jaw Worm","floor":2,"turns":1},{"damage":0,"enemies":"Gremlin Nob","floor":6,"turns":1},{"damage":10,"enemies":"3 Sentries","floor":10,"turns":10},{"damage":0,"enemies":"2 Louse","floor":12,"turns":3},{"damage":0,"enemies":"Gremlin Nob","floor":14,"turns":3},{"damage":29,"enemies":"Hexaghost","floor":16,"turns":9},{"damage":0,"enemies":"Shell Parasite","floor":18,"turns":3},{"damage":0,"enemies":"Chosen","floor":21,"turns":3},{"damage":8,"enemies":"Sentry and Sphere","floor":22,"turns":4},{"damage":17,"enemies":"Slavers","floor":23,"turns":5},{"damage":17,"enemies":"Shelled Parasite and Fungi","floor":24,"turns":4},{"damage":0,"enemies":"Snake Plant","floor":25,"turns":1},{"damage":0,"enemies":"Cultist and Chosen","floor":28,"turns":6},{"damage":1,"enemies":"Colosseum Slavers","floor":29,"turns":3},{"damage":10,"enemies":"Book of Stabbing","floor":30,"turns":4},{"damage":72,"enemies":"Automaton","floor":33,"turns":6}],"seed_played":"-1951766887322731883","potions_obtained":[{"floor":1,"key":"Strength Potion"},{"floor":6,"key":"Swift Potion"},{"floor":12,"key":"AttackPotion"},{"floor":21,"key":"Swift Potion"},{"floor":23,"key":"Poison Potion"},{"floor":24,"key":"LiquidBronze"},{"floor":30,"key":"AttackPotion"}],"is_trial":false,"path_per_floor":["M","M","?","?","?","E","?","R","T","E","?","M","$","E","R","B",null,"M","$","?","M","M","E","M","M","T","R","M","?","E","$","R","B"],"character_chosen":"IRONCLAD","items_purchased":["Feel No Pain","Body Slam+1"],"campfire_rested":1,"item_purchase_floors":[19,31],"current_hp_per_floor":[78,80,80,60,53,59,59,59,59,55,39,45,45,51,75,52,73,79,79,79,80,78,67,56,62,62,62,68,73,69,69,69,0],"gold":290,"neow_bonus":"THREE_ENEMY_KILL","is_prod":false,"is_daily":false,"chose_seed":false,"campfire_upgraded":3,"win_rate":0,"timestamp":1557160585,"path_taken":["M","M","?","?","?","E","?","R","T","E","?","M","$","E","R","BOSS","M","$","?","M","?","E","?","M","T","R","?","?","E","?","R","BOSS"],"build_version":"2019-01-23","purchased_purges":2,"victory":false,"max_hp_per_floor":[80,80,80,80,80,80,80,80,80,80,80,80,80,80,80,80,80,80,80,80,80,80,80,80,80,80,80,80,80,80,80,80,80],"card_choices":[{"not_picked":["Havoc","Dual Wield"],"picked":"Ghostly Armor","floor":1},{"not_picked":["Spot Weakness","Havoc"],"picked":"Power Through","floor":2},{"not_picked":["True Grit","Limit Break"],"picked":"Twin Strike","floor":6},{"not_picked":["Wild Strike+1","Fire Breathing","Armaments"],"picked":"SKIP","floor":10},{"not_picked":["Havoc","Iron Wave+1"],"picked":"Reckless Charge+1","floor":12},{"not_picked":["Thunderclap+1","Rupture"],"picked":"Bludgeon+1","floor":14},{"not_picked":["Offering","Bludgeon+1"],"picked":"Impervious","floor":16},{"not_picked":["Clash+1","Pommel Strike+1"],"picked":"Intimidate","floor":18},{"not_picked":["Clash+1","Pommel Strike+1","Thunderclap+1"],"picked":"SKIP","floor":21},{"not_picked":["Combust","Clash+1","Fire Breathing"],"picked":"SKIP","floor":22},{"not_picked":["Second Wind","Headbutt+1"],"picked":"Battle Trance","floor":23},{"not_picked":["Juggernaut","Second Wind"],"picked":"Rampage+1","floor":24},{"not_picked":["Carnage+1","Ghostly Armor"],"picked":"True Grit+1","floor":25},{"not_picked":["True Grit","Armaments","Shrug It Off"],"picked":"SKIP","floor":28},{"not_picked":["Shockwave","Entrench"],"picked":"Reckless Charge+1","floor":30}],"player_experience":706433,"relics_obtained":[{"floor":6,"key":"Molten Egg 2"},{"floor":9,"key":"Pen Nib"},{"floor":10,"key":"Self Forming Clay"},{"floor":14,"key":"Bag of Marbles"},{"floor":23,"key":"Anchor"},{"floor":26,"key":"Sundial"},{"floor":30,"key":"Frozen Egg 2"}],"event_choices":[{"cards_removed":["Defend_R"],"damage_healed":0,"gold_gain":0,"player_choice":"Forget","damage_taken":0,"max_hp_gain":0,"max_hp_loss":0,"event_name":"Living Wall","floor":3,"gold_loss":0},{"damage_healed":0,"gold_gain":0,"player_choice":"Take Damage","damage_taken":20,"relics_obtained":["Golden Idol"],"max_hp_gain":0,"max_hp_loss":0,"event_name":"Golden Idol","floor":4,"gold_loss":0},{"cards_removed":["Defend_R"],"damage_healed":0,"gold_gain":0,"player_choice":"Card Removal","damage_taken":7,"max_hp_gain":0,"max_hp_loss":0,"event_name":"Golden Wing","floor":5,"gold_loss":0},{"cards_removed":["Strike_R"],"damage_healed":0,"gold_gain":0,"player_choice":"Card Removal","damage_taken":0,"max_hp_gain":0,"max_hp_loss":0,"event_name":"The Cleric","floor":7,"gold_loss":50},{"damage_healed":0,"gold_gain":0,"player_choice":"Entered Light","damage_taken":16,"max_hp_gain":0,"max_hp_loss":0,"event_name":"Shining Light","floor":11,"gold_loss":0,"cards_upgraded":["Strike_R","Ghostly Armor"]},{"damage_healed":0,"gold_gain":0,"player_choice":"Copied","damage_taken":0,"max_hp_gain":0,"max_hp_loss":0,"event_name":"Duplicator","floor":20,"gold_loss":0,"cards_obtained":["Reckless Charge"]},{"damage_healed":0,"gold_gain":0,"player_choice":"Fight","damage_taken":0,"max_hp_gain":0,"max_hp_loss":0,"event_name":"Colosseum","floor":29,"gold_loss":0},{"damage_healed":0,"gold_gain":0,"player_choice":"Fled From Nobs","damage_taken":0,"max_hp_gain":0,"max_hp_loss":0,"event_name":"Colosseum","floor":29,"gold_loss":0}],"is_beta":false,"boss_relics":[{"not_picked":["Eternal Feather","Philosopher\u0027s Stone"],"picked":"Coffee Dripper"}],"items_purged_floors":[13,31],"is_endless":false,"potions_floor_spawned":[1,6,12,21,23,24,25,30],"killed_by":"Automaton","ascension_level":13}