{"gold_per_floor":[111,128,41,41,57,57,90,90,90,115,131,131,165,130,130,207,207,87,87,87,87],"floor_reached":21,"playtime":1569,"items_purged":[],"score":394,"play_id":"a9f256e3-620d-4d7c-8dab-18da334c86e5","local_time":"20190614220459","is_ascension_mode":true,"campfire_choices":[{"data":"Defragment","floor":6.0,"key":"SMITH"},{"data":"Zap","floor":8.0,"key":"SMITH"},{"floor":12.0,"key":"REST"},{"data":"Defragment","floor":15.0,"key":"SMITH"}],"neow_cost":"NONE","seed_source_timestamp":34853303372851,"circlet_count":0,"master_deck":["AscendersBane","Strike_B","Strike_B","Strike_B","Strike_B","Defend_B","Defend_B","Defend_B","Defend_B","Zap+1","Dualcast","Leap","Streamline+1","Defragment+1","Coolheaded","Hologram","Rainbow","Compile Driver","Defragment+1","Core Surge","Static Discharge","Hologram"],"special_seed":0,"relics":["Cracked Core","Potion Belt","Bottled Tornado","Juzu Bracelet","Pen Nib","Ectoplasm"],"potions_floor_usage":[],"damage_taken":[{"damage":2.0,"enemies":"Jaw Worm","floor":1.0,"turns":3.0},{"damage":0.0,"enemies":"Cultist","floor":2.0,"turns":3.0},{"damage":1.0,"enemies":"Small Slimes","floor":5.0,"turns":3.0},{"damage":13.0,"enemies":"Lagavulin","floor":7.0,"turns":6.0},{"damage":36.0,"enemies":"Gremlin Nob","floor":10.0,"turns":4.0},{"damage":0.0,"enemies":"3 Louse","floor":11.0,"turns":1.0},{"damage":31.0,"enemies":"3 Sentries","floor":13.0,"turns":16.0},{"damage":18.0,"enemies":"The Guardian","floor":16.0,"turns":10.0},{"damage":28,"enemies":"2 Thieves","floor":18,"turns":4},{"damage":25,"enemies":"Colosseum Slavers","floor":19,"turns":5},{"damage":0,"enemies":"Chosen","floor":20,"turns":3},{"damage":1,"enemies":"3 Cultists","floor":21,"turns":2}],"seed_played":"1561683840095651991","potions_obtained":[{"floor":2.0,"key":"Strength Potion"},{"floor":10.0,"key":"Explosive Potion"}],"is_trial":false,"path_per_floor":["M","M","$","?","M","R","E","R","T","E","M","R","E","?","R","B",null,"M","?","M","M"],"character_chosen":"DEFECT","items_purchased":["Defragment"],"campfire_rested":1,"item_purchase_floors":[3],"current_hp_per_floor":[62,62,62,62,61,61,48,48,48,12,12,33,2,19,19,1,54,26,1,1,0],"gold":87,"neow_bonus":"RANDOM_COMMON_RELIC","is_prod":false,"is_daily":false,"chose_seed":false,"campfire_upgraded":3,"win_rate":0,"timestamp":1560542699,"path_taken":["M","M","$","?","?","R","E","R","T","E","M","R","E","?","R","BOSS","M","?","M","M"],"build_version":"2019-01-23","purchased_purges":0,"victory":false,"max_hp_per_floor":[71,71,71,71,71,71,71,71,71,71,71,71,71,71,71,71,71,71,71,71,71],"card_choices":[{"not_picked":["Beam Cell","Chill"],"picked":"Leap","floor":1.0},{"not_picked":["Barrage","Steam Power"],"picked":"Streamline","floor":2.0},{"not_picked":["BootSequence","Steam"],"picked":"Coolheaded","floor":5.0},{"not_picked":["Turbo","Rip and Tear"],"picked":"Hologram","floor":7.0},{"not_picked":["Compile Driver","Steam Power"],"picked":"Rainbow","floor":10.0},{"not_picked":["Melter","Rebound"],"picked":"Compile Driver","floor":11.0},{"not_picked":["Steam","Compile Driver"],"picked":"Defragment","floor":13.0},{"not_picked":["Machine Learning","Creative AI"],"picked":"Core Surge","floor":16.0},{"not_picked":["Go for the Eyes","Hologram"],"picked":"Static Discharge","floor":18},{"not_picked":["Steam+1","Doom and Gloom"],"picked":"Hologram","floor":20}],"player_experience":1356691,"relics_obtained":[{"floor":7.0,"key":"Bottled Tornado"},{"floor":10.0,"key":"Juzu Bracelet"},{"floor":13.0,"key":"Pen Nib"}],"event_choices":[{"damage_healed":0.0,"max_hp_gain":0.0,"max_hp_loss":0.0,"gold_gain":0.0,"event_name":"Accursed Blacksmith","player_choice":"Forge","floor":4.0,"gold_loss":0.0,"damage_taken":0.0,"cards_upgraded":["Streamline"]},{"damage_healed":17.0,"max_hp_gain":0.0,"max_hp_loss":0.0,"gold_gain":0.0,"event_name":"The Cleric","player_choice":"Healed","floor":14.0,"gold_loss":35.0,"damage_taken":0.0},{"damage_healed":0,"gold_gain":0,"player_choice":"Fight","damage_taken":0,"max_hp_gain":0,"max_hp_loss":0,"event_name":"Colosseum","floor":19,"gold_loss":0},{"damage_healed":0,"gold_gain":0,"player_choice":"Fled From Nobs","damage_taken":0,"max_hp_gain":0,"max_hp_loss":0,"event_name":"Colosseum","floor":19,"gold_loss":0}],"is_beta":false,"boss_relics":[{"not_picked":["Astrolabe","Calling Bell"],"picked":"Ectoplasm"}],"items_purged_floors":[],"is_endless":false,"potions_floor_spawned":[2,10,19],"killed_by":"3 Cultists","ascension_level":20}