{"gold_per_floor":[143,193,209,221,236,236,270,270,321,321,331,331,362,362,362,433,433,388,478,37,52,0,0,0,27,51,51,51],"floor_reached":28,"playtime":1327,"items_purged":["Strike_G"],"score":488,"play_id":"2278e0d1-795b-47ea-bfd3-6b39d887b1b9","local_time":"20181125182200","is_ascension_mode":true,"campfire_choices":[{"data":"Skewer","floor":6,"key":"SMITH"},{"data":"Leg Sweep","floor":8,"key":"SMITH"},{"data":"Flying Knee","floor":10,"key":"SMITH"},{"data":"Survivor","floor":12,"key":"SMITH"},{"data":"Adrenaline","floor":15,"key":"SMITH"},{"floor":23,"key":"REST"},{"floor":27,"key":"REST"}],"neow_cost":"NONE","seed_source_timestamp":21512426858555,"circlet_count":0,"master_deck":["AscendersBane","Defend_G","Defend_G+1","Defend_G","Defend_G","Defend_G","Strike_G","Strike_G","Survivor+1","Neutralize","Flying Knee+1","Terror+1","Skewer+1","Leg Sweep+1","Adrenaline+1","After Image","Noxious Fumes","PiercingWail","Cloak And Dagger"],"relics":["Ring of the Snake","Tiny Chest","Pantograph","Potion Belt","Strawberry","Empty Cage","Paper Crane","Ninja Scroll","War Paint"],"potions_floor_usage":[7,7,13,25],"damage_taken":[{"damage":4,"enemies":"Small Slimes","floor":1,"turns":3},{"damage":0,"enemies":"Cultist","floor":3,"turns":4},{"damage":0,"enemies":"2 Louse","floor":4,"turns":3},{"damage":5,"enemies":"Red Slaver","floor":5,"turns":3},{"damage":6,"enemies":"Gremlin Nob","floor":7,"turns":3},{"damage":0,"enemies":"Looter","floor":11,"turns":4},{"damage":1,"enemies":"Lagavulin","floor":13,"turns":5},{"damage":65,"enemies":"Slime Boss","floor":16,"turns":14},{"damage":14,"enemies":"2 Thieves","floor":18,"turns":5},{"damage":0,"enemies":"Spheric Guardian","floor":21,"turns":7},{"damage":44,"enemies":"Slavers","floor":25,"turns":10},{"damage":29,"enemies":"Book of Stabbing","floor":28,"turns":8}],"seed_played":"6425673162948190097","potions_obtained":[{"floor":1,"key":"Fire Potion"},{"floor":4,"key":"Swift Potion"},{"floor":7,"key":"Poison Potion"},{"floor":18,"key":"Energy Potion"}],"is_trial":false,"path_per_floor":["M","?","M","M","M","R","E","R","T","R","M","R","E","?","R","B",null,"M","?","$","M","?","R","$","E","T","R","E"],"character_chosen":"THE_SILENT","items_purchased":["Paper Crane","Noxious Fumes"],"campfire_rested":2,"item_purchase_floors":[20,20],"current_hp_per_floor":[55,55,55,55,50,50,44,44,44,44,44,44,50,50,50,8,57,43,29,29,29,29,50,50,6,6,27,0],"gold":51,"neow_bonus":"RANDOM_COMMON_RELIC","is_prod":false,"is_daily":false,"chose_seed":false,"campfire_upgraded":5,"win_rate":0,"timestamp":1543166520,"path_taken":["M","?","?","M","M","R","E","R","T","R","?","R","E","?","R","BOSS","M","?","$","?","?","R","$","E","T","R","E"],"build_version":"2018-11-15","purchased_purges":1,"victory":false,"max_hp_per_floor":[66,66,66,66,66,66,66,66,66,66,66,66,73,73,73,73,73,73,73,73,73,73,73,73,73,73,73,73],"card_choices":[{"not_picked":["Heel Hook","Caltrops"],"picked":"Flying Knee","floor":1},{"not_picked":["Prepared","Slice"],"picked":"Terror","floor":3},{"not_picked":["Flying Knee","Cloak And Dagger"],"picked":"Skewer","floor":4},{"not_picked":["Masterful Stab","Blade Dance"],"picked":"Leg Sweep","floor":5},{"not_picked":["Flying Knee","Bane"],"picked":"Adrenaline","floor":7},{"not_picked":["Deadly Poison","Terror","Flying Knee"],"picked":"SKIP","floor":11},{"not_picked":["Flechettes","Underhanded Strike","Sucker Punch"],"picked":"SKIP","floor":13},{"not_picked":["Grand Finale","Storm of Steel"],"picked":"After Image","floor":16},{"not_picked":["Slice","Finisher","Dagger Throw"],"picked":"SKIP","floor":18},{"not_picked":["Sucker Punch","Flying Knee"],"picked":"PiercingWail","floor":21},{"not_picked":["Venomology","Sucker Punch"],"picked":"Cloak And Dagger","floor":25}],"player_experience":618616,"relics_obtained":[{"floor":7,"key":"Pantograph"},{"floor":9,"key":"Potion Belt"},{"floor":13,"key":"Strawberry"},{"floor":25,"key":"Ninja Scroll"},{"floor":26,"key":"War Paint"}],"event_choices":[{"damage_healed":0,"gold_gain":50,"player_choice":"Pray","damage_taken":0,"max_hp_gain":0,"max_hp_loss":0,"event_name":"Golden Shrine","floor":2,"gold_loss":0},{"damage_healed":0,"gold_gain":0,"player_choice":"Ignored","damage_taken":0,"max_hp_gain":0,"max_hp_loss":0,"event_name":"Liars Game","floor":14,"gold_loss":0},{"damage_healed":0,"gold_gain":90,"player_choice":"GOLD ","damage_taken":14,"max_hp_gain":0,"max_hp_loss":0,"event_name":"Knowing Skull","floor":19,"potions_obtained":[],"gold_loss":0,"cards_obtained":[]},{"damage_healed":0,"gold_gain":0,"player_choice":"Paid Fearfully","damage_taken":0,"max_hp_gain":0,"max_hp_loss":0,"event_name":"Masked Bandits","floor":22,"gold_loss":52}],"is_beta":false,"boss_relics":[{"not_picked":["Eternal Feather","Calling Bell"],"picked":"Empty Cage"}],"items_purged_floors":[20],"is_endless":false,"potions_floor_spawned":[1,4,7,18],"killed_by":"Book of Stabbing","ascension_level":20}