{"gold_per_floor":[119,11,28,103,122,157,157,185,185,210,222],"floor_reached":11,"playtime":505,"items_purged":[],"score":166,"play_id":"cdfdc20e-0a3c-4b42-a399-e1e9dec4c194","local_time":"20181223181606","is_ascension_mode":true,"campfire_choices":[{"floor":7,"key":"REST"}],"neow_cost":"NONE","seed_source_timestamp":21646444580284,"circlet_count":0,"master_deck":["AscendersBane","Defend_G","Defend_G","Defend_G","Defend_G","Defend_G","Strike_G","Strike_G","Strike_G","Strike_G","Strike_G","Survivor","Neutralize","Leg Sweep","Quick Slash","Poisoned Stab","Noxious Fumes","After Image"],"relics":["Philosopher\u0027s Stone","Orichalcum","Question Card","MawBank"],"potions_floor_usage":[6,6,11],"damage_taken":[{"damage":7,"enemies":"Jaw Worm","floor":1,"turns":5},{"damage":5,"enemies":"2 Louse","floor":3,"turns":4},{"damage":0,"enemies":"Cultist","floor":5,"turns":4},{"damage":32,"enemies":"3 Sentries","floor":6,"turns":12},{"damage":24,"enemies":"Lagavulin","floor":8,"turns":9},{"damage":2,"enemies":"Looter","floor":10,"turns":4},{"damage":12,"enemies":"Gremlin Nob","floor":11,"turns":3}],"seed_played":"6706911330062411017","potions_obtained":[{"floor":3,"key":"Regen Potion"},{"floor":8,"key":"Explosive Potion"},{"floor":10,"key":"LiquidBronze"}],"is_trial":false,"path_per_floor":["M","$","M","?","M","E","R","E","T","M","E"],"character_chosen":"THE_SILENT","items_purchased":["Quick Slash","Block Potion"],"campfire_rested":1,"item_purchase_floors":[2,2],"current_hp_per_floor":[52,52,47,36,36,19,38,14,14,12,0],"gold":222,"neow_bonus":"BOSS_RELIC","is_prod":false,"is_daily":false,"chose_seed":false,"campfire_upgraded":0,"win_rate":0,"timestamp":1545585366,"path_taken":["M","$","M","?","M","E","R","E","T","M","E"],"build_version":"2018-12-20","purchased_purges":0,"victory":false,"max_hp_per_floor":[66,66,66,66,66,66,66,66,66,66,66],"card_choices":[{"not_picked":["Bane","Prepared"],"picked":"Leg Sweep","floor":1},{"not_picked":["Underhanded Strike","Bane","Tactician"],"picked":"SKIP","floor":3},{"not_picked":["Finisher","Bane"],"picked":"Poisoned Stab","floor":5},{"not_picked":["Deflect","Backflip","Reflex"],"picked":"SKIP","floor":6},{"not_picked":["Blur","PiercingWail"],"picked":"Noxious Fumes","floor":8},{"not_picked":["Underhanded Strike","Leg Sweep","Flying Knee"],"picked":"After Image","floor":10}],"player_experience":692319,"relics_obtained":[{"floor":6,"key":"Orichalcum"},{"floor":8,"key":"Question Card"},{"floor":9,"key":"MawBank"}],"event_choices":[{"damage_healed":0,"gold_gain":75,"player_choice":"Gather Gold","damage_taken":11,"max_hp_gain":0,"max_hp_loss":0,"event_name":"World of Goop","floor":4,"gold_loss":0}],"is_beta":false,"boss_relics":[],"items_purged_floors":[],"is_endless":false,"potions_floor_spawned":[3,8,10],"killed_by":"Gremlin Nob","ascension_level":20}