{"gold_per_floor":[214,226,226,244,50,50,83,102,102,131,149,159,191,206,206,281,281,291,291,307,307,319,319,353,353,434,453,486,536,536,562,562,636,636,648,660,677,340,340,365,153,153,153,185,197,217,248,262,262,262,262,262,262,84,110,110],"floor_reached":56,"playtime":3634,"items_purged":["Strike_B","Strike_B","Strike_B"],"score":2248,"play_id":"b6c088c1-0302-47c6-9aaa-0302fda79626","local_time":"20181230232957","is_ascension_mode":true,"campfire_choices":[{"data":"Apotheosis","floor":6,"key":"SMITH"},{"data":"Skim","floor":15,"key":"SMITH"},{"floor":23,"key":"REST"},{"floor":25,"key":"REST"},{"floor":32,"key":"REST"},{"floor":42,"key":"REST"},{"floor":49,"key":"RECALL"},{"floor":53,"key":"REST"}],"neow_cost":"NONE","seed_source_timestamp":35665256589537,"circlet_count":0,"master_deck":["AscendersBane","Strike_B","Defend_B","Defend_B","Defend_B","Defend_B","Zap","Dualcast","Leap","Go for the Eyes","Cold Snap","Apotheosis+1","Conserve Battery","Compile Driver","Chaos","Doom and Gloom","Sweeping Beam","Skim+1","Multi-Cast","Coolheaded+1","Compile Driver","Reinforced Body","Consume","Darkness","Seek","Capacitor+1","Coolheaded","Bandage Up","Blind","Meteor Strike","Loop","Turbo","Turbo+1","Loop","BootSequence","FTL","FTL","Darkness+1"],"relics":["Cracked Core","Kunai","Bag of Marbles","Cables","Ancient Tea Set","Bag of Preparation","Fusion Hammer","Emotion Chip","Sundial","Mercury Hourglass","Dead Branch","Ice Cream","Cursed Key","Pantograph","Orichalcum","Unceasing Top","Juzu Bracelet","Torii"],"potions_floor_usage":[10,13,24,28,31,37,40,56,56],"damage_taken":[{"damage":8,"enemies":"2 Louse","floor":1,"turns":3},{"damage":0,"enemies":"Cultist","floor":2,"turns":3},{"damage":0,"enemies":"Small Slimes","floor":4,"turns":5},{"damage":2,"enemies":"Lagavulin","floor":7,"turns":6},{"damage":0,"enemies":"Gremlin Gang","floor":8,"turns":4},{"damage":9,"enemies":"Gremlin Nob","floor":10,"turns":4},{"damage":0,"enemies":"Blue Slaver","floor":11,"turns":4},{"damage":0,"enemies":"2 Fungi Beasts","floor":12,"turns":3},{"damage":9,"enemies":"Lagavulin","floor":13,"turns":6},{"damage":0,"enemies":"Large Slime","floor":14,"turns":3},{"damage":14,"enemies":"Slime Boss","floor":16,"turns":6},{"damage":15,"enemies":"Chosen","floor":18,"turns":5},{"damage":16,"enemies":"2 Thieves","floor":20,"turns":4},{"damage":11,"enemies":"Shelled Parasite and Fungi","floor":22,"turns":5},{"damage":5,"enemies":"Book of Stabbing","floor":24,"turns":5},{"damage":0,"enemies":"Centurion and Healer","floor":27,"turns":4},{"damage":10,"enemies":"Gremlin Leader","floor":28,"turns":4},{"damage":15,"enemies":"Book of Stabbing","floor":31,"turns":4},{"damage":10,"enemies":"Champ","floor":33,"turns":8},{"damage":3,"enemies":"3 Darklings","floor":35,"turns":3},{"damage":0,"enemies":"3 Shapes","floor":36,"turns":3},{"damage":0,"enemies":"Spire Growth","floor":37,"turns":5},{"damage":15,"enemies":"Nemesis","floor":40,"turns":7},{"damage":21,"enemies":"Reptomancer","floor":44,"turns":5},{"damage":13,"enemies":"4 Shapes","floor":45,"turns":3},{"damage":0,"enemies":"3 Darklings","floor":46,"turns":2},{"damage":0,"enemies":"Giant Head","floor":47,"turns":4},{"damage":0,"enemies":"Maw","floor":48,"turns":5},{"damage":4,"enemies":"Donu and Deca","floor":50,"turns":4},{"damage":24,"enemies":"Time Eater","floor":51,"turns":4},{"damage":49,"enemies":"Shield and Spear","floor":55,"turns":7},{"damage":47,"enemies":"The Heart","floor":56,"turns":3}],"seed_played":"5313647433154046797","potions_obtained":[{"floor":2,"key":"Strength Potion"},{"floor":7,"key":"Regen Potion"},{"floor":12,"key":"SpeedPotion"},{"floor":14,"key":"Ancient Potion"},{"floor":22,"key":"FocusPotion"},{"floor":24,"key":"Strength Potion"},{"floor":31,"key":"Weak Potion"},{"floor":33,"key":"Swift Potion"},{"floor":44,"key":"SmokeBomb"},{"floor":45,"key":"LiquidBronze"},{"floor":48,"key":"Fire Potion"}],"is_trial":false,"path_per_floor":["M","M","?","M","$","R","E","M","T","E","M","M","E","M","R","B",null,"M","?","M","?","M","R","E","R","T","M","E","?","T","E","R","B",null,"M","M","M","$","?","E","$","R","T","E","M","M","E","M","R","B","B",null,"R","$","E","B"],"character_chosen":"DEFECT","items_purchased":["Apotheosis","Pantograph","Loop","Turbo","Dexterity Potion"],"campfire_rested":5,"item_purchase_floors":[5,38,41,41,54],"current_hp_per_floor":[56,56,56,56,56,56,54,54,54,45,45,45,51,51,51,37,63,48,48,32,32,21,42,37,58,58,58,48,48,48,33,54,44,64,61,61,61,61,51,42,42,63,63,48,39,39,45,49,49,67,47,65,71,71,22,0],"gold":110,"neow_bonus":"HUNDRED_GOLD","is_prod":false,"is_daily":false,"chose_seed":false,"campfire_upgraded":2,"win_rate":0,"timestamp":1546208997,"path_taken":["M","M","?","M","$","R","E","M","T","E","M","M","E","M","R","BOSS","M","?","?","?","?","R","E","R","T","M","E","?","?","E","R","BOSS","M","M","M","$","?","E","$","R","T","E","M","M","E","M","R","BOSS","BOSS","R","$","E","BOSS"],"build_version":"2018-12-20","purchased_purges":3,"victory":false,"max_hp_per_floor":[71,71,71,71,71,71,71,71,71,71,71,71,71,71,71,71,71,71,71,71,71,71,71,71,71,71,71,71,71,71,71,71,71,71,71,71,71,71,71,71,71,71,71,71,71,71,71,71,71,71,71,71,71,71,71,71],"card_choices":[{"not_picked":["Barrage","Undo"],"picked":"Leap","floor":1},{"not_picked":["Coolheaded","Steam Power"],"picked":"Go for the Eyes","floor":2},{"not_picked":["Melter","Steam"],"picked":"Cold Snap","floor":4},{"not_picked":["Buffer","Consume"],"picked":"Conserve Battery","floor":7},{"not_picked":["Chill","Cold Snap"],"picked":"Compile Driver","floor":8},{"not_picked":["Hologram","Undo"],"picked":"Chaos","floor":10},{"not_picked":["Beam Cell","Blizzard","Scrape"],"picked":"SKIP","floor":11},{"not_picked":["Ball Lightning","Hello World"],"picked":"Doom and Gloom","floor":12},{"not_picked":["Sunder","Creative AI"],"picked":"Sweeping Beam","floor":13},{"not_picked":["Rip and Tear","Beam Cell"],"picked":"Skim","floor":14},{"not_picked":["Rainbow","Hyperbeam"],"picked":"Multi-Cast","floor":16},{"not_picked":["Barrage","Gash","Aggregate"],"picked":"SKIP","floor":18},{"not_picked":["Compile Driver","Melter"],"picked":"Coolheaded","floor":20},{"not_picked":["Hologram","Capacitor"],"picked":"Compile Driver","floor":22},{"not_picked":["Stack","Loop"],"picked":"Reinforced Body","floor":24},{"not_picked":["Hologram","Redo"],"picked":"Consume","floor":27},{"not_picked":["Conserve Battery","Meteor Strike","Redo"],"picked":"SKIP","floor":28},{"not_picked":["Rebound","Blizzard+1"],"picked":"Darkness","floor":31},{"not_picked":["Multi-Cast","Echo Form"],"picked":"Seek","floor":33},{"not_picked":["Coolheaded","Gash+1"],"picked":"Capacitor+1","floor":35},{"not_picked":["Barrage","Beam Cell+1","Cold Snap+1"],"picked":"SKIP","floor":36},{"not_picked":["Hello World+1","Streamline+1"],"picked":"Coolheaded","floor":37},{"not_picked":["Transmutation","Blind"],"picked":"Bandage Up","floor":39},{"not_picked":["Forethought","The Bomb"],"picked":"Blind","floor":39},{"not_picked":["Streamline+1","Compile Driver"],"picked":"Meteor Strike","floor":40},{"not_picked":["Beam Cell+1","Hologram+1"],"picked":"Turbo+1","floor":44},{"not_picked":["Amplify","Beam Cell+1"],"picked":"Loop","floor":45},{"not_picked":["Heatsinks","Steam Power"],"picked":"BootSequence","floor":46},{"not_picked":["Leap","Rebound"],"picked":"FTL","floor":47},{"not_picked":["Beam Cell+1","Gash"],"picked":"FTL","floor":48},{"not_picked":["Coolheaded","FTL"],"picked":"Darkness+1","floor":55}],"player_experience":713995,"relics_obtained":[{"floor":3,"key":"Kunai"},{"floor":7,"key":"Bag of Marbles"},{"floor":9,"key":"Cables"},{"floor":10,"key":"Ancient Tea Set"},{"floor":13,"key":"Bag of Preparation"},{"floor":19,"key":"Emotion Chip"},{"floor":24,"key":"Sundial"},{"floor":26,"key":"Mercury Hourglass"},{"floor":28,"key":"Dead Branch"},{"floor":31,"key":"Ice Cream"},{"floor":40,"key":"Orichalcum"},{"floor":44,"key":"Unceasing Top"},{"floor":47,"key":"Juzu Bracelet"},{"floor":55,"key":"Torii"}],"event_choices":[{"damage_healed":0,"gold_gain":0,"player_choice":"Relic","damage_taken":0,"max_hp_gain":0,"max_hp_loss":0,"event_name":"Wheel of Change","floor":3,"gold_loss":0},{"damage_healed":0,"gold_gain":0,"player_choice":"Relic","damage_taken":0,"max_hp_gain":0,"max_hp_loss":0,"event_name":"Wheel of Change","floor":19,"gold_loss":0},{"damage_healed":0,"gold_gain":0,"player_choice":"Upgraded","damage_taken":0,"max_hp_gain":0,"max_hp_loss":0,"event_name":"Upgrade Shrine","floor":21,"gold_loss":0,"cards_upgraded":["Coolheaded"]},{"damage_healed":0,"gold_gain":50,"player_choice":"Stole From Cult","damage_taken":0,"max_hp_gain":0,"max_hp_loss":0,"event_name":"Nest","floor":29,"gold_loss":0},{"damage_healed":0,"gold_gain":0,"player_choice":"Memory 3","damage_taken":10,"max_hp_gain":0,"max_hp_loss":0,"event_name":"SensoryStone","floor":39,"gold_loss":0}],"is_beta":false,"boss_relics":[{"not_picked":["Pandora\u0027s Box","Runic Pyramid"],"picked":"Fusion Hammer"},{"not_picked":["Calling Bell","Lizard Tail"],"picked":"Cursed Key"}],"items_purged_floors":[38,41,54],"is_endless":false,"potions_floor_spawned":[2,7,12,14,16,22,24,31,33,35,44,45,48],"killed_by":"The Heart","ascension_level":20}