{"gold_per_floor":[140,140,140,65,65,65,65,96,96,110,110,110,122,137,137,239,239,250,233,233,233,308,308,7,7,7,21,21,34,34,44,44,141,141,155,255,255,273,273,299,310,310],"floor_reached":42,"playtime":2830,"items_purged":["Strike_R"],"score":618,"play_id":"cb8b401a-39e4-4f1d-91ea-b3bcfab13f1e","local_time":"20190214092401","is_ascension_mode":true,"campfire_choices":[{"data":"Bash","floor":6,"key":"SMITH"},{"data":"Barricade","floor":12,"key":"SMITH"},{"data":"Flame Barrier","floor":15,"key":"SMITH"},{"floor":23,"key":"REST"},{"data":"Metallicize","floor":25,"key":"SMITH"},{"data":"Battle Trance","floor":28,"key":"SMITH"},{"floor":32,"key":"REST"}],"neow_cost":"NONE","seed_source_timestamp":261477426672176,"circlet_count":0,"master_deck":["Strike_R+1","Strike_R+1","Strike_R+1","Defend_R+1","Defend_R+1","Defend_R+1","Defend_R+1","Bash+1","Dropkick+1","Barricade+1","Metallicize+1","Flame Barrier+1","Battle Trance+1","Demon Form","Anger+1","Parasite"],"relics":["Burning Blood","Tiny Chest","Strawberry","Potion Belt","Whetstone","Black Star","Nilry\u0027s Codex","Thread and Needle","Blue Candle","Self Forming Clay","Busted Crown","Dead Branch","Paper Frog","Kunai"],"potions_floor_usage":[14,16,27,31,31,31,36,38,40],"damage_taken":[{"damage":3,"enemies":"2 Louse","floor":1,"turns":4},{"damage":16,"enemies":"Gremlin Nob","floor":8,"turns":3},{"damage":2,"enemies":"Jaw Worm","floor":10,"turns":2},{"damage":0,"enemies":"Small Slimes","floor":13,"turns":2},{"damage":0,"enemies":"2 Fungi Beasts","floor":14,"turns":4},{"damage":8,"enemies":"The Guardian","floor":16,"turns":15},{"damage":4,"enemies":"Chosen","floor":18,"turns":6},{"damage":6,"enemies":"2 Thieves","floor":19,"turns":4},{"damage":7,"enemies":"Shelled Parasite and Fungi","floor":27,"turns":8},{"damage":44,"enemies":"Centurion and Healer","floor":29,"turns":11},{"damage":14,"enemies":"Snake Plant","floor":31,"turns":4},{"damage":5,"enemies":"Champ","floor":33,"turns":21},{"damage":1,"enemies":"Orb Walker","floor":35,"turns":6},{"damage":1,"enemies":"Mind Bloom Boss Battle","floor":36,"turns":7},{"damage":4,"enemies":"3 Shapes","floor":38,"turns":4},{"damage":0,"enemies":"Nemesis","floor":40,"turns":11},{"damage":35,"enemies":"Writhing Mass","floor":41,"turns":6},{"damage":90,"enemies":"Transient","floor":42,"turns":5}],"seed_played":"6316098962157152765","potions_obtained":[{"floor":11,"key":"Ancient Potion"},{"floor":11,"key":"Poison Potion"},{"floor":11,"key":"EssenceOfSteel"},{"floor":13,"key":"SkillPotion"},{"floor":18,"key":"Explosive Potion"},{"floor":19,"key":"Regen Potion"},{"floor":33,"key":"Energy Potion"},{"floor":35,"key":"Explosive Potion"},{"floor":38,"key":"FearPotion"}],"is_trial":false,"path_per_floor":["M","?","?","$","?","R","?","E","T","M","?","R","M","M","R","B",null,"M","M","?","?","?","R","$","R","T","M","R","M","?","M","R","B",null,"M","?","?","M","?","E","M","M"],"character_chosen":"IRONCLAD","items_purchased":["Thread and Needle"],"campfire_rested":2,"item_purchase_floors":[24],"current_hp_per_floor":[80,64,57,57,62,62,51,41,41,45,45,45,51,57,57,55,83,85,85,85,69,60,87,87,87,87,86,86,48,48,52,79,80,89,92,92,92,92,92,92,63,0],"gold":310,"neow_bonus":"RANDOM_COMMON_RELIC","is_prod":false,"is_daily":false,"chose_seed":false,"campfire_upgraded":5,"win_rate":0,"timestamp":1550150641,"path_taken":["M","?","?","?","?","R","?","E","T","M","?","R","?","M","R","BOSS","M","M","?","?","?","R","$","R","T","M","R","?","?","M","R","BOSS","M","?","?","M","?","E","M","?"],"build_version":"2019-01-23","purchased_purges":1,"victory":false,"max_hp_per_floor":[80,80,80,80,85,85,92,92,92,92,92,92,92,92,92,92,92,92,92,92,92,92,92,92,92,92,92,92,92,92,92,92,92,92,92,92,92,92,92,92,92,92],"card_choices":[{"not_picked":["Twin Strike","Entrench"],"picked":"Dropkick","floor":1},{"not_picked":["Warcry","Wild Strike"],"picked":"Barricade","floor":8},{"not_picked":["Hemokinesis","Armaments","Cleave"],"picked":"SKIP","floor":10},{"not_picked":["Power Through","Pommel Strike"],"picked":"Metallicize","floor":13},{"not_picked":["Twin Strike","Seeing Red"],"picked":"Flame Barrier","floor":14},{"not_picked":["Feel No Pain","Thunderclap"],"picked":"Battle Trance","floor":18},{"not_picked":["Clothesline","Pummel","Infernal Blade"],"picked":"SKIP","floor":19},{"not_picked":["Pommel Strike","Battle Trance","Anger"],"picked":"SKIP","floor":27},{"not_picked":["Body Slam","Sever Soul","Wild Strike"],"picked":"SKIP","floor":29},{"not_picked":["Hemokinesis","Thunderclap","Shrug It Off"],"picked":"SKIP","floor":31},{"not_picked":["Double Tap","Exhume"],"picked":"Demon Form","floor":33},{"not_picked":["Burning Pact"],"picked":"SKIP","floor":35},{"not_picked":["Thunderclap+1"],"picked":"SKIP","floor":38},{"not_picked":["Anger+1"],"picked":"SKIP","floor":40},{"not_picked":[],"picked":"Anger+1","floor":40},{"not_picked":["Searing Blow"],"picked":"SKIP","floor":41}],"player_experience":435547,"relics_obtained":[{"floor":8,"key":"Potion Belt"},{"floor":9,"key":"Whetstone"},{"floor":21,"key":"Nilry\u0027s Codex"},{"floor":26,"key":"Blue Candle"},{"floor":36,"key":"Dead Branch"},{"floor":40,"key":"Paper Frog"},{"floor":40,"key":"Kunai"}],"event_choices":[{"damage_healed":0,"gold_gain":0,"player_choice":"Entered Light","damage_taken":16,"max_hp_gain":0,"max_hp_loss":0,"event_name":"Shining Light","floor":2,"gold_loss":0,"cards_upgraded":["Dropkick","Defend_R"]},{"cards_removed":["Strike_R"],"damage_healed":0,"gold_gain":0,"player_choice":"Card Removal","damage_taken":7,"max_hp_gain":0,"max_hp_loss":0,"event_name":"Golden Wing","floor":3,"gold_loss":0},{"damage_healed":0,"gold_gain":0,"player_choice":"Donut","damage_taken":0,"max_hp_gain":5,"max_hp_loss":0,"event_name":"Big Fish","floor":5,"gold_loss":0},{"damage_healed":0,"gold_gain":0,"player_choice":"Success","damage_taken":18,"relics_obtained":["Strawberry"],"max_hp_gain":0,"max_hp_loss":0,"event_name":"Scrap Ooze","floor":7,"gold_loss":0},{"damage_healed":0,"gold_gain":0,"player_choice":"Got Potions","damage_taken":0,"max_hp_gain":0,"max_hp_loss":0,"event_name":"Lab","floor":11,"gold_loss":0},{"damage_healed":0,"gold_gain":0,"player_choice":"Simplicity","damage_taken":0,"max_hp_gain":0,"max_hp_loss":0,"event_name":"Back to Basics","floor":20,"gold_loss":0,"cards_upgraded":["Strike_R","Defend_R","Defend_R","Defend_R"]},{"damage_healed":0,"gold_gain":0,"player_choice":"Obtained Book","damage_taken":16,"max_hp_gain":0,"max_hp_loss":0,"event_name":"Cursed Tome","floor":21,"gold_loss":0},{"damage_healed":0,"gold_gain":75,"player_choice":"Touch","damage_taken":9,"max_hp_gain":0,"max_hp_loss":0,"event_name":"FaceTrader","floor":22,"gold_loss":0},{"damage_healed":0,"gold_gain":0,"player_choice":"Stole Relic","damage_taken":0,"relics_obtained":["Self Forming Clay"],"max_hp_gain":0,"max_hp_loss":0,"event_name":"Addict","floor":30,"gold_loss":0,"cards_obtained":["Shame"]},{"damage_healed":0,"gold_gain":0,"player_choice":"Fight","damage_taken":0,"max_hp_gain":0,"max_hp_loss":0,"event_name":"MindBloom","floor":36,"gold_loss":0},{"damage_healed":0,"gold_gain":0,"player_choice":"Memory 1","damage_taken":0,"max_hp_gain":0,"max_hp_loss":0,"event_name":"SensoryStone","floor":37,"gold_loss":0},{"cards_removed":["Shame"],"damage_healed":0,"gold_gain":0,"player_choice":"Purged","damage_taken":0,"max_hp_gain":0,"max_hp_loss":0,"event_name":"Purifier","floor":39,"gold_loss":0}],"is_beta":false,"boss_relics":[{"not_picked":["Snecko Eye","Coffee Dripper"],"picked":"Black Star"},{"not_picked":["Mark of Pain","Black Blood"],"picked":"Busted Crown"}],"items_purged_floors":[4],"is_endless":false,"potions_floor_spawned":[13,18,19,33,35,38],"killed_by":"Transient","ascension_level":5}