{"gold_per_floor":[109,29,39,39,9,9,26,53,80,99,99,124,140,167,167,167],"floor_reached":16,"playtime":1245,"items_purged":[],"score":240,"play_id":"1694911b-898a-4b03-8b69-8917195bc66c","local_time":"20190518171348","is_ascension_mode":true,"campfire_choices":[{"data":"Dash","floor":6.0,"key":"SMITH"},{"floor":11.0,"key":"REST"},{"floor":15,"key":"REST"}],"neow_cost":"NONE","seed_source_timestamp":17101161105927,"circlet_count":0,"master_deck":["AscendersBane","Defend_G","Defend_G","Defend_G","Defend_G","Defend_G","Strike_G","Strike_G","Strike_G","Strike_G","Survivor","Neutralize+1","Crippling Poison","Dash+1","Well Laid Plans","Flying Knee","Dagger Spray","Dagger Spray","Backflip","Footwork"],"special_seed":0,"relics":["Ring of the Snake","Anchor","Incense Burner","Blood Vial"],"potions_floor_usage":[16,16],"damage_taken":[{"damage":9.0,"enemies":"Jaw Worm","floor":1.0,"turns":9.0},{"damage":0.0,"enemies":"Cultist","floor":3.0,"turns":4.0},{"damage":1.0,"enemies":"2 Louse","floor":7.0,"turns":3.0},{"damage":14.0,"enemies":"3 Sentries","floor":8.0,"turns":9.0},{"damage":10.0,"enemies":"Large Slime","floor":10.0,"turns":5.0},{"damage":21.0,"enemies":"Gremlin Nob","floor":12.0,"turns":4.0},{"damage":0,"enemies":"Lots of Slimes","floor":13,"turns":2},{"damage":17,"enemies":"3 Sentries","floor":14,"turns":11},{"damage":27,"enemies":"Slime Boss","floor":16,"turns":12}],"seed_played":"-8317500333737537215","potions_obtained":[{"floor":1.0,"key":"GhostInAJar"},{"floor":3.0,"key":"Poison Potion"},{"floor":14,"key":"PowerPotion"}],"is_trial":false,"path_per_floor":["M","$","M","?","$","R","M","E","T","M","R","E","M","E","R","B"],"character_chosen":"THE_SILENT","items_purchased":["Dash","Flying Knee"],"campfire_rested":2,"item_purchase_floors":[2,5],"current_hp_per_floor":[50,50,50,50,50,50,49,35,35,25,44,23,23,6,25,0],"gold":167,"neow_bonus":"UPGRADE_CARD","is_prod":false,"is_daily":false,"chose_seed":false,"campfire_upgraded":1,"win_rate":0,"timestamp":1558192428,"path_taken":["M","$","M","?","?","R","M","E","T","M","R","E","M","E","R","BOSS"],"build_version":"2019-01-23","purchased_purges":0,"victory":false,"max_hp_per_floor":[66,66,66,66,66,66,66,66,66,66,66,66,66,66,66,66],"card_choices":[{"not_picked":["Quick Slash","Concentrate"],"picked":"Crippling Poison","floor":1.0},{"not_picked":["Accuracy","Outmaneuver"],"picked":"Well Laid Plans","floor":3.0},{"not_picked":["Dagger Throw","Dodge and Roll"],"picked":"Dagger Spray","floor":7.0},{"not_picked":["Heel Hook","Sucker Punch"],"picked":"Dagger Spray","floor":8.0},{"not_picked":["Crippling Poison","Envenom"],"picked":"Backflip","floor":10.0},{"not_picked":["Infinite Blades","Well Laid Plans"],"picked":"Footwork","floor":12.0},{"not_picked":["Infinite Blades","Deadly Poison","Quick Slash"],"picked":"SKIP","floor":13},{"not_picked":["Reflex","All Out Attack","A Thousand Cuts"],"picked":"SKIP","floor":14}],"player_experience":1225087,"relics_obtained":[{"floor":8.0,"key":"Anchor"},{"floor":12.0,"key":"Incense Burner"},{"floor":14,"key":"Blood Vial"}],"event_choices":[{"cards_removed":["Strike_G"],"damage_healed":0.0,"max_hp_gain":0.0,"max_hp_loss":0.0,"gold_gain":0.0,"event_name":"Bonfire Elementals","player_choice":"Offered Basic","floor":4.0,"gold_loss":0.0,"damage_taken":0.0}],"is_beta":false,"boss_relics":[],"items_purged_floors":[],"is_endless":false,"potions_floor_spawned":[1,3,14],"killed_by":"Slime Boss","ascension_level":20}