{"gold_per_floor":[110,121,139,64,64,99,99,114,114,114,189,189,189,200,200,200],"floor_reached":16,"playtime":696,"items_purged":["Strike_G"],"score":110,"play_id":"6f7cd66b-4e4d-4521-bcd0-d428f3a081d5","local_time":"20181029100358","is_ascension_mode":true,"campfire_choices":[{"floor":10,"key":"REST"},{"data":"Outmaneuver","floor":12,"key":"SMITH"},{"floor":15,"key":"REST"}],"neow_cost":"NONE","seed_source_timestamp":264819345398558,"circlet_count":0,"master_deck":["Defend_G","Defend_G","Defend_G+1","Defend_G","Defend_G","Strike_G","Strike_G","Strike_G","Strike_G","Survivor","Neutralize+1","Underhanded Strike+1","Eviscerate+1","Dagger Throw","Outmaneuver+1"],"relics":["Ring of the Snake","Darkstone Periapt","Bottled Flame"],"potions_floor_usage":[3,16],"damage_taken":[{"damage":0,"enemies":"2 Louse","floor":1,"turns":3},{"damage":6,"enemies":"Small Slimes","floor":2,"turns":4},{"damage":0,"enemies":"Jaw Worm","floor":3,"turns":3},{"damage":31,"enemies":"3 Sentries","floor":6,"turns":12},{"damage":0,"enemies":"2 Fungi Beasts","floor":8,"turns":4},{"damage":0,"enemies":"Red Slaver","floor":14,"turns":4},{"damage":50,"enemies":"Slime Boss","floor":16,"turns":8}],"seed_played":"-7468306500929771878","potions_obtained":[{"floor":2,"key":"SkillPotion"},{"floor":6,"key":"Poison Potion"},{"floor":14,"key":"Strength Potion"}],"is_trial":false,"path_per_floor":["M","M","M","$","?","E","?","M","T","R","?","R","?","M","R"],"character_chosen":"THE_SILENT","items_purchased":[],"campfire_rested":2,"item_purchase_floors":[],"current_hp_per_floor":[70,64,64,64,64,33,33,33,33,54,43,43,29,29,50,0],"gold":200,"neow_bonus":"UPGRADE_CARD","is_prod":false,"is_daily":false,"chose_seed":false,"campfire_upgraded":1,"win_rate":0,"timestamp":1540818238,"path_taken":["M","M","M","$","?","E","?","?","T","R","?","R","?","M","R","BOSS"],"build_version":"2018-10-25v2","purchased_purges":1,"victory":false,"max_hp_per_floor":[70,70,70,70,70,70,70,70,70,70,70,70,70,70,70,70],"card_choices":[{"not_picked":["Blade Dance","Predator","Slice"],"picked":"SKIP","floor":1},{"not_picked":["Riddle With Holes","Phantasmal Killer"],"picked":"Underhanded Strike","floor":2},{"not_picked":["Bane","Catalyst"],"picked":"Eviscerate","floor":3},{"not_picked":["Sucker Punch","Dash"],"picked":"Dagger Throw","floor":6},{"not_picked":["Distraction","Bane"],"picked":"Outmaneuver","floor":8},{"not_picked":["Underhanded Strike","Slice","Quick Slash"],"picked":"SKIP","floor":14}],"player_experience":360409,"relics_obtained":[{"floor":6,"key":"Darkstone Periapt"},{"floor":9,"key":"Bottled Flame"}],"event_choices":[{"damage_healed":0,"gold_gain":0,"player_choice":"Grow","damage_taken":0,"max_hp_gain":0,"max_hp_loss":0,"event_name":"Living Wall","floor":5,"gold_loss":0,"cards_upgraded":["Eviscerate"]},{"damage_healed":0,"gold_gain":0,"player_choice":"Ignored","damage_taken":0,"max_hp_gain":0,"max_hp_loss":0,"event_name":"Golden Idol","floor":7,"gold_loss":0},{"damage_healed":0,"gold_gain":75,"player_choice":"Gather Gold","damage_taken":11,"max_hp_gain":0,"max_hp_loss":0,"event_name":"World of Goop","floor":11,"gold_loss":0},{"damage_healed":0,"gold_gain":0,"player_choice":"Entered Light","damage_taken":14,"max_hp_gain":0,"max_hp_loss":0,"event_name":"Shining Light","floor":13,"gold_loss":0,"cards_upgraded":["Underhanded Strike","Defend_G"]}],"is_beta":false,"boss_relics":[],"items_purged_floors":[4],"is_endless":false,"potions_floor_spawned":[2,6,14],"killed_by":"Slime Boss","ascension_level":2}