{"gold_per_floor":[116,128,1,76,76,76,106,117,199,199,211,211,240,240,240,345,395,408,408,419,419,419,419,519,519,598,608,608,627,627,662,662,662],"floor_reached":33,"playtime":2145,"items_purged":["Strike_G"],"score":261,"play_id":"b2b6e4e1-1db6-4948-a3ef-c757ce7cc90b","local_time":"20190201193857","is_ascension_mode":false,"campfire_choices":[{"floor":6.0,"key":"REST"},{"floor":10.0,"key":"RECALL"},{"data":"Neutralize","floor":12.0,"key":"SMITH"},{"floor":15.0,"key":"REST"},{"floor":23.0,"key":"REST"},{"floor":25.0,"key":"REST"},{"floor":28.0,"key":"REST"},{"floor":30.0,"key":"REST"},{"floor":32,"key":"REST"}],"neow_cost":"NONE","seed_source_timestamp":150336258440700,"circlet_count":0,"master_deck":["Defend_G","Defend_G","Defend_G","Defend_G","Strike_G+1","Strike_G+1","Strike_G","Survivor","Neutralize+1","Deflect","Bouncing Flask+1","Deadly Poison","Crippling Poison","Quick Slash+1","Concentrate","Malaise","Well Laid Plans+1","Dagger Throw+1","Setup+1","Backflip","PiercingWail"],"special_seed":0,"relics":["Ring of the Snake","Matryoshka","PreservedInsect","Tiny House","Enchiridion","Whetstone","Kunai","Blood Vial"],"potions_floor_usage":[33],"damage_taken":[{"damage":5.0,"enemies":"Small Slimes","floor":1.0,"turns":4.0},{"damage":1.0,"enemies":"2 Louse","floor":2.0,"turns":3.0},{"damage":0.0,"enemies":"Cultist","floor":8.0,"turns":3.0},{"damage":1.0,"enemies":"Looter","floor":11.0,"turns":3.0},{"damage":18.0,"enemies":"3 Sentries","floor":13.0,"turns":10.0},{"damage":11.0,"enemies":"The Guardian","floor":16.0,"turns":8.0},{"damage":5.0,"enemies":"Shell Parasite","floor":18.0,"turns":7.0},{"damage":3.0,"enemies":"Chosen","floor":20.0,"turns":5.0},{"damage":21.0,"enemies":"Colosseum Slavers","floor":22.0,"turns":5.0},{"damage":26.0,"enemies":"Sentry and Sphere","floor":27.0,"turns":5.0},{"damage":21.0,"enemies":"Snecko","floor":29.0,"turns":5.0},{"damage":28,"enemies":"Gremlin Leader","floor":31,"turns":5},{"damage":69,"enemies":"Collector","floor":33,"turns":11}],"seed_played":"8965999646007579064","potions_obtained":[{"floor":1.0,"key":"Ancient Potion"},{"floor":2.0,"key":"Strength Potion"},{"floor":17.0,"key":"SpeedPotion"},{"floor":18.0,"key":"LiquidBronze"},{"floor":29.0,"key":"GhostInAJar"}],"is_trial":false,"path_per_floor":["M","M","$","?","?","R","?","M","T","R","M","R","E","?","R","B",null,"M","?","M","?","?","R","?","R","T","M","R","M","R","E","R","B"],"character_chosen":"THE_SILENT","items_purchased":["Deadly Poison"],"campfire_rested":7,"item_purchase_floors":[3],"current_hp_per_floor":[65,64,64,53,39,60,60,60,60,60,59,59,41,34,55,44,75,70,56,53,37,16,40,40,64,64,38,62,41,65,37,61,0],"gold":662,"neow_bonus":"REMOVE_CARD","is_prod":false,"is_daily":false,"chose_seed":false,"campfire_upgraded":1,"win_rate":0,"timestamp":1549067937,"path_taken":["M","M","$","?","?","R","?","M","T","R","M","R","E","?","R","BOSS","M","?","M","?","?","R","?","R","T","?","R","M","R","E","R","BOSS"],"build_version":"2019-01-23","purchased_purges":1,"victory":false,"max_hp_per_floor":[70,70,70,70,70,70,70,70,70,70,70,70,70,70,70,70,75,75,80,80,80,80,80,80,80,80,80,80,80,80,80,80,80],"card_choices":[{"not_picked":["Catalyst","Eviscerate"],"picked":"Deflect","floor":1.0},{"not_picked":["Reflex","All Out Attack"],"picked":"Bouncing Flask","floor":2.0},{"not_picked":["Blade Dance","Eviscerate"],"picked":"Crippling Poison","floor":8.0},{"not_picked":["Slice","Predator"],"picked":"Quick Slash","floor":11.0},{"not_picked":["Deflect","Flying Knee"],"picked":"Concentrate","floor":13.0},{"not_picked":["Grand Finale","Die Die Die"],"picked":"Malaise","floor":16.0},{"not_picked":["Dagger Throw+1","Noxious Fumes"],"picked":"Well Laid Plans+1","floor":18.0},{"not_picked":["Bane","Blade Dance"],"picked":"Dagger Throw","floor":20.0},{"not_picked":["Dagger Spray","Bane"],"picked":"Setup+1","floor":27.0},{"not_picked":["Sucker Punch","Blade Dance"],"picked":"Backflip","floor":29.0},{"not_picked":["Heel Hook","Slice"],"picked":"PiercingWail","floor":31}],"player_experience":255655,"relics_obtained":[{"floor":9.0,"key":"Matryoshka"},{"floor":13.0,"key":"PreservedInsect"},{"floor":21.0,"key":"Enchiridion"},{"floor":26.0,"key":"Whetstone"},{"floor":26.0,"key":"Kunai"},{"floor":31,"key":"Blood Vial"}],"event_choices":[{"damage_healed":0.0,"max_hp_gain":0.0,"max_hp_loss":0.0,"gold_gain":75.0,"event_name":"World of Goop","player_choice":"Gather Gold","floor":4.0,"gold_loss":0.0,"damage_taken":11.0},{"damage_healed":0.0,"max_hp_gain":0.0,"max_hp_loss":0.0,"gold_gain":0.0,"event_name":"Shining Light","player_choice":"Entered Light","floor":5.0,"gold_loss":0.0,"damage_taken":14.0,"cards_upgraded":["Bouncing Flask","Strike_G"]},{"damage_healed":0.0,"max_hp_gain":0.0,"max_hp_loss":0.0,"gold_gain":30.0,"event_name":"Dead Adventurer","player_choice":"Searched \u00271\u0027 times","floor":7.0,"gold_loss":0.0,"damage_taken":0.0},{"cards_removed":["Strike_G"],"damage_healed":0.0,"max_hp_gain":0.0,"max_hp_loss":0.0,"gold_gain":0.0,"event_name":"Golden Wing","player_choice":"Card Removal","floor":14.0,"gold_loss":0.0,"damage_taken":7.0},{"damage_healed":0.0,"max_hp_gain":5.0,"max_hp_loss":0.0,"gold_gain":0.0,"event_name":"Forgotten Altar","player_choice":"Shed Blood","floor":19.0,"gold_loss":0.0,"damage_taken":19.0},{"damage_healed":0.0,"max_hp_gain":0.0,"max_hp_loss":0.0,"gold_gain":0.0,"event_name":"Cursed Tome","player_choice":"Obtained Book","floor":21.0,"gold_loss":0.0,"damage_taken":16.0},{"damage_healed":0.0,"max_hp_gain":0.0,"max_hp_loss":0.0,"gold_gain":0.0,"event_name":"Colosseum","player_choice":"Fight","floor":22.0,"gold_loss":0.0,"damage_taken":0.0},{"damage_healed":0.0,"max_hp_gain":0.0,"max_hp_loss":0.0,"gold_gain":0.0,"event_name":"Colosseum","player_choice":"Fled From Nobs","floor":22.0,"gold_loss":0.0,"damage_taken":0.0},{"damage_healed":0.0,"max_hp_gain":0.0,"max_hp_loss":0.0,"gold_gain":100.0,"event_name":"Golden Shrine","player_choice":"Pray","floor":24.0,"gold_loss":0.0,"damage_taken":0.0}],"is_beta":false,"boss_relics":[{"not_picked":["Coffee Dripper","White Beast Statue"],"picked":"Tiny House"}],"items_purged_floors":[3],"is_endless":false,"potions_floor_spawned":[1,2,18,22,29],"killed_by":"Collector","ascension_level":0}