{"gold_per_floor":[110,110,126,150,150,189,189,270,270,270,305,325,345,228,228,324,324,344,382,382,367,63,63],"floor_reached":23,"playtime":1111,"items_purged":["Strike_B","Writhe"],"score":498,"play_id":"f8870b03-877d-4fd7-a94d-ee9c0b0a329b","local_time":"20190208180117","is_ascension_mode":true,"campfire_choices":[{"floor":7,"key":"REST"},{"data":"Biased Cognition","floor":10,"key":"SMITH"},{"floor":15,"key":"REST"}],"neow_cost":"NONE","seed_source_timestamp":19342400596815,"circlet_count":0,"master_deck":["AscendersBane","Strike_B","Strike_B","Strike_B","Defend_B","Defend_B","Defend_B","Defend_B","Zap+1","Dualcast","White Noise","Cold Snap","Barrage","Biased Cognition+1","FTL","Capacitor","Echo Form","Static Discharge+1","Hologram","Coolheaded","Defragment","Consume","Coolheaded"],"relics":["Cracked Core","Golden Idol","Bronze Scales","Cables","Question Card","Snecko Eye","Red Mask","PreservedInsect"],"potions_floor_usage":[6,16],"damage_taken":[{"damage":0,"enemies":"2 Louse","floor":1,"turns":2},{"damage":8,"enemies":"Small Slimes","floor":3,"turns":3},{"damage":10,"enemies":"Jaw Worm","floor":4,"turns":4},{"damage":27,"enemies":"3 Sentries","floor":6,"turns":8},{"damage":5,"enemies":"3 Sentries","floor":8,"turns":2},{"damage":21,"enemies":"Lagavulin","floor":11,"turns":4},{"damage":0,"enemies":"Large Slime","floor":12,"turns":4},{"damage":0,"enemies":"2 Fungi Beasts","floor":13,"turns":2},{"damage":0,"enemies":"The Guardian","floor":16,"turns":9},{"damage":7,"enemies":"3 Byrds","floor":18,"turns":2},{"damage":12,"enemies":"Masked Bandits","floor":19,"turns":2},{"damage":16,"enemies":"2 Thieves","floor":21,"turns":4},{"damage":28,"enemies":"Gremlin Leader","floor":23,"turns":2}],"seed_played":"2615469105679246009","potions_obtained":[{"floor":1,"key":"Explosive Potion"},{"floor":3,"key":"LiquidBronze"},{"floor":8,"key":"Fire Potion"},{"floor":16,"key":"Strength Potion"}],"is_trial":false,"path_per_floor":["M","?","M","M","?","E","R","?","T","R","E","M","M","$","R","B",null,"M","?","?","M","$","E"],"character_chosen":"DEFECT","items_purchased":["Capacitor","Defragment","Consume","Coolheaded"],"campfire_rested":2,"item_purchase_floors":[14,22,22,22],"current_hp_per_floor":[64,64,56,46,46,19,38,33,33,33,12,12,12,12,31,31,56,49,37,37,21,21,0],"gold":63,"neow_bonus":"UPGRADE_CARD","is_prod":false,"is_daily":false,"chose_seed":false,"campfire_upgraded":1,"win_rate":0,"timestamp":1549645277,"path_taken":["M","?","M","M","?","E","R","?","T","R","E","M","M","?","R","BOSS","M","?","?","?","$","E"],"build_version":"2019-01-23","purchased_purges":2,"victory":false,"max_hp_per_floor":[71,64,64,64,64,64,64,64,64,64,64,64,64,64,64,64,64,64,64,64,64,64,64],"card_choices":[{"not_picked":["Reprogram","BootSequence"],"picked":"White Noise","floor":1},{"not_picked":["Chill","Sweeping Beam"],"picked":"Cold Snap","floor":3},{"not_picked":["Conserve Battery","Amplify"],"picked":"Barrage","floor":4},{"not_picked":["Static Discharge","Sweeping Beam"],"picked":"Biased Cognition","floor":6},{"not_picked":["Leap","Force Field"],"picked":"FTL","floor":11},{"not_picked":["Melter","Sweeping Beam","Turbo","Meteor Strike"],"picked":"SKIP","floor":12},{"not_picked":["Steam Power","Heatsinks","Turbo","Leap"],"picked":"SKIP","floor":13},{"not_picked":["Buffer","Biased Cognition","Reboot"],"picked":"Echo Form","floor":16},{"not_picked":["Compile Driver","Chaos","Cold Snap"],"picked":"Static Discharge+1","floor":18},{"not_picked":["Gash","Redo","Sweeping Beam"],"picked":"Hologram","floor":19},{"not_picked":["Hologram","Darkness+1","Static Discharge"],"picked":"Coolheaded","floor":21}],"player_experience":946880,"relics_obtained":[{"floor":8,"key":"Bronze Scales"},{"floor":9,"key":"Cables"},{"floor":11,"key":"Question Card"},{"floor":19,"key":"Red Mask"}],"event_choices":[{"damage_healed":0,"gold_gain":0,"player_choice":"Lose Max HP","damage_taken":0,"relics_obtained":["Golden Idol"],"max_hp_gain":0,"max_hp_loss":7,"event_name":"Golden Idol","floor":2,"gold_loss":0},{"damage_healed":0,"gold_gain":0,"player_choice":"Ignored","damage_taken":0,"max_hp_gain":0,"max_hp_loss":0,"event_name":"Liars Game","floor":5,"gold_loss":0},{"damage_healed":0,"gold_gain":0,"player_choice":"Searched \u00271\u0027 times","damage_taken":0,"max_hp_gain":0,"max_hp_loss":0,"event_name":"Dead Adventurer","floor":8,"gold_loss":0},{"damage_healed":0,"gold_gain":0,"player_choice":"Fought Bandits","damage_taken":0,"max_hp_gain":0,"max_hp_loss":0,"event_name":"Masked Bandits","floor":19,"gold_loss":0},{"damage_healed":0,"gold_gain":0,"player_choice":"Opened","damage_taken":0,"relics_obtained":["PreservedInsect"],"max_hp_gain":0,"max_hp_loss":0,"event_name":"The Mausoleum","floor":20,"gold_loss":0,"cards_obtained":["Writhe"]}],"is_beta":false,"boss_relics":[{"not_picked":["White Beast Statue","Calling Bell"],"picked":"Snecko Eye"}],"items_purged_floors":[14,22],"is_endless":false,"potions_floor_spawned":[1,3,8,11,16],"killed_by":"Gremlin Leader","ascension_level":20}