{"path_per_floor":["M","?","?","$","M","E","R","$","T","M","E","$","M","M","R","B",null,"M","$","M"],"character_chosen":"IRONCLAD","items_purchased":["Disarm","Flex","Armaments","Evolve","Headbutt","Strength Potion","Panache"],"gold_per_floor":[116,191,191,103,117,160,160,111,134,147,180,1,24,42,42,173,211,224,28,52],"floor_reached":21,"campfire_rested":1,"playtime":1731,"current_hp_per_floor":[80,69,49,49,55,61,61,61,61,57,43,43,48,54,78,64,85,78,78,49],"items_purged":[],"gold":52,"score":235,"play_id":"f8295209-8b9e-46f0-9801-b10e4931fb51","is_prod":false,"is_daily":false,"is_ascension_mode":true,"campfire_upgraded":1,"path_taken":["M","?","?","$","M","E","R","?","T","M","E","$","M","M","R","BOSS","M","$","M","M"],"build_version":"2018-02-15-PROD1","purchased_purges":0,"victory":false,"master_deck":["Strike_R+1","Strike_R","Strike_R","Strike_R","Strike_R","Defend_R","Defend_R","Defend_R","Defend_R","Bash","Disarm","Disarm","Flex","Flame Barrier+1","Feel No Pain","Armaments","Seeing Red","Searing Blow","Evolve","Headbutt","Spot Weakness","Uppercut","Reaper","Thunderclap","Pommel Strike","Panache","Flex+1"],"max_hp_per_floor":[80,80,80,80,80,80,80,80,80,80,80,80,80,80,80,80,85,85,85,85],"relics":["Burning Blood","NeowsBlessing","Golden Idol","Gremlin Horn","Pen Nib","Matryoshka","Tiny House"],"card_choices":[{"not_picked":["Power Through","Thunderclap"],"picked":"Disarm"},{"not_picked":["Warcry","Pommel Strike"],"picked":"Flame Barrier"},{"not_picked":["True Grit","Burning Pact"],"picked":"Feel No Pain"},{"not_picked":["Pommel Strike","Burning Pact"],"picked":"Seeing Red"},{"not_picked":["Body Slam","Rupture"],"picked":"Searing Blow"},{"not_picked":["Flex","Sword Boomerang"],"picked":"Spot Weakness"},{"not_picked":["Berserk","Sword Boomerang"],"picked":"Uppercut"},{"not_picked":["Impervious","Bludgeon"],"picked":"Reaper"},{"not_picked":["Burning Pact","Battle Trance"],"picked":"Thunderclap"},{"not_picked":["Hemokinesis","Headbutt"],"picked":"Pommel Strike"},{"not_picked":["Uppercut","Warcry"],"picked":"Flex"}],"player_experience":76459,"potions_floor_usage":[11,11,16,16,20,21],"damage_taken":[{"damage":0,"enemies":"Small Slimes","floor":1,"turns":1},{"damage":0,"enemies":"2 Louse","floor":5,"turns":1},{"damage":0,"enemies":"Lagavulin","floor":6,"turns":1},{"damage":10,"enemies":"Jaw Worm","floor":10,"turns":4},{"damage":32,"enemies":"Gremlin Nob","floor":11,"turns":5},{"damage":1,"enemies":"Large Slime","floor":13,"turns":5},{"damage":0,"enemies":"2 Fungi Beasts","floor":14,"turns":4},{"damage":20,"enemies":"The Guardian","floor":16,"turns":11},{"damage":18,"enemies":"Shell Parasite","floor":18,"turns":9},{"damage":35,"enemies":"3 Byrds","floor":20,"turns":4},{"damage":49,"enemies":"Centurion and Healer","floor":21,"turns":4}],"event_choices":[{"event_name":"World of Goop","player_choice":"Gather Gold","floor":2,"damage_taken":0},{"event_name":"Golden Idol","player_choice":"Take Damage","floor":3,"damage_taken":0}],"boss_relics":[{"not_picked":["Sozu","Question Card"],"picked":"Tiny House"}],"potions_floor_spawned":[1,10,14,18],"seed_played":"-9220827670412306132","killed_by":"Centurion and Healer","ascension_level":2,"is_trial":false}