{"gold_per_floor":[112,287,134,99,47,77,90,90,90,90,90,103,113,124,124,124],"floor_reached":16,"playtime":568,"items_purged":["Doubt"],"score":120,"play_id":"1791afbd-e244-4ea4-8500-53a1c03e0bfd","local_time":"20181028124941","is_ascension_mode":true,"campfire_choices":[{"data":"Fire Breathing","floor":8,"key":"SMITH"},{"data":"Inflame","floor":10,"key":"SMITH"},{"data":"Inflame","floor":15,"key":"SMITH"}],"neow_cost":"PERCENT_DAMAGE","seed_source_timestamp":188489819628022,"circlet_count":0,"master_deck":["Strike_R","Strike_R","Strike_R","Strike_R","Strike_R","Defend_R","Defend_R","Defend_R","Defend_R","Bash","Twin Strike","Inflame+1","True Grit","Clash","Fire Breathing+1","True Grit","Inflame+1"],"relics":["Burning Blood","Dead Branch","Bag of Preparation","Boot"],"potions_floor_usage":[13,13,16],"damage_taken":[{"damage":2,"enemies":"2 Louse","floor":1,"turns":3},{"damage":40,"enemies":"Gremlin Nob","floor":6,"turns":5},{"damage":7,"enemies":"Jaw Worm","floor":7,"turns":4},{"damage":0,"enemies":"Cultist","floor":12,"turns":2},{"damage":0,"enemies":"Blue Slaver","floor":13,"turns":3},{"damage":13,"enemies":"Large Slime","floor":14,"turns":3},{"damage":54,"enemies":"Hexaghost","floor":16,"turns":9}],"seed_played":"-1619479075516989512","potions_obtained":[{"floor":7,"key":"Weak Potion"},{"floor":12,"key":"EssenceOfSteel"},{"floor":14,"key":"Fire Potion"}],"is_trial":false,"path_per_floor":["M","?","$","?","$","E","M","R","T","R","$","M","M","M","R"],"character_chosen":"IRONCLAD","items_purchased":["Inflame","True Grit"],"campfire_rested":0,"item_purchase_floors":[3,5],"current_hp_per_floor":[60,60,60,80,80,46,45,45,45,45,45,51,57,50,50,0],"gold":124,"neow_bonus":"ONE_RARE_RELIC","is_prod":false,"is_daily":false,"chose_seed":false,"campfire_upgraded":3,"win_rate":0,"timestamp":1540741781,"path_taken":["M","?","$","?","?","E","M","R","T","R","?","?","M","M","R","BOSS"],"build_version":"2018-10-25v2","purchased_purges":1,"victory":false,"max_hp_per_floor":[80,80,80,80,80,80,80,80,80,80,80,80,80,80,80,80],"card_choices":[{"not_picked":["Headbutt","Thunderclap"],"picked":"Twin Strike","floor":1},{"not_picked":["True Grit","Armaments"],"picked":"Clash","floor":6},{"not_picked":["Second Wind","Entrench"],"picked":"Fire Breathing","floor":7},{"not_picked":["Wild Strike","Armaments"],"picked":"True Grit","floor":12},{"not_picked":["Sword Boomerang","Shockwave"],"picked":"Inflame","floor":13},{"not_picked":["Pommel Strike","Burning Pact","Juggernaut"],"picked":"SKIP","floor":14}],"player_experience":356215,"relics_obtained":[{"floor":6,"key":"Bag of Preparation"},{"floor":9,"key":"Boot"}],"event_choices":[{"damage_healed":0,"gold_gain":175,"player_choice":"AGREE","damage_taken":0,"max_hp_gain":0,"max_hp_loss":0,"event_name":"Liars Game","floor":2,"gold_loss":0,"cards_obtained":["Doubt"]},{"damage_healed":20,"gold_gain":0,"player_choice":"Healed","damage_taken":0,"max_hp_gain":0,"max_hp_loss":0,"event_name":"The Cleric","floor":4,"gold_loss":35}],"is_beta":false,"boss_relics":[],"items_purged_floors":[3],"is_endless":false,"potions_floor_spawned":[7,12,14],"killed_by":"Hexaghost","ascension_level":4}