{"gold_per_floor":[16,33,33,33,47,47,106,131,131,162,312,339,357,3,3,81,81,100,80,97,97,97,97,97,124,150,176,176,207,224,7,7,86,86,105,125,125,140,160,160,186,186,186,197,215,250,266,300,300,300,300,300,300,17,50,50],"floor_reached":57,"playtime":5692,"items_purged":["Doubt"],"score":2915,"play_id":"ed364cee-e578-470e-932a-d923de4fe651","local_time":"20190225160445","is_ascension_mode":true,"campfire_choices":[{"data":"Clothesline","floor":6,"key":"SMITH"},{"data":"True Grit","floor":15,"key":"SMITH"},{"data":"Armaments","floor":23,"key":"SMITH"},{"data":"Immolate","floor":28,"key":"SMITH"},{"floor":32,"key":"REST"},{"floor":40,"key":"RECALL"},{"floor":42,"key":"REST"},{"floor":49,"key":"REST"},{"floor":53,"key":"REST"}],"neow_cost":"NO_GOLD","seed_source_timestamp":7352947793269,"circlet_count":0,"master_deck":["AscendersBane","Strike_R","Strike_R","Strike_R+1","Strike_R","Strike_R","Defend_R","Defend_R+1","Defend_R+1","Defend_R","Bash+1","Metallicize","Clothesline+1","Anger+1","Pommel Strike","Armaments+1","True Grit+1","Immolate+1","Shrug It Off","Feed","Inflame","Shockwave","Rage","J.A.X.","Impervious","Heavy Blade+1","Uppercut+1","Reaper+1","Flame Barrier+1","Headbutt+1","Feed+1","Seeing Red+1","True Grit+1","Burning Pact+1","Flame Barrier","Sentinel","Offering","Armaments"],"relics":["Burning Blood","Thread and Needle","Paper Frog","Bag of Preparation","Letter Opener","Self Forming Clay","War Paint","Potion Belt","Runic Pyramid","Regal Pillow","Whetstone","Molten Egg 2","PreservedInsect","ClockworkSouvenir","Fusion Hammer","Vajra","Pen Nib","Bag of Marbles","Art of War"],"potions_floor_usage":[8,29,29,38,56,56,56,56],"damage_taken":[{"damage":8,"enemies":"Small Slimes","floor":1,"turns":6},{"damage":0,"enemies":"Cultist","floor":2,"turns":3},{"damage":0,"enemies":"Jaw Worm","floor":5,"turns":4},{"damage":21,"enemies":"Gremlin Nob","floor":7,"turns":5},{"damage":10,"enemies":"3 Sentries","floor":8,"turns":6},{"damage":11,"enemies":"Gremlin Nob","floor":10,"turns":4},{"damage":6,"enemies":"3 Sentries","floor":12,"turns":11},{"damage":0,"enemies":"Large Slime","floor":13,"turns":5},{"damage":9,"enemies":"The Guardian","floor":16,"turns":16},{"damage":3,"enemies":"Shell Parasite","floor":18,"turns":8},{"damage":11,"enemies":"2 Thieves","floor":19,"turns":4},{"damage":14,"enemies":"Snake Plant","floor":20,"turns":7},{"damage":8,"enemies":"Gremlin Leader","floor":25,"turns":6},{"damage":38,"enemies":"Book of Stabbing","floor":27,"turns":8},{"damage":3,"enemies":"Gremlin Leader","floor":29,"turns":8},{"damage":5,"enemies":"Snecko","floor":30,"turns":8},{"damage":53,"enemies":"Collector","floor":33,"turns":13},{"damage":0,"enemies":"Orb Walker","floor":35,"turns":4},{"damage":9,"enemies":"3 Shapes","floor":36,"turns":5},{"damage":9,"enemies":"Transient","floor":38,"turns":6},{"damage":40,"enemies":"4 Shapes","floor":39,"turns":14},{"damage":38,"enemies":"Giant Head","floor":41,"turns":8},{"damage":9,"enemies":"Maw","floor":44,"turns":7},{"damage":5,"enemies":"3 Darklings","floor":45,"turns":6},{"damage":10,"enemies":"Nemesis","floor":46,"turns":5},{"damage":33,"enemies":"Jaw Worm Horde","floor":47,"turns":7},{"damage":46,"enemies":"Reptomancer","floor":48,"turns":8},{"damage":125,"enemies":"Donu and Deca","floor":50,"turns":14},{"damage":91,"enemies":"Awakened One","floor":51,"turns":15},{"damage":81,"enemies":"Shield and Spear","floor":55,"turns":7},{"damage":140,"enemies":"The Heart","floor":56,"turns":14}],"seed_played":"1558516374322778206","potions_obtained":[{"floor":2,"key":"BloodPotion"},{"floor":7,"key":"AttackPotion"},{"floor":13,"key":"Block Potion"},{"floor":25,"key":"Block Potion"},{"floor":27,"key":"FearPotion"},{"floor":30,"key":"LiquidBronze"},{"floor":33,"key":"BloodPotion"},{"floor":39,"key":"AttackPotion"},{"floor":45,"key":"GamblersBrew"},{"floor":46,"key":"Dexterity Potion"},{"floor":55,"key":"Dexterity Potion"}],"is_trial":false,"path_per_floor":["M","M","?","$","M","R","?","E","T","E","?","E","M","$","R","B",null,"M","M","M","?","?","R","?","E","T","E","R","E","M","$","R","B",null,"M","M","?","M","M","R","E","R","T","M","M","E","M","E","R","B","B",null,"R","$","E","B",null],"character_chosen":"IRONCLAD","items_purchased":["Immolate","Potion Belt","Shrug It Off","ClockworkSouvenir","Offering","Dexterity Potion"],"campfire_rested":4,"item_purchase_floors":[14,14,14,31,54,54],"current_hp_per_floor":[66,72,72,72,75,75,60,56,56,51,51,51,57,57,57,54,70,77,75,71,71,71,71,71,73,73,45,45,52,57,57,102,55,90,99,108,108,105,85,85,85,119,119,123,127,127,123,128,143,75,44,127,155,155,108,10],"gold":50,"neow_bonus":"ONE_RARE_RELIC","is_prod":false,"is_daily":false,"chose_seed":false,"campfire_upgraded":4,"win_rate":0,"timestamp":1551107085,"path_taken":["M","M","?","?","?","R","?","E","T","E","?","E","M","$","R","BOSS","M","M","M","?","?","R","?","E","T","E","R","E","M","$","R","BOSS","M","M","?","M","?","R","E","R","T","M","M","E","M","E","R","BOSS","BOSS","R","$","E","BOSS"],"build_version":"2019-01-23","purchased_purges":1,"victory":true,"max_hp_per_floor":[75,75,75,75,75,75,75,75,75,75,75,75,75,75,75,75,75,79,82,86,86,86,86,86,90,90,94,94,98,102,102,102,102,102,105,108,108,108,115,115,119,119,119,123,127,131,139,143,143,151,155,155,155,155,159,159],"card_choices":[{"not_picked":["Body Slam","Cleave","Heavy Blade"],"picked":"SKIP","floor":1},{"not_picked":["Sentinel","Sword Boomerang"],"picked":"Metallicize","floor":2},{"not_picked":["Power Through","Clash"],"picked":"Clothesline","floor":5},{"not_picked":["Fire Breathing","Reckless Charge"],"picked":"Anger","floor":7},{"not_picked":["Clothesline","Searing Blow","Body Slam"],"picked":"SKIP","floor":8},{"not_picked":["Clothesline","Searing Blow","Body Slam"],"picked":"SKIP","floor":8},{"not_picked":["Iron Wave","Feel No Pain"],"picked":"Pommel Strike","floor":10},{"not_picked":["Sever Soul","Ghostly Armor"],"picked":"Armaments","floor":12},{"not_picked":["Armaments","Thunderclap"],"picked":"True Grit","floor":13},{"not_picked":["Impervious","Demon Form"],"picked":"Feed","floor":16},{"not_picked":["Sever Soul+1","True Grit"],"picked":"Inflame","floor":18},{"not_picked":["Heavy Blade","Clothesline"],"picked":"Shockwave","floor":19},{"not_picked":["Whirlwind+1","Dual Wield"],"picked":"Rage","floor":20},{"not_picked":["Wild Strike","Dropkick+1","Flex"],"picked":"SKIP","floor":25},{"not_picked":["Clothesline","Feed"],"picked":"Impervious","floor":27},{"not_picked":["Twin Strike+1","Flame Barrier"],"picked":"Heavy Blade+1","floor":29},{"not_picked":["Rampage+1","Thunderclap+1"],"picked":"Uppercut+1","floor":30},{"not_picked":["Impervious","Fiend Fire+1"],"picked":"Reaper+1","floor":33},{"not_picked":["Dropkick+1","Headbutt+1"],"picked":"Flame Barrier+1","floor":35},{"not_picked":["Second Wind","Thunderclap+1"],"picked":"Headbutt+1","floor":36},{"not_picked":["Inflame","Perfected Strike+1"],"picked":"Seeing Red+1","floor":38},{"not_picked":["Battle Trance","Havoc"],"picked":"True Grit+1","floor":39},{"not_picked":["Thunderclap+1","Armaments","Blood for Blood+1"],"picked":"SKIP","floor":41},{"not_picked":["Infernal Blade","Evolve","Inflame"],"picked":"SKIP","floor":44},{"not_picked":["Anger+1","Rupture"],"picked":"Burning Pact+1","floor":45},{"not_picked":["Clash+1","Twin Strike+1","Wild Strike+1"],"picked":"SKIP","floor":46},{"not_picked":["Uppercut+1","Heavy Blade+1"],"picked":"Flame Barrier","floor":47},{"not_picked":["Sword Boomerang+1","Whirlwind+1"],"picked":"Sentinel","floor":48},{"not_picked":["Bludgeon+1","Sword Boomerang+1"],"picked":"Armaments","floor":55}],"player_experience":994290,"relics_obtained":[{"floor":7,"key":"Paper Frog"},{"floor":8,"key":"Bag of Preparation"},{"floor":9,"key":"Letter Opener"},{"floor":10,"key":"Self Forming Clay"},{"floor":12,"key":"War Paint"},{"floor":25,"key":"Regal Pillow"},{"floor":26,"key":"Whetstone"},{"floor":27,"key":"Molten Egg 2"},{"floor":29,"key":"PreservedInsect"},{"floor":41,"key":"Vajra"},{"floor":46,"key":"Pen Nib"},{"floor":48,"key":"Bag of Marbles"},{"floor":55,"key":"Art of War"}],"event_choices":[{"damage_healed":0,"gold_gain":0,"player_choice":"Upgraded","damage_taken":0,"max_hp_gain":0,"max_hp_loss":0,"event_name":"Upgrade Shrine","floor":3,"gold_loss":0,"cards_upgraded":["Bash"]},{"damage_healed":0,"gold_gain":0,"player_choice":"Searched \u00272\u0027 times","damage_taken":0,"max_hp_gain":0,"max_hp_loss":0,"event_name":"Dead Adventurer","floor":7,"gold_loss":0},{"damage_healed":0,"gold_gain":150,"player_choice":"AGREE","damage_taken":0,"max_hp_gain":0,"max_hp_loss":0,"event_name":"Liars Game","floor":11,"gold_loss":0,"cards_obtained":["Doubt"]},{"damage_healed":0,"gold_gain":0,"player_choice":"Obtain J.A.X.","damage_taken":0,"max_hp_gain":0,"max_hp_loss":0,"event_name":"Drug Dealer","floor":21,"gold_loss":0,"cards_obtained":["J.A.X."]},{"damage_healed":0,"gold_gain":0,"player_choice":"Ignored","damage_taken":0,"max_hp_gain":0,"max_hp_loss":0,"event_name":"Ghosts","floor":22,"gold_loss":0},{"damage_healed":0,"gold_gain":0,"player_choice":"Ignored","damage_taken":0,"max_hp_gain":0,"max_hp_loss":0,"event_name":"The Mausoleum","floor":24,"gold_loss":0},{"damage_healed":0,"gold_gain":0,"player_choice":"1 cards matched","damage_taken":0,"max_hp_gain":0,"max_hp_loss":0,"event_name":"Match and Keep!","floor":37,"gold_loss":0,"cards_obtained":["Feed"]}],"is_beta":false,"boss_relics":[{"not_picked":["Sozu","Lizard Tail"],"picked":"Runic Pyramid"},{"not_picked":["Empty Cage","Mark of Pain"],"picked":"Fusion Hammer"}],"items_purged_floors":[54],"is_endless":false,"potions_floor_spawned":[2,7,13,25,27,30,33,35,39,45,46,55],"ascension_level":20}