{"gold_per_floor":[219,231,10,37,52,52,110,138,138,138,155,185,185,26,26,101,101,111,111,122,136,136,136,165,30,55,55,75,94,4,35,35,109,109,127,1126,1150,642,642,642,672,692,692,692,374,385,385,401,401,401,401,401,401,0,34,34],"floor_reached":57,"playtime":5985,"items_purged":["Strike_R","Strike_R","Normality","Normality","Whirlwind+1"],"score":2727,"play_id":"ae7b00a2-0a12-461e-b10f-c912e9401c27","local_time":"20190318162406","is_ascension_mode":true,"campfire_choices":[{"data":"Carnage","floor":6,"key":"SMITH"},{"data":"Combust","floor":13,"key":"SMITH"},{"data":"Whirlwind","floor":15,"key":"SMITH"},{"data":"True Grit","floor":23,"key":"SMITH"},{"data":"Feel No Pain","floor":27,"key":"SMITH"},{"data":"Disarm","floor":32,"key":"SMITH"},{"data":"Demon Form","floor":40,"key":"SMITH"},{"floor":49,"key":"RECALL"},{"data":"Apotheosis","floor":53,"key":"SMITH"}],"neow_cost":"NONE","seed_source_timestamp":9586751242617,"circlet_count":0,"master_deck":["AscendersBane","Defend_R","Defend_R","Defend_R+1","Defend_R","Bash+1","Carnage+1","Spot Weakness","Headbutt","Battle Trance","Combust+1","Dark Shackles","Feel No Pain+1","True Grit+1","Offering+1","Shrug It Off+1","Corruption","True Grit+1","Demon Form+1","Disarm+1","Feel No Pain","Armaments","Havoc","Exhume","Intimidate+1","Pummel+1","Shrug It Off+1","Evolve","Thinking Ahead","Armaments","Sword Boomerang","Dark Shackles","Apotheosis+1","Mayhem","Shrug It Off","Thinking Ahead","Shrug It Off","Disarm","Flash of Steel","Master of Strategy","Burning Pact+1"],"relics":["Burning Blood","Membership Card","Whetstone","Tiny Chest","Odd Mushroom","Happy Flower","Meat on the Bone","Runic Cube","Self Forming Clay","Pen Nib","War Paint","Oddly Smooth Stone","Matryoshka","Astrolabe","Letter Opener","Vajra","Gambling Chip","Sundial","Bag of Preparation","Kunai","Frozen Eye","ClockworkSouvenir","Unceasing Top"],"potions_floor_usage":[7,8,12,24,35,56],"damage_taken":[{"damage":6,"enemies":"Cultist","floor":1,"turns":3},{"damage":4,"enemies":"Jaw Worm","floor":2,"turns":4},{"damage":0,"enemies":"Small Slimes","floor":5,"turns":2},{"damage":45,"enemies":"3 Sentries","floor":7,"turns":7},{"damage":0,"enemies":"The Mushroom Lair","floor":8,"turns":1},{"damage":9,"enemies":"Red Slaver","floor":11,"turns":3},{"damage":10,"enemies":"Lagavulin","floor":12,"turns":4},{"damage":47,"enemies":"Slime Boss","floor":16,"turns":7},{"damage":29,"enemies":"Shell Parasite","floor":18,"turns":4},{"damage":21,"enemies":"Chosen","floor":20,"turns":5},{"damage":16,"enemies":"Centurion and Healer","floor":21,"turns":7},{"damage":43,"enemies":"Book of Stabbing","floor":24,"turns":5},{"damage":16,"enemies":"Sentry and Sphere","floor":28,"turns":6},{"damage":0,"enemies":"Chosen and Byrds","floor":29,"turns":3},{"damage":12,"enemies":"Gremlin Leader","floor":31,"turns":6},{"damage":36,"enemies":"Collector","floor":33,"turns":8},{"damage":11,"enemies":"Orb Walker","floor":35,"turns":6},{"damage":29,"enemies":"Nemesis","floor":41,"turns":11},{"damage":0,"enemies":"3 Shapes","floor":42,"turns":13},{"damage":14,"enemies":"Jaw Worm Horde","floor":46,"turns":7},{"damage":14,"enemies":"Writhing Mass","floor":48,"turns":7},{"damage":4,"enemies":"Time Eater","floor":50,"turns":8},{"damage":29,"enemies":"Donu and Deca","floor":51,"turns":8},{"damage":6,"enemies":"Shield and Spear","floor":55,"turns":9},{"damage":52,"enemies":"The Heart","floor":56,"turns":12}],"seed_played":"-5820178623897943144","potions_obtained":[{"floor":2,"key":"Energy Potion"},{"floor":5,"key":"SteroidPotion"},{"floor":7,"key":"FearPotion"},{"floor":8,"key":"Dexterity Potion"},{"floor":16,"key":"Ancient Potion"},{"floor":20,"key":"Explosive Potion"},{"floor":21,"key":"PowerPotion"},{"floor":29,"key":"Ancient Potion"},{"floor":41,"key":"BloodPotion"},{"floor":48,"key":"Ancient Potion"}],"is_trial":false,"path_per_floor":["M","M","$","T","M","R","E","?","T","?","M","E","R","$","R","B",null,"M","T","M","M","?","R","E","$","T","R","M","M","$","E","R","B",null,"M","?","T","$","?","R","E","M","T","?","$","M","?","M","R","B","B",null,"R","$","E","B",null],"character_chosen":"IRONCLAD","items_purchased":["Membership Card","Dark Shackles","Feel No Pain","True Grit","War Paint","Disarm","Feel No Pain","Armaments","Gambling Chip","Sundial","Evolve","Thinking Ahead","Shrug It Off","Frozen Eye","Thinking Ahead","Disarm","Flash of Steel","Master of Strategy","ClockworkSouvenir","GamblersBrew"],"campfire_rested":0,"item_purchase_floors":[3,14,14,14,25,30,30,30,38,38,38,38,45,45,45,54,54,54,54,54],"current_hp_per_floor":[68,70,70,70,75,75,36,42,42,75,72,68,68,68,68,39,66,55,55,52,54,54,54,29,29,29,29,31,49,49,55,55,37,66,61,61,61,61,61,61,50,56,56,46,46,50,50,54,54,56,45,68,68,68,68,34],"gold":34,"neow_bonus":"HUNDRED_GOLD","is_prod":false,"is_daily":false,"chose_seed":false,"campfire_upgraded":8,"win_rate":0,"timestamp":1552922646,"path_taken":["M","M","$","?","M","R","E","?","T","?","M","E","R","$","R","BOSS","M","?","M","M","?","R","E","$","T","R","M","M","?","E","R","BOSS","M","?","?","$","?","R","E","M","T","?","$","M","?","M","R","BOSS","BOSS","R","$","E","BOSS"],"build_version":"2019-01-23","purchased_purges":5,"victory":true,"max_hp_per_floor":[75,75,75,75,75,75,75,75,75,75,75,75,75,75,75,75,75,75,75,75,75,75,75,75,75,75,75,75,75,75,75,75,75,75,75,75,75,75,75,75,75,75,75,75,75,75,75,75,75,75,75,75,75,75,75,75],"card_choices":[{"not_picked":["Sword Boomerang","Flex"],"picked":"Carnage","floor":1},{"not_picked":["Headbutt","Armaments"],"picked":"Whirlwind","floor":2},{"not_picked":["Wild Strike","Entrench"],"picked":"Uppercut","floor":5},{"not_picked":["Armaments","Flex"],"picked":"Spot Weakness","floor":7},{"not_picked":["Heavy Blade","Clash"],"picked":"Headbutt","floor":8},{"not_picked":["Rampage","Seeing Red"],"picked":"Battle Trance","floor":11},{"not_picked":["Burning Pact","Evolve"],"picked":"Combust","floor":12},{"not_picked":["Juggernaut","Barricade"],"picked":"Offering","floor":16},{"not_picked":["Anger","Twin Strike"],"picked":"Shrug It Off+1","floor":18},{"not_picked":["Wild Strike","Clash","Warcry"],"picked":"SKIP","floor":20},{"not_picked":["Spot Weakness","Sentinel"],"picked":"Corruption","floor":21},{"not_picked":["Intimidate","Corruption"],"picked":"True Grit+1","floor":24},{"not_picked":["Searing Blow","Combust"],"picked":"Demon Form","floor":28},{"not_picked":["Rage+1","Corruption","Thunderclap"],"picked":"SKIP","floor":29},{"not_picked":["Power Through","Hemokinesis"],"picked":"Havoc","floor":31},{"not_picked":["Brutality","Double Tap"],"picked":"Exhume","floor":33},{"not_picked":["Sentinel","Heavy Blade"],"picked":"Shrug It Off+1","floor":35},{"not_picked":["Sword Boomerang","Perfected Strike"],"picked":"Armaments","floor":41},{"not_picked":["Havoc","Second Wind"],"picked":"Sword Boomerang","floor":42},{"not_picked":["Panacea","Swift Strike"],"picked":"Dark Shackles","floor":44},{"not_picked":["Metamorphosis","Good Instincts"],"picked":"Apotheosis","floor":44},{"not_picked":["Transmutation","Mind Blast"],"picked":"Mayhem","floor":44},{"not_picked":["Rampage","Pommel Strike","Sword Boomerang"],"picked":"SKIP","floor":46},{"not_picked":["Heavy Blade","True Grit"],"picked":"Shrug It Off","floor":48},{"not_picked":["Thunderclap","Clash"],"picked":"Burning Pact+1","floor":55}],"player_experience":1033545,"relics_obtained":[{"floor":4,"key":"Whetstone"},{"floor":7,"key":"Tiny Chest"},{"floor":8,"key":"Odd Mushroom"},{"floor":9,"key":"Happy Flower"},{"floor":12,"key":"Meat on the Bone"},{"floor":19,"key":"Self Forming Clay"},{"floor":24,"key":"Pen Nib"},{"floor":26,"key":"Oddly Smooth Stone"},{"floor":31,"key":"Matryoshka"},{"floor":37,"key":"Letter Opener"},{"floor":37,"key":"Vajra"},{"floor":41,"key":"Bag of Preparation"},{"floor":43,"key":"Kunai"},{"floor":55,"key":"Unceasing Top"}],"event_choices":[{"damage_healed":0,"gold_gain":0,"player_choice":"Fought Mushrooms","damage_taken":0,"max_hp_gain":0,"max_hp_loss":0,"event_name":"Mushrooms","floor":8,"gold_loss":0},{"cards_removed":["Uppercut"],"damage_healed":33,"gold_gain":0,"player_choice":"Offered Uncommon","damage_taken":0,"max_hp_gain":0,"max_hp_loss":0,"event_name":"Bonfire Elementals","floor":10,"gold_loss":0},{"damage_healed":0,"gold_gain":0,"player_choice":"Ignored","damage_taken":0,"max_hp_gain":0,"max_hp_loss":0,"event_name":"Beggar","floor":22,"gold_loss":0},{"damage_healed":0,"gold_gain":999,"player_choice":"Gold","damage_taken":0,"max_hp_gain":0,"max_hp_loss":0,"event_name":"MindBloom","floor":36,"gold_loss":0,"cards_obtained":["Normality","Normality"]},{"cards_removed":["Rampage"],"damage_healed":0,"gold_gain":0,"player_choice":"Removed Attack","damage_taken":0,"max_hp_gain":0,"max_hp_loss":0,"event_name":"Falling","floor":39,"gold_loss":0},{"damage_healed":0,"gold_gain":0,"player_choice":"Memory 3","damage_taken":10,"max_hp_gain":0,"max_hp_loss":0,"event_name":"SensoryStone","floor":44,"gold_loss":0},{"damage_healed":0,"gold_gain":0,"player_choice":"Ignored","damage_taken":0,"max_hp_gain":0,"max_hp_loss":0,"event_name":"Tomb of Lord Red Mask","floor":47,"gold_loss":0}],"is_beta":false,"boss_relics":[{"not_picked":["Ectoplasm","Calling Bell"],"picked":"Runic Cube"},{"not_picked":["Lizard Tail","Pandora\u0027s Box"],"picked":"Astrolabe"}],"items_purged_floors":[14,25,38,45,54],"is_endless":false,"potions_floor_spawned":[2,5,7,8,16,20,21,29,31,41,48],"ascension_level":20}