{"gold_per_floor":[110,110,35,46,59,59,89,99,155,155,188,188,113,113,113,192,192,210,2,14,33,44,44,76,76,99,124,124,124,138,171,171,171],"floor_reached":33,"playtime":1786,"items_purged":["Regret"],"score":636,"play_id":"9689058b-34c7-47d4-b885-e058aa5fa73d","local_time":"20190207201233","is_ascension_mode":true,"campfire_choices":[{"data":"Bash","floor":6,"key":"SMITH"},{"data":"Body Slam","floor":10,"key":"SMITH"},{"data":"Cleave","floor":12,"key":"SMITH"},{"data":"Feel No Pain","floor":15,"key":"SMITH"},{"data":"Immolate","floor":23,"key":"SMITH"},{"data":"Limit Break","floor":25,"key":"SMITH"},{"data":"Flame Barrier","floor":29,"key":"SMITH"},{"floor":32,"key":"REST"}],"neow_cost":"NONE","seed_source_timestamp":27283317984499,"circlet_count":0,"master_deck":["AscendersBane","Strike_R","Strike_R","Strike_R","Defend_R","Defend_R","Defend_R","Defend_R","Bash+1","Shrug It Off","Flame Barrier+1","Cleave+1","Body Slam+1","Feel No Pain+1","Offering","Immolate+1","Limit Break+1","Impervious","Metallicize","Combust+1","Writhe","True Grit","Rupture"],"relics":["Burning Blood","Vajra","Strawberry","Tiny Chest","Bronze Scales","Cursed Key","Regal Pillow","Omamori","Potion Belt","Bag of Marbles"],"potions_floor_usage":[7,16,16,22,24,24],"damage_taken":[{"damage":9,"enemies":"Jaw Worm","floor":1,"turns":4},{"damage":2,"enemies":"2 Louse","floor":4,"turns":3},{"damage":0,"enemies":"Small Slimes","floor":5,"turns":5},{"damage":28,"enemies":"Gremlin Nob","floor":7,"turns":4},{"damage":12,"enemies":"Red Slaver","floor":8,"turns":5},{"damage":29,"enemies":"3 Sentries","floor":11,"turns":11},{"damage":36,"enemies":"Slime Boss","floor":16,"turns":10},{"damage":5,"enemies":"Chosen","floor":18,"turns":6},{"damage":11,"enemies":"2 Thieves","floor":20,"turns":2},{"damage":18,"enemies":"Snecko","floor":21,"turns":6},{"damage":0,"enemies":"Cultist and Chosen","floor":22,"turns":7},{"damage":6,"enemies":"Book of Stabbing","floor":24,"turns":4},{"damage":14,"enemies":"Snake Plant","floor":30,"turns":3},{"damage":28,"enemies":"Slavers","floor":31,"turns":7},{"damage":91,"enemies":"Champ","floor":33,"turns":13}],"seed_played":"2959437284203285751","potions_obtained":[{"floor":4,"key":"SteroidPotion"},{"floor":8,"key":"Dexterity Potion"},{"floor":11,"key":"Block Potion"},{"floor":16,"key":"SpeedPotion"},{"floor":22,"key":"Strength Potion"},{"floor":30,"key":"Explosive Potion"}],"is_trial":false,"path_per_floor":["M","?","$","M","M","R","E","M","T","R","E","R","?","?","R","B",null,"M","$","M","M","M","R","E","R","T","T","?","R","M","E","R","B"],"character_chosen":"IRONCLAD","items_purchased":["Limit Break","Fire Potion"],"campfire_rested":1,"item_purchase_floors":[19,19],"current_hp_per_floor":[72,72,72,76,82,82,67,61,61,61,38,38,38,38,38,8,69,70,70,65,53,59,59,59,59,59,59,59,59,51,29,70,0],"gold":171,"neow_bonus":"TEN_PERCENT_HP_BONUS","is_prod":false,"is_daily":false,"chose_seed":false,"campfire_upgraded":7,"win_rate":0,"timestamp":1549566753,"path_taken":["M","?","$","M","M","R","E","M","T","R","E","R","?","?","R","BOSS","M","$","M","M","M","R","E","R","T","?","?","R","M","E","R","BOSS"],"build_version":"2019-01-23","purchased_purges":1,"victory":false,"max_hp_per_floor":[82,82,82,82,82,82,89,89,89,89,89,89,89,89,89,89,89,89,89,89,89,89,89,89,89,89,89,89,89,89,89,89,89],"card_choices":[{"not_picked":["Rage","Corruption"],"picked":"Shrug It Off","floor":1},{"not_picked":["Corruption","Armaments"],"picked":"Flame Barrier","floor":4},{"not_picked":["True Grit","Iron Wave"],"picked":"Cleave","floor":5},{"not_picked":["Power Through","True Grit"],"picked":"Body Slam","floor":7},{"not_picked":["Iron Wave","Searing Blow"],"picked":"Feel No Pain","floor":8},{"not_picked":["Uppercut","Searing Blow"],"picked":"Offering","floor":11},{"not_picked":["Juggernaut","Brutality"],"picked":"Immolate","floor":16},{"not_picked":["Anger","Twin Strike","Heavy Blade"],"picked":"SKIP","floor":18},{"not_picked":["Flex","Clothesline"],"picked":"Impervious","floor":20},{"not_picked":["Pommel Strike","Anger+1","Clash"],"picked":"SKIP","floor":21},{"not_picked":["Wild Strike","Body Slam"],"picked":"Metallicize","floor":22},{"not_picked":["Uppercut","Ghostly Armor"],"picked":"Combust+1","floor":24},{"not_picked":["Flex","Searing Blow"],"picked":"True Grit","floor":30},{"not_picked":["Power Through","Flex"],"picked":"Rupture","floor":31}],"player_experience":915585,"relics_obtained":[{"floor":7,"key":"Strawberry"},{"floor":9,"key":"Tiny Chest"},{"floor":11,"key":"Bronze Scales"},{"floor":24,"key":"Regal Pillow"},{"floor":26,"key":"Omamori"},{"floor":27,"key":"Potion Belt"},{"floor":31,"key":"Bag of Marbles"}],"event_choices":[{"damage_healed":0,"gold_gain":0,"player_choice":"Box","damage_taken":0,"relics_obtained":["Vajra"],"max_hp_gain":0,"max_hp_loss":0,"event_name":"Big Fish","floor":2,"gold_loss":0,"cards_obtained":["Regret"]},{"cards_removed":["Strike_R"],"damage_healed":0,"gold_gain":0,"player_choice":"Card Removal","damage_taken":0,"max_hp_gain":0,"max_hp_loss":0,"event_name":"The Cleric","floor":13,"gold_loss":75},{"cards_removed":["Strike_R"],"damage_healed":0,"gold_gain":0,"player_choice":"Offered Basic","damage_taken":0,"max_hp_gain":0,"max_hp_loss":0,"event_name":"Bonfire Elementals","floor":14,"gold_loss":0},{"damage_healed":0,"gold_gain":0,"player_choice":"Ignored","damage_taken":0,"max_hp_gain":0,"max_hp_loss":0,"event_name":"Vampires","floor":28,"gold_loss":0}],"is_beta":false,"boss_relics":[{"not_picked":["Black Star","Tiny House"],"picked":"Cursed Key"}],"items_purged_floors":[3],"is_endless":false,"potions_floor_spawned":[4,8,11,16,22,30],"killed_by":"Champ","ascension_level":20}