{"gold_per_floor":[118,61,79,98,111,142,142,142,169,169,185,210,222,222],"floor_reached":14,"playtime":542,"items_purged":[],"score":204,"play_id":"a0f2471a-dd3f-428d-bd54-53d3fc2088b3","local_time":"20181120232254","is_ascension_mode":true,"campfire_choices":[{"data":"Sweeping Beam","floor":7,"key":"SMITH"}],"neow_cost":"NONE","seed_source_timestamp":23483449472849,"circlet_count":0,"master_deck":["AscendersBane","Strike_B","Strike_B","Strike_B","Defend_B","Defend_B","Defend_B","Defend_B","Zap","Dualcast","Gash","Sweeping Beam+1","Gash","Doom and Gloom","Conserve Battery+1","Gash","Ball Lightning"],"relics":["Cracked Core","Dream Catcher","Vajra","Potion Belt","Lantern"],"potions_floor_usage":[6,6,12,12],"damage_taken":[{"damage":0,"enemies":"Cultist","floor":1,"turns":3},{"damage":13,"enemies":"Small Slimes","floor":3,"turns":4},{"damage":3,"enemies":"2 Louse","floor":4,"turns":3},{"damage":0,"enemies":"Lots of Slimes","floor":5,"turns":1},{"damage":23,"enemies":"3 Sentries","floor":6,"turns":6},{"damage":6,"enemies":"Looter","floor":11,"turns":3},{"damage":17,"enemies":"Gremlin Nob","floor":12,"turns":4},{"damage":0,"enemies":"3 Louse","floor":13,"turns":2},{"damage":10,"enemies":"Lagavulin","floor":14,"turns":2}],"seed_played":"-6296488053414969992","potions_obtained":[{"floor":1,"key":"Regen Potion"},{"floor":4,"key":"Dexterity Potion"},{"floor":6,"key":"EssenceOfSteel"},{"floor":11,"key":"Weak Potion"}],"is_trial":false,"path_per_floor":["M","?","M","M","M","E","R","?","T","?","M","E","M","E"],"character_chosen":"DEFECT","items_purchased":[],"campfire_rested":0,"item_purchase_floors":[],"current_hp_per_floor":[64,64,51,48,48,40,40,33,33,33,27,10,10,0],"gold":222,"neow_bonus":"THREE_CARDS","is_prod":false,"is_daily":false,"chose_seed":false,"campfire_upgraded":1,"win_rate":0,"timestamp":1542752574,"path_taken":["M","?","?","?","M","E","R","?","T","?","?","E","M","E"],"build_version":"2018-11-15","purchased_purges":0,"victory":false,"max_hp_per_floor":[71,71,71,71,71,71,71,71,71,71,71,71,71,71],"card_choices":[{"not_picked":["Aggregate","Double Energy"],"picked":"Gash","floor":0},{"not_picked":["Doom and Gloom","Chill"],"picked":"Sweeping Beam","floor":1},{"not_picked":["Turbo","Lockon"],"picked":"Gash","floor":3},{"not_picked":["Chill","Stack"],"picked":"Doom and Gloom","floor":4},{"not_picked":["Fusion","Steam"],"picked":"Conserve Battery","floor":5},{"not_picked":["Rip and Tear","Multi-Cast"],"picked":"Gash","floor":6},{"not_picked":["Stack","Steam","Barrage"],"picked":"SKIP","floor":11},{"not_picked":["Force Field","Storm","Multi-Cast"],"picked":"SKIP","floor":12},{"not_picked":["Sweeping Beam","Go for the Eyes"],"picked":"Ball Lightning","floor":13}],"player_experience":594608,"relics_obtained":[{"floor":6,"key":"Vajra"},{"floor":9,"key":"Potion Belt"},{"floor":12,"key":"Lantern"}],"event_choices":[{"damage_healed":0,"gold_gain":0,"player_choice":"Paid Gold","damage_taken":0,"relics_obtained":["Dream Catcher"],"max_hp_gain":0,"max_hp_loss":0,"event_name":"WeMeetAgain","floor":2,"gold_loss":57},{"cards_removed":["Strike_B"],"damage_healed":0,"gold_gain":0,"player_choice":"Card Removal","damage_taken":7,"max_hp_gain":0,"max_hp_loss":0,"event_name":"Golden Wing","floor":8,"gold_loss":0},{"damage_healed":0,"gold_gain":0,"player_choice":"Forge","damage_taken":0,"max_hp_gain":0,"max_hp_loss":0,"event_name":"Accursed Blacksmith","floor":10,"gold_loss":0,"cards_upgraded":["Conserve Battery"]}],"is_beta":false,"boss_relics":[],"items_purged_floors":[],"is_endless":false,"potions_floor_spawned":[1,4,6,11],"killed_by":"Lagavulin","ascension_level":20}