{"gold_per_floor":[118,118,4,4,23,44,87,87,140,140,140,30,66,89,89,188,188,202,223,223,273,298,298],"floor_reached":23,"playtime":1329,"items_purged":["Strike_R"],"score":398,"play_id":"34bb9ec7-2388-42c7-94b3-90a2c8d420ac","local_time":"20181215135624","is_ascension_mode":true,"campfire_choices":[{"data":"Uppercut","floor":8,"key":"SMITH"},{"data":"True Grit","floor":10,"key":"SMITH"},{"data":"Disarm","floor":15,"key":"SMITH"}],"neow_cost":"NONE","seed_source_timestamp":9455496632767,"circlet_count":0,"master_deck":["AscendersBane","Strike_R","Strike_R","Strike_R","Strike_R","Defend_R","Defend_R","Defend_R+1","Defend_R+1","Bash","Uppercut+1","Disarm+1","Infernal Blade","True Grit+1","Battle Trance","Shrug It Off","True Grit","Juggernaut","Anger","Combust","Feed"],"relics":["Burning Blood","Golden Idol","Bag of Marbles","Potion Belt","War Paint","Nunchaku","Runic Pyramid","Enchiridion"],"potions_floor_usage":[7,13,14,14,18,22],"damage_taken":[{"damage":6,"enemies":"2 Louse","floor":1,"turns":3},{"damage":5,"enemies":"Jaw Worm","floor":5,"turns":4},{"damage":6,"enemies":"Small Slimes","floor":6,"turns":3},{"damage":23,"enemies":"3 Sentries","floor":7,"turns":11},{"damage":3,"enemies":"Gremlin Nob","floor":13,"turns":3},{"damage":5,"enemies":"Exordium Thugs","floor":14,"turns":4},{"damage":30,"enemies":"The Guardian","floor":16,"turns":15},{"damage":12,"enemies":"Chosen","floor":18,"turns":8},{"damage":10,"enemies":"Spheric Guardian","floor":19,"turns":6},{"damage":29,"enemies":"Cultist and Chosen","floor":22,"turns":6},{"damage":13,"enemies":"Book of Stabbing","floor":23,"turns":4}],"seed_played":"-5517412691849429214","potions_obtained":[{"floor":1,"key":"Swift Potion"},{"floor":5,"key":"Fire Potion"},{"floor":13,"key":"Energy Potion"},{"floor":16,"key":"GamblersBrew"},{"floor":18,"key":"Ancient Potion"},{"floor":19,"key":"Explosive Potion"}],"is_trial":false,"path_per_floor":["M","?","$","?","M","M","E","R","T","R","?","$","E","M","R","B",null,"M","M","?","?","M","E"],"character_chosen":"IRONCLAD","items_purchased":["Disarm","Shrug It Off","AttackPotion"],"campfire_rested":0,"item_purchase_floors":[3,12,12],"current_hp_per_floor":[75,74,74,74,74,74,57,57,57,57,57,57,60,61,61,37,65,59,55,34,34,11,0],"gold":298,"neow_bonus":"TEN_PERCENT_HP_BONUS","is_prod":false,"is_daily":false,"chose_seed":false,"campfire_upgraded":3,"win_rate":0,"timestamp":1544878584,"path_taken":["M","?","$","?","?","M","E","R","T","R","?","?","E","M","R","BOSS","M","M","?","?","?","E"],"build_version":"2018-12-13","purchased_purges":1,"victory":false,"max_hp_per_floor":[82,74,74,74,74,74,74,74,74,74,74,74,74,74,74,74,74,74,74,74,74,74,74],"card_choices":[{"not_picked":["Heavy Blade","Twin Strike"],"picked":"Uppercut","floor":1},{"not_picked":["Entrench","Body Slam"],"picked":"Infernal Blade","floor":5},{"not_picked":["Havoc","Dual Wield"],"picked":"True Grit","floor":6},{"not_picked":["Cleave","Brutality"],"picked":"Battle Trance","floor":7},{"not_picked":["Rage","Metallicize"],"picked":"True Grit","floor":13},{"not_picked":["Pommel Strike","Warcry","Searing Blow"],"picked":"SKIP","floor":14},{"not_picked":["Double Tap","Dark Embrace"],"picked":"Juggernaut","floor":16},{"not_picked":["Sword Boomerang","Clash"],"picked":"Anger","floor":18},{"not_picked":["Warcry","Intimidate+1"],"picked":"Combust","floor":19},{"not_picked":["Clash","Perfected Strike"],"picked":"Feed","floor":22}],"player_experience":642230,"relics_obtained":[{"floor":7,"key":"Bag of Marbles"},{"floor":9,"key":"Potion Belt"},{"floor":13,"key":"Nunchaku"},{"floor":20,"key":"Enchiridion"}],"event_choices":[{"damage_healed":0,"gold_gain":0,"player_choice":"Lose Max HP","damage_taken":0,"relics_obtained":["Golden Idol"],"max_hp_gain":0,"max_hp_loss":8,"event_name":"Golden Idol","floor":2,"gold_loss":0},{"damage_healed":0,"gold_gain":0,"player_choice":"Leave","damage_taken":0,"max_hp_gain":0,"max_hp_loss":0,"event_name":"The Cleric","floor":4,"gold_loss":0},{"damage_healed":0,"gold_gain":0,"player_choice":"Searched \u00271\u0027 times","damage_taken":0,"relics_obtained":["War Paint"],"max_hp_gain":0,"max_hp_loss":0,"event_name":"Dead Adventurer","floor":11,"gold_loss":0},{"damage_healed":0,"gold_gain":0,"player_choice":"Obtained Book","damage_taken":21,"max_hp_gain":0,"max_hp_loss":0,"event_name":"Cursed Tome","floor":20,"gold_loss":0},{"damage_healed":0,"gold_gain":50,"player_choice":"Pray","damage_taken":0,"max_hp_gain":0,"max_hp_loss":0,"event_name":"Golden Shrine","floor":21,"gold_loss":0}],"is_beta":false,"boss_relics":[{"not_picked":["Runic Dome","Velvet Choker"],"picked":"Runic Pyramid"}],"items_purged_floors":[3],"is_endless":false,"potions_floor_spawned":[1,5,13,16,18,19],"killed_by":"Book of Stabbing","ascension_level":20}