{"gold_per_floor":[216,32,49,99,110,110,144,162,162,178,12,24,24,58,58,135,135,145,13,13,13,32,32,32],"floor_reached":24,"playtime":1160,"items_purged":[],"score":412,"play_id":"2206a285-d27f-4046-9161-494625ddf8c6","local_time":"20190203200237","is_ascension_mode":true,"campfire_choices":[{"data":"Bash","floor":6,"key":"SMITH"},{"floor":13,"key":"REST"},{"data":"Disarm","floor":15,"key":"SMITH"},{"data":"Armaments","floor":23,"key":"SMITH"}],"neow_cost":"NONE","seed_source_timestamp":26336819299991,"circlet_count":0,"master_deck":["AscendersBane","Strike_R","Strike_R","Strike_R","Strike_R","Strike_R","Defend_R","Defend_R","Defend_R","Defend_R","Bash+1","Disarm+1","Disarm","Twin Strike","Evolve","Infernal Blade","Armaments+1","Limit Break","Impervious","Pommel Strike+1","Disarm","Spot Weakness","Clothesline"],"relics":["Burning Blood","Mummified Hand","Pantograph","Bag of Preparation","Letter Opener","Cursed Key"],"potions_floor_usage":[7,7,8,8,12,12,14,18,24,24],"damage_taken":[{"damage":9,"enemies":"Small Slimes","floor":1,"turns":4},{"damage":1,"enemies":"Cultist","floor":3,"turns":3},{"damage":11,"enemies":"Jaw Worm","floor":5,"turns":6},{"damage":36,"enemies":"Gremlin Nob","floor":7,"turns":4},{"damage":32,"enemies":"Exordium Thugs","floor":8,"turns":6},{"damage":6,"enemies":"Blue Slaver","floor":10,"turns":6},{"damage":14,"enemies":"Large Slime","floor":12,"turns":6},{"damage":15,"enemies":"3 Sentries","floor":14,"turns":8},{"damage":37,"enemies":"Hexaghost","floor":16,"turns":13},{"damage":10,"enemies":"3 Byrds","floor":18,"turns":7},{"damage":5,"enemies":"Chosen","floor":22,"turns":5},{"damage":64,"enemies":"Gremlin Leader","floor":24,"turns":6}],"seed_played":"1296360651141099410","potions_obtained":[{"floor":7,"key":"GamblersBrew"},{"floor":8,"key":"BloodPotion"},{"floor":10,"key":"Energy Potion"},{"floor":12,"key":"SteroidPotion"},{"floor":14,"key":"Fire Potion"},{"floor":18,"key":"GamblersBrew"}],"is_trial":false,"path_per_floor":["M","$","M","?","M","R","E","M","T","M","$","M","R","E","R","B",null,"M","$","?","?","M","R","E"],"character_chosen":"IRONCLAD","items_purchased":["Disarm","EntropicBrew","Bag of Preparation","Disarm","PowerPotion"],"campfire_rested":1,"item_purchase_floors":[2,2,11,19,19],"current_hp_per_floor":[65,65,70,70,65,65,35,9,9,9,9,8,30,21,21,15,60,56,56,56,56,57,57,0],"gold":32,"neow_bonus":"HUNDRED_GOLD","is_prod":false,"is_daily":false,"chose_seed":false,"campfire_upgraded":3,"win_rate":0,"timestamp":1549220557,"path_taken":["M","$","M","?","M","R","E","M","T","M","$","M","R","E","R","BOSS","M","$","?","?","?","R","E"],"build_version":"2019-01-23","purchased_purges":0,"victory":false,"max_hp_per_floor":[75,75,75,75,75,75,75,75,75,75,75,75,75,75,75,75,75,75,75,75,75,75,75,75],"card_choices":[{"not_picked":["Iron Wave","Reckless Charge"],"picked":"Disarm","floor":1},{"not_picked":["Corruption","Wild Strike"],"picked":"Twin Strike","floor":3},{"not_picked":["Bloodletting","Seeing Red","True Grit"],"picked":"SKIP","floor":5},{"not_picked":["Seeing Red","Second Wind"],"picked":"Evolve","floor":7},{"not_picked":["Second Wind","Blood for Blood"],"picked":"Infernal Blade","floor":8},{"not_picked":["Body Slam","Bloodletting"],"picked":"Armaments","floor":10},{"not_picked":["Sever Soul","Evolve","Warcry"],"picked":"SKIP","floor":12},{"not_picked":["Burning Pact","Clothesline"],"picked":"Limit Break","floor":14},{"not_picked":["Exhume","Juggernaut"],"picked":"Impervious","floor":16},{"not_picked":["Blood for Blood","Warcry"],"picked":"Pommel Strike+1","floor":18},{"not_picked":["Heavy Blade","Armaments"],"picked":"Clothesline","floor":22}],"player_experience":872962,"relics_obtained":[{"floor":7,"key":"Mummified Hand"},{"floor":9,"key":"Pantograph"},{"floor":14,"key":"Letter Opener"}],"event_choices":[{"damage_healed":0,"gold_gain":50,"player_choice":"Pray","damage_taken":0,"max_hp_gain":0,"max_hp_loss":0,"event_name":"Golden Shrine","floor":4,"gold_loss":0},{"damage_healed":0,"gold_gain":0,"player_choice":"Read","damage_taken":0,"max_hp_gain":0,"max_hp_loss":0,"event_name":"The Library","floor":20,"gold_loss":0,"cards_obtained":["Spot Weakness"]},{"damage_healed":0,"gold_gain":0,"player_choice":"Ignored","damage_taken":0,"max_hp_gain":0,"max_hp_loss":0,"event_name":"The Mausoleum","floor":21,"gold_loss":0}],"is_beta":false,"boss_relics":[{"not_picked":["Runic Cube","Coffee Dripper"],"picked":"Cursed Key"}],"items_purged_floors":[],"is_endless":false,"potions_floor_spawned":[7,8,10,12,14,18],"killed_by":"Gremlin Leader","ascension_level":20}