{"gold_per_floor":[115,129,142,92,167,167,167,248,248,173,173,143,170,17,17,118,118,137,137,137,156,156,182,182,182,182,182,37,37,37,47,47,47],"floor_reached":33,"playtime":1356,"items_purged":["Defend_R"],"score":257,"play_id":"18530473-accf-4a12-b7f2-edccd1a22be4","local_time":"20190203134241","is_ascension_mode":false,"campfire_choices":[{"data":"Shockwave","floor":6,"key":"SMITH"},{"floor":15,"key":"REST"},{"data":"Limit Break","floor":24,"key":"SMITH"},{"data":"Demon Form","floor":27,"key":"SMITH"},{"floor":30,"key":"REST"},{"data":"Feed","floor":32,"key":"SMITH"}],"neow_cost":"NONE","seed_source_timestamp":1131583296559461,"circlet_count":0,"master_deck":["Strike_R+1","Strike_R+1","Strike_R+1","Defend_R+1","Bash","Disarm","True Grit+1","Shockwave+1","Demon Form+1","Dropkick","Limit Break+1","Feel No Pain+1","Barricade+1","Fiend Fire+1","Anger","Rage","Feed+1"],"relics":["Burning Blood","NeowsBlessing","Kunai","Gremlin Horn","Self Forming Clay","Regal Pillow","Astrolabe","Gambling Chip","Meat on the Bone","Juzu Bracelet"],"potions_floor_usage":[13,16,23],"damage_taken":[{"damage":0,"enemies":"Cultist","floor":1,"turns":1},{"damage":0,"enemies":"Small Slimes","floor":2,"turns":1},{"damage":0,"enemies":"Jaw Worm","floor":3,"turns":1},{"damage":6,"enemies":"Looter","floor":12,"turns":4},{"damage":22,"enemies":"Gremlin Nob","floor":13,"turns":5},{"damage":33,"enemies":"The Guardian","floor":16,"turns":8},{"damage":10,"enemies":"Shell Parasite","floor":18,"turns":6},{"damage":20,"enemies":"3 Byrds","floor":21,"turns":7},{"damage":18,"enemies":"Book of Stabbing","floor":23,"turns":10},{"damage":20,"enemies":"Colosseum Slavers","floor":29,"turns":5},{"damage":24,"enemies":"Snake Plant","floor":31,"turns":4},{"damage":79,"enemies":"Automaton","floor":33,"turns":6}],"seed_played":"-3648883059971794055","potions_obtained":[{"floor":2,"key":"Block Potion"},{"floor":13,"key":"Regen Potion"},{"floor":21,"key":"Dexterity Potion"},{"floor":31,"key":"SteroidPotion"}],"is_trial":false,"path_per_floor":["M","M","M","?","?","R","?","T","T","$","?","M","E","$","R","B",null,"M","?","$","M","?","E","R","$","T","R","$","?","R","M","R","B"],"character_chosen":"IRONCLAD","items_purchased":["Limit Break","Juzu Bracelet"],"campfire_rested":2,"item_purchase_floors":[14,28],"current_hp_per_floor":[80,80,80,80,69,69,57,57,57,57,57,57,41,41,80,63,80,76,76,76,62,62,50,50,50,50,50,50,48,80,62,62,0],"gold":47,"neow_bonus":"THREE_ENEMY_KILL","is_prod":false,"is_daily":false,"chose_seed":false,"campfire_upgraded":4,"win_rate":0,"timestamp":1549215761,"path_taken":["M","?","M","?","?","R","?","?","T","$","?","?","E","?","R","BOSS","M","?","$","M","?","E","R","$","T","R","$","?","R","M","R","BOSS"],"build_version":"2019-01-23","purchased_purges":1,"victory":false,"max_hp_per_floor":[80,80,80,80,80,80,80,80,80,80,80,80,80,80,80,80,80,80,80,80,80,80,80,80,80,80,80,80,80,80,80,80,80],"card_choices":[{"not_picked":["Clash","Uppercut"],"picked":"Disarm","floor":1},{"not_picked":["Body Slam","Pommel Strike"],"picked":"True Grit","floor":2},{"not_picked":["Infernal Blade","Shockwave","Rage"],"picked":"SKIP","floor":3},{"not_picked":["Infernal Blade","Rage"],"picked":"Shockwave","floor":3},{"not_picked":["Perfected Strike","Spot Weakness"],"picked":"Demon Form","floor":12},{"not_picked":["Rage","Clash"],"picked":"Dropkick","floor":13},{"not_picked":["Body Slam","Pommel Strike"],"picked":"Anger","floor":18},{"not_picked":["Whirlwind","Wild Strike+1"],"picked":"Rage","floor":21},{"not_picked":["Havoc","Hemokinesis","Rage"],"picked":"SKIP","floor":23},{"not_picked":["Combust","Wild Strike+1"],"picked":"Feed","floor":31}],"player_experience":407065,"relics_obtained":[{"floor":8,"key":"Gremlin Horn"},{"floor":9,"key":"Self Forming Clay"},{"floor":13,"key":"Regal Pillow"},{"floor":23,"key":"Gambling Chip"},{"floor":26,"key":"Meat on the Bone"}],"event_choices":[{"cards_removed":["Strike_R"],"damage_healed":0,"gold_gain":0,"player_choice":"Card Removal","damage_taken":0,"max_hp_gain":0,"max_hp_loss":0,"event_name":"The Cleric","floor":4,"gold_loss":50},{"damage_healed":0,"gold_gain":75,"player_choice":"Gather Gold","damage_taken":11,"max_hp_gain":0,"max_hp_loss":0,"event_name":"World of Goop","floor":5,"gold_loss":0},{"damage_healed":0,"gold_gain":0,"player_choice":"Success","damage_taken":12,"relics_obtained":["Kunai"],"max_hp_gain":0,"max_hp_loss":0,"event_name":"Scrap Ooze","floor":7,"gold_loss":0},{"damage_healed":0,"gold_gain":0,"player_choice":"Upgraded","damage_taken":0,"max_hp_gain":0,"max_hp_loss":0,"event_name":"Upgrade Shrine","floor":11,"gold_loss":0,"cards_upgraded":["True Grit"]},{"damage_healed":0,"gold_gain":0,"player_choice":"Ignored","damage_taken":0,"max_hp_gain":0,"max_hp_loss":0,"event_name":"Ghosts","floor":19,"gold_loss":0},{"damage_healed":0,"gold_gain":0,"player_choice":"Simplicity","damage_taken":0,"max_hp_gain":0,"max_hp_loss":0,"event_name":"Back to Basics","floor":22,"gold_loss":0,"cards_upgraded":["Strike_R","Strike_R","Strike_R","Defend_R"]},{"damage_healed":0,"gold_gain":0,"player_choice":"Fight","damage_taken":0,"max_hp_gain":0,"max_hp_loss":0,"event_name":"Colosseum","floor":29,"gold_loss":0},{"damage_healed":0,"gold_gain":0,"player_choice":"Fled From Nobs","damage_taken":0,"max_hp_gain":0,"max_hp_loss":0,"event_name":"Colosseum","floor":29,"gold_loss":0}],"is_beta":false,"boss_relics":[{"not_picked":["Snecko Eye","Coffee Dripper"],"picked":"Astrolabe"}],"items_purged_floors":[10],"is_endless":false,"potions_floor_spawned":[2,13,21,31],"killed_by":"Automaton","ascension_level":0}