{"gold_per_floor":[118,118,118,293,305,230,240,265,289,289,302,302,320,338,338,440,440,453,453,453,472,472,501,501,401,401,448,461,461,495,513,513,617,617,636,483,483,163,163,163,174,274,274,274,274,285,285,331,331,331,331,331,96,126,126],"floor_reached":56,"playtime":3917,"items_purged":["Doubt","Defend_B","Defend_B"],"score":1181,"play_id":"8870e5cc-ce47-455f-b941-452c7136d483","local_time":"20190424155957","is_ascension_mode":false,"campfire_choices":[{"floor":10,"key":"REST"},{"data":"Buffer","floor":12,"key":"SMITH"},{"floor":15,"key":"REST"},{"floor":24,"key":"REST"},{"floor":29,"key":"RECALL"},{"floor":32,"key":"REST"},{"data":"Zap","floor":40,"key":"SMITH"},{"data":"Madness","floor":49,"key":"SMITH"},{"data":"Seek","floor":52,"key":"SMITH"}],"neow_cost":"CURSE","seed_source_timestamp":519766931158421,"circlet_count":0,"master_deck":["Zap+1","Dualcast","Defragment","Go for the Eyes","Buffer+1","Echo Form","Chill","Defragment","Seek+1","Self Repair+1","Bite","Bite","Bite","Bite","Defragment","Beam Cell+1","Cold Snap","Machine Learning","Glacier+1","Buffer+1","Cold Snap","Madness+1","Madness","Blind","Blizzard"],"relics":["Cracked Core","Torii","Bag of Marbles","Art of War","Juzu Bracelet","Lizard Tail","Dream Catcher","Bronze Scales","Question Card","Empty Cage","Strawberry","Runic Capacitor","Dead Branch","FossilizedHelix","Dodecahedron","Oddly Smooth Stone","Bottled Tornado"],"potions_floor_usage":[11,14,14,23,35,50,55,55],"damage_taken":[{"damage":1,"enemies":"2 Louse","floor":1,"turns":2},{"damage":7,"enemies":"Jaw Worm","floor":5,"turns":5},{"damage":2,"enemies":"Cultist","floor":7,"turns":5},{"damage":26,"enemies":"Lagavulin","floor":8,"turns":8},{"damage":6,"enemies":"2 Fungi Beasts","floor":11,"turns":2},{"damage":1,"enemies":"Blue Slaver","floor":13,"turns":3},{"damage":0,"enemies":"Red Slaver","floor":14,"turns":4},{"damage":24,"enemies":"Hexaghost","floor":16,"turns":11},{"damage":35,"enemies":"3 Byrds","floor":18,"turns":9},{"damage":21,"enemies":"Colosseum Slavers","floor":20,"turns":7},{"damage":2,"enemies":"Spheric Guardian","floor":21,"turns":6},{"damage":20,"enemies":"Book of Stabbing","floor":23,"turns":8},{"damage":21,"enemies":"Centurion and Healer","floor":28,"turns":12},{"damage":49,"enemies":"Slavers","floor":30,"turns":8},{"damage":44,"enemies":"3 Cultists","floor":31,"turns":6},{"damage":33,"enemies":"Champ","floor":33,"turns":14},{"damage":18,"enemies":"3 Darklings","floor":35,"turns":10},{"damage":20,"enemies":"Orb Walker","floor":41,"turns":6},{"damage":0,"enemies":"Mind Bloom Boss Battle","floor":42,"turns":10},{"damage":1,"enemies":"3 Darklings","floor":46,"turns":7},{"damage":0,"enemies":"Donu and Deca","floor":50,"turns":11},{"damage":21,"enemies":"Shield and Spear","floor":54,"turns":11},{"damage":14,"enemies":"The Heart","floor":55,"turns":14}],"seed_played":"206386949005605835","potions_obtained":[{"floor":5,"key":"Energy Potion"},{"floor":8,"key":"AttackPotion"},{"floor":13,"key":"EssenceOfSteel"},{"floor":14,"key":"LiquidBronze"},{"floor":21,"key":"EssenceOfSteel"},{"floor":33,"key":"Energy Potion"},{"floor":35,"key":"Swift Potion"},{"floor":41,"key":"Ancient Potion"}],"is_trial":false,"path_per_floor":["M","?","?","?","M","$","M","E","T","R","M","R","M","M","R","B",null,"M","?","?","M","?","E","R","$","T","T","M","R","E","M","R","B",null,"M","$","?","$","T","R","M","?","T","?","?","M","?","T","R","B",null,"R","$","E","B",null],"character_chosen":"DEFECT","items_purchased":["Strawberry","Runic Capacitor","FocusPotion","Blind","Blizzard"],"campfire_rested":4,"item_purchase_floors":[36,38,53,53,53],"current_hp_per_floor":[74,56,61,61,54,54,52,26,26,50,44,44,43,43,67,43,80,45,45,24,22,22,26,42,42,42,42,56,56,43,35,51,56,56,56,63,63,63,63,63,54,63,63,63,55,63,63,63,63,63,63,63,63,63,63],"gold":126,"neow_bonus":"ONE_RARE_RELIC","is_prod":false,"is_daily":false,"chose_seed":false,"campfire_upgraded":4,"win_rate":0,"timestamp":1556132397,"path_taken":["M","?","?","?","M","$","M","E","T","R","M","R","M","M","R","BOSS","M","?","?","M","?","E","R","$","T","?","M","R","E","M","R","BOSS","M","$","?","$","?","R","M","?","T","?","?","M","?","?","R","BOSS","R","$","E","BOSS"],"build_version":"2019-01-23","purchased_purges":3,"victory":true,"max_hp_per_floor":[75,75,80,80,80,80,80,80,80,80,80,80,80,80,80,80,80,80,80,80,80,56,56,56,56,56,56,56,56,56,56,56,56,56,56,63,63,63,63,63,63,63,63,63,63,63,63,63,63,63,63,63,63,63,63],"card_choices":[{"not_picked":["FTL","Hologram"],"picked":"Defragment","floor":1},{"not_picked":["Undo","Leap"],"picked":"Go for the Eyes","floor":5},{"not_picked":["Beam Cell","Chill"],"picked":"Buffer","floor":7},{"not_picked":["Streamline","Redo"],"picked":"Echo Form","floor":8},{"not_picked":["Barrage","Tempest"],"picked":"Chill","floor":11},{"not_picked":["Hologram","Rebound"],"picked":"Defragment","floor":13},{"not_picked":["Blizzard","Go for the Eyes","Compile Driver"],"picked":"SKIP","floor":14},{"not_picked":["Echo Form","Thunder Strike"],"picked":"Seek","floor":16},{"not_picked":["Stack","Steam+1","Go for the Eyes"],"picked":"SKIP","floor":18},{"not_picked":["Ball Lightning+1","Static Discharge"],"picked":"Self Repair+1","floor":21},{"not_picked":["Steam+1","Stack","Turbo+1"],"picked":"SKIP","floor":23},{"not_picked":["Hologram","Redo","Compile Driver"],"picked":"SKIP","floor":28},{"not_picked":["Glacier","Hologram"],"picked":"Defragment","floor":30},{"not_picked":["Ball Lightning","Stack+1","Multi-Cast"],"picked":"Beam Cell+1","floor":31},{"not_picked":["Storm","Barrage","Rebound+1"],"picked":"Cold Snap","floor":32},{"not_picked":["Core Surge","Buffer","Rainbow"],"picked":"Machine Learning","floor":33},{"not_picked":["Rip and Tear","Stack+1","Undo+1"],"picked":"Glacier+1","floor":35},{"not_picked":["Recycle+1","Turbo","Steam Power+1","Hologram+1"],"picked":"SKIP","floor":41},{"not_picked":["Hello World+1","Undo+1","Compile Driver+1"],"picked":"Cold Snap","floor":42},{"not_picked":["Ball Lightning","Lockon+1","Beam Cell+1","Hologram"],"picked":"SKIP","floor":46},{"not_picked":["Conserve Battery","Consume","Turbo","Blizzard"],"picked":"SKIP","floor":54}],"player_experience":645870,"relics_obtained":[{"floor":8,"key":"Art of War"},{"floor":9,"key":"Juzu Bracelet"},{"floor":23,"key":"Dream Catcher"},{"floor":27,"key":"Bronze Scales"},{"floor":30,"key":"Question Card"},{"floor":39,"key":"Dead Branch"},{"floor":42,"key":"FossilizedHelix"},{"floor":43,"key":"Dodecahedron"},{"floor":48,"key":"Oddly Smooth Stone"},{"floor":54,"key":"Bottled Tornado"}],"event_choices":[{"damage_healed":0,"gold_gain":0,"player_choice":"Success","damage_taken":18,"relics_obtained":["Bag of Marbles"],"max_hp_gain":0,"max_hp_loss":0,"event_name":"Scrap Ooze","floor":2,"gold_loss":0},{"damage_healed":0,"gold_gain":0,"player_choice":"Donut","damage_taken":0,"max_hp_gain":5,"max_hp_loss":0,"event_name":"Big Fish","floor":3,"gold_loss":0},{"damage_healed":0,"gold_gain":175,"player_choice":"AGREE","damage_taken":0,"max_hp_gain":0,"max_hp_loss":0,"event_name":"Liars Game","floor":4,"gold_loss":0,"cards_obtained":["Doubt"]},{"cards_removed":["Injury"],"damage_healed":0,"gold_gain":0,"player_choice":"Removed Curses","damage_taken":0,"max_hp_gain":0,"max_hp_loss":0,"event_name":"Fountain of Cleansing","floor":19,"gold_loss":0},{"damage_healed":0,"gold_gain":0,"player_choice":"Fight","damage_taken":0,"max_hp_gain":0,"max_hp_loss":0,"event_name":"Colosseum","floor":20,"gold_loss":0},{"damage_healed":0,"gold_gain":0,"player_choice":"Fled From Nobs","damage_taken":0,"max_hp_gain":0,"max_hp_loss":0,"event_name":"Colosseum","floor":20,"gold_loss":0},{"damage_healed":0,"gold_gain":0,"player_choice":"Became a vampire","damage_taken":0,"max_hp_gain":0,"max_hp_loss":24,"event_name":"Vampires","floor":22,"gold_loss":0,"cards_obtained":["Bite","Bite","Bite","Bite","Bite"]},{"damage_healed":0,"gold_gain":0,"player_choice":"Copied","damage_taken":0,"max_hp_gain":0,"max_hp_loss":0,"event_name":"Duplicator","floor":37,"gold_loss":0,"cards_obtained":["Buffer"]},{"damage_healed":0,"gold_gain":0,"player_choice":"Fight","damage_taken":0,"max_hp_gain":0,"max_hp_loss":0,"event_name":"MindBloom","floor":42,"gold_loss":0},{"damage_healed":0,"gold_gain":0,"player_choice":"Ignored","damage_taken":0,"max_hp_gain":0,"max_hp_loss":0,"event_name":"Tomb of Lord Red Mask","floor":44,"gold_loss":0},{"damage_healed":0,"gold_gain":0,"player_choice":"Embrace Madness","damage_taken":8,"max_hp_gain":0,"max_hp_loss":0,"event_name":"Winding Halls","floor":45,"gold_loss":0,"cards_obtained":["Madness","Madness"]},{"cards_removed":["Bite"],"damage_healed":0,"gold_gain":0,"player_choice":"Removed Attack","damage_taken":0,"max_hp_gain":0,"max_hp_loss":0,"event_name":"Falling","floor":47,"gold_loss":0}],"is_beta":false,"boss_relics":[{"not_picked":["Fusion Hammer","White Beast Statue"],"picked":"Lizard Tail"},{"not_picked":["Sozu","Snecko Eye"],"picked":"Empty Cage"}],"items_purged_floors":[6,25,38],"is_endless":false,"potions_floor_spawned":[5,8,13,14,20,21,33,35,41,54],"ascension_level":0}