{"gold_per_floor":[19,35,35,35,110,110,142,55,81,81,110,110,110,60,60,60],"floor_reached":16,"playtime":649,"items_purged":["Strike_R"],"score":198,"play_id":"97d77a74-e8b2-47ad-8efa-017072ccf901","local_time":"20190521103210","is_ascension_mode":true,"campfire_choices":[{"floor":6,"key":"REST"},{"floor":10,"key":"REST"},{"floor":12,"key":"REST"},{"data":"Metallicize","floor":15,"key":"SMITH"}],"neow_cost":"NO_GOLD","seed_source_timestamp":269464806317598,"circlet_count":0,"master_deck":["AscendersBane","Strike_R","Strike_R+1","Strike_R","Strike_R","Defend_R","Defend_R","Defend_R+1","Defend_R","Bash","Evolve","Shockwave+1","Warcry+1","Metallicize+1","Twin Strike"],"relics":["Burning Blood","Bird Faced Urn","Mango","Peace Pipe","Smiling Mask","War Paint","Golden Idol"],"potions_floor_usage":[7,11],"damage_taken":[{"damage":7,"enemies":"Cultist","floor":1,"turns":4},{"damage":8,"enemies":"Jaw Worm","floor":2,"turns":6},{"damage":35,"enemies":"3 Sentries","floor":7,"turns":11},{"damage":41,"enemies":"Gremlin Nob","floor":11,"turns":5},{"damage":62,"enemies":"Hexaghost","floor":16,"turns":12}],"seed_played":"-9009219079966754996","potions_obtained":[{"floor":1,"key":"Energy Potion"},{"floor":2,"key":"Energy Potion"}],"is_trial":false,"path_per_floor":["M","M","?","?","?","R","E","$","T","R","E","R","?","$","R","B"],"character_chosen":"IRONCLAD","items_purchased":["Metallicize"],"campfire_rested":3,"item_purchase_floors":[8],"current_hp_per_floor":[67,65,74,47,36,62,35,35,35,61,30,56,56,56,56,0],"gold":60,"neow_bonus":"ONE_RARE_RELIC","is_prod":false,"is_daily":false,"chose_seed":false,"campfire_upgraded":1,"win_rate":0,"timestamp":1558445530,"path_taken":["M","?","?","?","?","R","E","$","T","R","E","R","?","$","R","BOSS"],"build_version":"2019-01-23","purchased_purges":1,"victory":false,"max_hp_per_floor":[75,75,89,89,89,89,89,89,89,89,89,89,81,81,81,81],"card_choices":[{"not_picked":["Reckless Charge","Intimidate"],"picked":"Evolve","floor":1},{"not_picked":["Power Through","Feel No Pain"],"picked":"Shockwave","floor":2},{"not_picked":["Sword Boomerang","Barricade"],"picked":"Warcry","floor":7},{"not_picked":["Second Wind","Body Slam"],"picked":"Twin Strike","floor":11}],"player_experience":775441,"relics_obtained":[{"floor":7,"key":"Peace Pipe"},{"floor":9,"key":"Smiling Mask"},{"floor":11,"key":"War Paint"}],"event_choices":[{"damage_healed":0,"gold_gain":0,"player_choice":"Success","damage_taken":5,"relics_obtained":["Mango"],"max_hp_gain":0,"max_hp_loss":0,"event_name":"Scrap Ooze","floor":3,"gold_loss":0},{"damage_healed":0,"gold_gain":0,"player_choice":"Entered Light","damage_taken":27,"max_hp_gain":0,"max_hp_loss":0,"event_name":"Shining Light","floor":4,"gold_loss":0,"cards_upgraded":["Strike_R","Shockwave"]},{"damage_healed":0,"gold_gain":75,"player_choice":"Gather Gold","damage_taken":11,"max_hp_gain":0,"max_hp_loss":0,"event_name":"World of Goop","floor":5,"gold_loss":0},{"damage_healed":0,"gold_gain":0,"player_choice":"Lose Max HP","damage_taken":0,"relics_obtained":["Golden Idol"],"max_hp_gain":0,"max_hp_loss":8,"event_name":"Golden Idol","floor":13,"gold_loss":0}],"is_beta":false,"boss_relics":[],"items_purged_floors":[14],"is_endless":false,"potions_floor_spawned":[1,2],"killed_by":"Hexaghost","ascension_level":18}