{"gold_per_floor":[109,34,53,63,83,83,110,126,152,172,172,190,207,236,236,333,333,343,357,160,174,31,31,31,31,31,31,59,84,84,95,95,200,200,219,230,244,244,244,244,244,244,267,283,283,298,310,324,324,324],"floor_reached":51,"playtime":2817,"items_purged":["Clumsy","Strike_R"],"score":968,"play_id":"10f31d43-7f56-48d3-9595-0b183be0c93a","local_time":"20190425104440","is_ascension_mode":true,"campfire_choices":[{"data":"Mayhem","floor":6,"key":"SMITH"},{"floor":15,"key":"REST"},{"floor":23,"key":"REST"},{"data":"Uppercut","floor":27,"key":"SMITH"},{"floor":32,"key":"REST"},{"data":"Madness","floor":42,"key":"SMITH"},{"floor":45,"key":"REST"},{"floor":49,"key":"REST"}],"neow_cost":"CURSE","seed_source_timestamp":588363807767738,"circlet_count":0,"master_deck":["Defend_R","Defend_R","Defend_R","Defend_R","Bash","Mayhem+1","Violence","Rampage","Cleave","Uppercut+1","Metallicize","Fire Breathing","Disarm","Demon Form","Impervious","Madness+1","Bite","Bite","Bite","Bite","Bite","Clash","Clash","Body Slam+1","Panache","Pummel+1","Pommel Strike+1"],"relics":["Burning Blood","FossilizedHelix","Vajra","GremlinMask","Busted Crown","Boot","Mummified Hand","Dream Catcher","Oddly Smooth Stone","Orichalcum","Regal Pillow"],"potions_floor_usage":[8,12,13,14,18,18,21,33,33,36,37,50],"damage_taken":[{"damage":13,"enemies":"Cultist","floor":1,"turns":6},{"damage":7,"enemies":"Jaw Worm","floor":3,"turns":3},{"damage":0,"enemies":"Small Slimes","floor":4,"turns":3},{"damage":9,"enemies":"Blue Slaver","floor":5,"turns":5},{"damage":34,"enemies":"Gremlin Nob","floor":7,"turns":5},{"damage":0,"enemies":"Exordium Thugs","floor":8,"turns":4},{"damage":0,"enemies":"Large Slime","floor":10,"turns":5},{"damage":0,"enemies":"2 Fungi Beasts","floor":12,"turns":3},{"damage":0,"enemies":"Looter","floor":13,"turns":2},{"damage":24,"enemies":"3 Sentries","floor":14,"turns":7},{"damage":24,"enemies":"The Guardian","floor":16,"turns":9},{"damage":3,"enemies":"Shell Parasite","floor":18,"turns":5},{"damage":18,"enemies":"3 Byrds","floor":19,"turns":6},{"damage":54,"enemies":"Cultist and Chosen","floor":21,"turns":8},{"damage":47,"enemies":"Gremlin Leader","floor":28,"turns":10},{"damage":22,"enemies":"Sentry and Sphere","floor":31,"turns":5},{"damage":43,"enemies":"Collector","floor":33,"turns":9},{"damage":7,"enemies":"Orb Walker","floor":35,"turns":4},{"damage":35,"enemies":"3 Darklings","floor":36,"turns":5},{"damage":20,"enemies":"Transient","floor":37,"turns":5},{"damage":34,"enemies":"4 Shapes","floor":44,"turns":8},{"damage":27,"enemies":"Spire Growth","floor":46,"turns":5},{"damage":50,"enemies":"Transient","floor":47,"turns":5},{"damage":9,"enemies":"Maw","floor":48,"turns":7},{"damage":77,"enemies":"Time Eater","floor":50,"turns":10}],"seed_played":"-7694640098256085700","potions_obtained":[{"floor":7,"key":"Fire Potion"},{"floor":8,"key":"Explosive Potion"},{"floor":10,"key":"Energy Potion"},{"floor":13,"key":"GamblersBrew"},{"floor":14,"key":"SpeedPotion"},{"floor":16,"key":"GamblersBrew"},{"floor":18,"key":"BloodPotion"},{"floor":21,"key":"SpeedPotion"},{"floor":28,"key":"AttackPotion"},{"floor":33,"key":"Swift Potion"},{"floor":35,"key":"Fire Potion"},{"floor":36,"key":"Strength Potion"},{"floor":44,"key":"LiquidBronze"}],"is_trial":false,"path_per_floor":["M","$","M","M","M","R","E","M","T","M","?","M","M","E","R","B",null,"M","M","$","M","$","R","?","?","T","R","E","T","$","M","R","B",null,"M","M","M","?","T","?","?","R","T","M","R","M","M","M","R","B",null],"character_chosen":"IRONCLAD","items_purchased":["Madness","Boot"],"campfire_rested":5,"item_purchase_floors":[20,22],"current_hp_per_floor":[65,65,64,70,67,67,39,45,45,51,51,57,63,45,69,53,73,78,68,68,30,30,54,54,54,54,54,45,45,45,39,63,40,70,79,57,57,57,57,57,57,57,57,39,78,60,26,39,78,29],"gold":324,"neow_bonus":"RANDOM_COLORLESS_2","is_prod":false,"is_daily":false,"chose_seed":false,"campfire_upgraded":3,"win_rate":0,"timestamp":1556199880,"path_taken":["M","$","M","M","M","R","E","M","T","?","?","M","?","E","R","BOSS","M","M","$","M","$","R","?","?","T","R","E","?","$","M","R","BOSS","M","M","M","?","?","?","?","R","T","M","R","M","M","M","R","BOSS"],"build_version":"2019-01-23","purchased_purges":2,"victory":true,"max_hp_per_floor":[80,80,80,80,80,80,80,80,80,80,80,80,80,80,80,80,80,80,80,80,80,80,80,80,80,80,80,80,80,80,80,80,80,80,80,80,80,80,80,80,80,80,80,80,80,80,80,80,80,80],"card_choices":[{"not_picked":["Warcry","Armaments"],"picked":"Rampage","floor":1},{"not_picked":["Combust","Hemokinesis"],"picked":"Cleave","floor":3},{"not_picked":["True Grit","Headbutt","Shockwave"],"picked":"SKIP","floor":4},{"not_picked":["Corruption","Clothesline"],"picked":"Uppercut","floor":5},{"not_picked":["Heavy Blade","Body Slam","Sword Boomerang"],"picked":"SKIP","floor":7},{"not_picked":["Body Slam","Sword Boomerang"],"picked":"Metallicize","floor":8},{"not_picked":["Sword Boomerang","Havoc"],"picked":"Fire Breathing","floor":10},{"not_picked":["Corruption","Combust"],"picked":"Disarm","floor":12},{"not_picked":["Body Slam","Iron Wave"],"picked":"Demon Form","floor":13},{"not_picked":["Warcry","True Grit","Demon Form"],"picked":"SKIP","floor":14},{"not_picked":["Brutality","Exhume"],"picked":"Impervious","floor":16},{"not_picked":["Warcry"],"picked":"SKIP","floor":18},{"not_picked":["Carnage"],"picked":"SKIP","floor":19},{"not_picked":["Reckless Charge"],"picked":"SKIP","floor":21},{"not_picked":[],"picked":"Clash","floor":28},{"not_picked":["Body Slam"],"picked":"SKIP","floor":31},{"not_picked":["Wild Strike+1"],"picked":"SKIP","floor":35},{"not_picked":["Thunderclap"],"picked":"SKIP","floor":36},{"not_picked":[],"picked":"Body Slam+1","floor":37},{"not_picked":[],"picked":"Panache","floor":41},{"not_picked":["Warcry"],"picked":"SKIP","floor":44},{"not_picked":[],"picked":"Pummel+1","floor":46},{"not_picked":["Havoc+1"],"picked":"SKIP","floor":47},{"not_picked":[],"picked":"Pommel Strike+1","floor":48}],"player_experience":651673,"relics_obtained":[{"floor":7,"key":"FossilizedHelix"},{"floor":9,"key":"Vajra"},{"floor":14,"key":"Blood Vial"},{"floor":26,"key":"Mummified Hand"},{"floor":28,"key":"Dream Catcher"},{"floor":29,"key":"Oddly Smooth Stone"},{"floor":39,"key":"Orichalcum"},{"floor":43,"key":"Regal Pillow"}],"event_choices":[{"damage_healed":0,"gold_gain":0,"player_choice":"Trade","damage_taken":0,"relics_obtained":["GremlinMask"],"max_hp_gain":0,"max_hp_loss":0,"event_name":"FaceTrader","floor":11,"gold_loss":0},{"damage_healed":0,"gold_gain":0,"player_choice":"Became a vampire (Vial)","damage_taken":0,"max_hp_gain":0,"max_hp_loss":0,"event_name":"Vampires","floor":24,"relics_lost":["Blood Vial"],"gold_loss":0,"cards_obtained":["Bite","Bite","Bite","Bite","Bite"]},{"damage_healed":0,"gold_gain":0,"player_choice":"Read","damage_taken":0,"max_hp_gain":0,"max_hp_loss":0,"event_name":"The Library","floor":25,"gold_loss":0,"cards_obtained":["Clash"]},{"damage_healed":0,"gold_gain":0,"player_choice":"Ignored","damage_taken":0,"max_hp_gain":0,"max_hp_loss":0,"event_name":"Mysterious Sphere","floor":38,"gold_loss":0},{"damage_healed":0,"gold_gain":0,"player_choice":"Ignored","damage_taken":0,"max_hp_gain":0,"max_hp_loss":0,"event_name":"Tomb of Lord Red Mask","floor":40,"gold_loss":0},{"damage_healed":0,"gold_gain":0,"player_choice":"Memory 1","damage_taken":0,"max_hp_gain":0,"max_hp_loss":0,"event_name":"SensoryStone","floor":41,"gold_loss":0}],"is_beta":false,"boss_relics":[{"not_picked":["Lizard Tail","Tiny House"],"picked":"Busted Crown"},{"not_picked":["Snecko Eye","Runic Dome","Sozu"]}],"items_purged_floors":[2,20],"is_endless":false,"potions_floor_spawned":[7,8,10,13,14,16,18,21,28,33,35,36,44],"ascension_level":9}