{"gold_per_floor":[116,116,130,149,159,193,212,225,305,17,35,35,35,53,53,53],"floor_reached":16,"playtime":1075,"items_purged":[],"score":106,"play_id":"86db063a-4fdc-4446-b4d6-447f281572bf","local_time":"20190311151915","is_ascension_mode":false,"campfire_choices":[{"floor":15,"key":"REST"}],"neow_cost":"NONE","seed_source_timestamp":14477141544121,"circlet_count":0,"master_deck":["Strike_R","Strike_R","Strike_R","Strike_R","Strike_R","Defend_R","Defend_R","Defend_R","Bash","Forethought","Ghostly Armor","Dropkick","Headbutt","Shockwave","Seeing Red"],"relics":["Burning Blood","Smiling Mask","Torii","Golden Idol"],"potions_floor_usage":[5,6,11,11,16],"damage_taken":[{"damage":5,"enemies":"2 Louse","floor":1,"turns":3},{"damage":1,"enemies":"Cultist","floor":3,"turns":4},{"damage":1,"enemies":"Jaw Worm","floor":4,"turns":3},{"damage":11,"enemies":"Large Slime","floor":5,"turns":9},{"damage":30,"enemies":"3 Sentries","floor":6,"turns":10},{"damage":4,"enemies":"Blue Slaver","floor":7,"turns":4},{"damage":6,"enemies":"3 Louse","floor":8,"turns":3},{"damage":1,"enemies":"2 Fungi Beasts","floor":11,"turns":4},{"damage":9,"enemies":"Exordium Thugs","floor":14,"turns":5},{"damage":66,"enemies":"Hexaghost","floor":16,"turns":15}],"seed_played":"296797735983627048","potions_obtained":[{"floor":3,"key":"Swift Potion"},{"floor":4,"key":"FearPotion"},{"floor":5,"key":"Weak Potion"},{"floor":8,"key":"Weak Potion"},{"floor":14,"key":"FearPotion"}],"is_trial":false,"path_per_floor":["M","?","M","M","M","E","M","M","T","$","M","$","?","M","R","B"],"character_chosen":"IRONCLAD","items_purchased":["Torii"],"campfire_rested":1,"item_purchase_floors":[10],"current_hp_per_floor":[80,80,80,80,75,51,53,53,53,53,58,58,38,35,59,0],"gold":53,"neow_bonus":"RANDOM_COLORLESS","is_prod":false,"is_daily":false,"chose_seed":false,"campfire_upgraded":0,"win_rate":0,"timestamp":1552328355,"path_taken":["M","?","?","?","M","E","M","M","T","$","?","$","?","M","R","BOSS"],"build_version":"2019-01-23","purchased_purges":0,"victory":false,"max_hp_per_floor":[80,80,80,80,80,80,80,80,80,80,80,80,80,80,80,80],"card_choices":[{"not_picked":["Body Slam","Fire Breathing"],"picked":"Ghostly Armor","floor":1},{"not_picked":["Ghostly Armor","Havoc"],"picked":"Dropkick","floor":3},{"not_picked":["Hemokinesis","Shrug It Off"],"picked":"Headbutt","floor":4},{"not_picked":["Headbutt","Dual Wield"],"picked":"Shockwave","floor":5},{"not_picked":["Berserk","Wild Strike","Intimidate"],"picked":"SKIP","floor":6},{"not_picked":["Shrug It Off","Flame Barrier","Searing Blow"],"picked":"SKIP","floor":7},{"not_picked":["Pommel Strike","Shrug It Off"],"picked":"Seeing Red","floor":8},{"not_picked":["Headbutt","Thunderclap","Dual Wield"],"picked":"SKIP","floor":11},{"not_picked":["Cleave","Headbutt","Iron Wave"],"picked":"SKIP","floor":14}],"player_experience":492269,"relics_obtained":[{"floor":6,"key":"Smiling Mask"}],"event_choices":[{"cards_removed":["Defend_R"],"damage_healed":0,"gold_gain":0,"player_choice":"Purged","damage_taken":0,"max_hp_gain":0,"max_hp_loss":0,"event_name":"Purifier","floor":2,"gold_loss":0},{"damage_healed":0,"gold_gain":0,"player_choice":"Take Damage","damage_taken":20,"relics_obtained":["Golden Idol"],"max_hp_gain":0,"max_hp_loss":0,"event_name":"Golden Idol","floor":13,"gold_loss":0}],"is_beta":false,"boss_relics":[],"items_purged_floors":[],"is_endless":false,"potions_floor_spawned":[3,4,5,8,14],"killed_by":"Hexaghost","ascension_level":0}