{"gold_per_floor":[117,117,138,88,13,44,68,68,94,110,110,146,146,181,181,310,310,326,601,44,91,190,190,205,205,205,238,252,277,293,307,307,307],"floor_reached":33,"playtime":1962,"items_purged":["Defend_R","Regret"],"score":335,"play_id":"18af21d6-5e9f-422a-9f6c-df97d28dc4b4","local_time":"20190329104238","is_ascension_mode":false,"campfire_choices":[{"floor":13,"key":"REST"},{"data":"Bash","floor":15,"key":"SMITH"},{"floor":23,"key":"RECALL"},{"data":"Entrench","floor":25,"key":"SMITH"},{"data":"Clothesline","floor":32,"key":"SMITH"}],"neow_cost":"NONE","seed_source_timestamp":432855315437496,"circlet_count":0,"master_deck":["Strike_R","Strike_R","Strike_R","Defend_R","Defend_R","Defend_R","Bash+1","Cleave","Impervious","Iron Wave","Clothesline+1","Rage+1","Ghostly Armor","Feed","Entrench+1"],"relics":["Burning Blood","Regal Pillow","Golden Idol","Vajra","Blood Vial","Oddly Smooth Stone","Centennial Puzzle","Philosopher\u0027s Stone","Orichalcum","Ginger","Omamori","Thread and Needle","Magic Flower"],"potions_floor_usage":[6,12,12,14,16,28,31,33],"damage_taken":[{"damage":5,"enemies":"Small Slimes","floor":1,"turns":3},{"damage":0,"enemies":"2 Louse","floor":3,"turns":3},{"damage":49,"enemies":"Lagavulin","floor":6,"turns":8},{"damage":0,"enemies":"Jaw Worm","floor":7,"turns":4},{"damage":0,"enemies":"Lots of Slimes","floor":10,"turns":3},{"damage":0,"enemies":"Gremlin Nob","floor":12,"turns":4},{"damage":16,"enemies":"3 Sentries","floor":14,"turns":9},{"damage":68,"enemies":"Slime Boss","floor":16,"turns":20},{"damage":18,"enemies":"Spheric Guardian","floor":18,"turns":7},{"damage":0,"enemies":"Chosen","floor":24,"turns":4},{"damage":14,"enemies":"Book of Stabbing","floor":27,"turns":8},{"damage":2,"enemies":"Sentry and Sphere","floor":28,"turns":8},{"damage":11,"enemies":"3 Cultists","floor":29,"turns":7},{"damage":0,"enemies":"Centurion and Healer","floor":30,"turns":7},{"damage":2,"enemies":"Chosen and Byrds","floor":31,"turns":7},{"damage":100,"enemies":"Automaton","floor":33,"turns":14}],"seed_played":"5690917261046630407","potions_obtained":[{"floor":1,"key":"Energy Potion"},{"floor":6,"key":"EssenceOfSteel"},{"floor":7,"key":"FearPotion"},{"floor":12,"key":"SpeedPotion"},{"floor":14,"key":"Poison Potion"},{"floor":27,"key":"Explosive Potion"},{"floor":29,"key":"Swift Potion"},{"floor":31,"key":"GamblersBrew"}],"is_trial":false,"path_per_floor":["M","?","M","?","$","E","M","?","T","M","?","E","R","E","R","B",null,"M","?","$","T","?","R","M","R","T","E","M","M","M","M","R","B"],"character_chosen":"IRONCLAD","items_purchased":["Orichalcum","Ginger"],"campfire_rested":1,"item_purchase_floors":[20,20],"current_hp_per_floor":[80,60,66,66,66,23,29,29,29,37,37,45,80,70,70,10,80,71,71,71,71,71,71,82,82,82,76,89,92,95,95,95,0],"gold":307,"neow_bonus":"RANDOM_COMMON_RELIC","is_prod":false,"is_daily":false,"chose_seed":false,"campfire_upgraded":3,"win_rate":0,"timestamp":1553866958,"path_taken":["M","?","M","?","?","E","?","?","T","?","?","E","R","E","R","BOSS","M","?","$","?","?","R","M","R","T","E","M","M","M","M","R","BOSS"],"build_version":"2019-01-23","purchased_purges":2,"victory":false,"max_hp_per_floor":[80,80,80,80,80,80,80,80,80,80,80,80,80,80,80,80,80,83,83,83,83,83,83,86,86,86,86,89,92,95,95,95,95],"card_choices":[{"not_picked":["Wild Strike","Second Wind"],"picked":"Cleave","floor":1},{"not_picked":["Armaments","Heavy Blade","Flex"],"picked":"SKIP","floor":3},{"not_picked":["Anger","Perfected Strike"],"picked":"Impervious","floor":6},{"not_picked":["Clothesline","Hemokinesis"],"picked":"Iron Wave","floor":7},{"not_picked":["Twin Strike","Pummel"],"picked":"Rage","floor":10},{"not_picked":["Fiend Fire","Clothesline","Perfected Strike"],"picked":"SKIP","floor":12},{"not_picked":["Wild Strike","True Grit"],"picked":"Ghostly Armor","floor":14},{"not_picked":["Brutality","Dark Embrace"],"picked":"Feed","floor":16},{"not_picked":["Heavy Blade","Shrug It Off","Entrench"],"picked":"SKIP","floor":18},{"not_picked":["Heavy Blade","Shrug It Off"],"picked":"Entrench","floor":18},{"not_picked":["Cleave","Corruption+1","Reckless Charge"],"picked":"SKIP","floor":24},{"not_picked":["True Grit+1","Clash","Feel No Pain"],"picked":"SKIP","floor":27},{"not_picked":["Thunderclap","Flex","Havoc+1"],"picked":"SKIP","floor":28},{"not_picked":["Immolate","Twin Strike","Entrench+1"],"picked":"SKIP","floor":29},{"not_picked":["Fire Breathing","Flex","Warcry"],"picked":"SKIP","floor":30},{"not_picked":["Perfected Strike","True Grit+1","Flex+1"],"picked":"SKIP","floor":31}],"player_experience":554266,"relics_obtained":[{"floor":6,"key":"Vajra"},{"floor":9,"key":"Blood Vial"},{"floor":12,"key":"Oddly Smooth Stone"},{"floor":14,"key":"Centennial Puzzle"},{"floor":21,"key":"Omamori"},{"floor":26,"key":"Thread and Needle"},{"floor":27,"key":"Magic Flower"}],"event_choices":[{"damage_healed":0,"gold_gain":0,"player_choice":"Take Damage","damage_taken":20,"relics_obtained":["Golden Idol"],"max_hp_gain":0,"max_hp_loss":0,"event_name":"Golden Idol","floor":2,"gold_loss":0},{"cards_removed":["Strike_R"],"damage_healed":0,"gold_gain":0,"player_choice":"Card Removal","damage_taken":0,"max_hp_gain":0,"max_hp_loss":0,"event_name":"The Cleric","floor":4,"gold_loss":50},{"damage_healed":0,"gold_gain":0,"cards_transformed":["Strike_R"],"player_choice":"Transformed","damage_taken":0,"max_hp_gain":0,"max_hp_loss":0,"event_name":"Transmorgrifier","floor":8,"gold_loss":0,"cards_obtained":["Clothesline"]},{"damage_healed":0,"gold_gain":0,"player_choice":"Grow","damage_taken":0,"max_hp_gain":0,"max_hp_loss":0,"event_name":"Living Wall","floor":11,"gold_loss":0,"cards_upgraded":["Rage"]},{"damage_healed":0,"gold_gain":275,"player_choice":"Desecrate","damage_taken":0,"max_hp_gain":0,"max_hp_loss":0,"event_name":"Golden Shrine","floor":19,"gold_loss":0,"cards_obtained":["Regret"]},{"damage_healed":0,"gold_gain":99,"player_choice":"Stole From Cult","damage_taken":0,"max_hp_gain":0,"max_hp_loss":0,"event_name":"Nest","floor":22,"gold_loss":0}],"is_beta":false,"boss_relics":[{"not_picked":["Empty Cage","Fusion Hammer"],"picked":"Philosopher\u0027s Stone"}],"items_purged_floors":[5,20],"is_endless":false,"potions_floor_spawned":[1,6,7,12,14,27,29,31],"killed_by":"Automaton","ascension_level":0}