{"gold_per_floor":[364,51,51,68,85,111,130,130,130,163,163,163,163,189,189,266,266,282,293,293],"floor_reached":20,"playtime":1335,"items_purged":["Strike_R"],"score":384,"play_id":"baec282f-2971-46b3-9a01-e4c6650fe871","local_time":"20190417230503","is_ascension_mode":true,"campfire_choices":[{"data":"Juggernaut","floor":8,"key":"SMITH"},{"data":"Feel No Pain","floor":11,"key":"SMITH"},{"floor":15,"key":"REST"}],"neow_cost":"TEN_PERCENT_HP_LOSS","seed_source_timestamp":41001303263056,"circlet_count":0,"master_deck":["AscendersBane","Strike_R","Strike_R","Strike_R+1","Strike_R+1","Defend_R","Defend_R","Defend_R","Defend_R","Bash","Rupture","Bludgeon","Corruption","Juggernaut+1","Disarm","Evolve","Feed","Iron Wave","Feel No Pain+1","Shockwave","Barricade","Feel No Pain","Warcry+1"],"relics":["Burning Blood","Centennial Puzzle","Whetstone","Potion Belt","Blue Candle","Bronze Scales","Bag of Marbles","Cursed Key"],"potions_floor_usage":[10,10,10,14,20],"damage_taken":[{"damage":15,"enemies":"Small Slimes","floor":1,"turns":4},{"damage":6,"enemies":"Cultist","floor":4,"turns":3},{"damage":7,"enemies":"2 Louse","floor":5,"turns":3},{"damage":25,"enemies":"3 Sentries","floor":6,"turns":7},{"damage":17,"enemies":"Blue Slaver","floor":7,"turns":6},{"damage":15,"enemies":"Gremlin Nob","floor":10,"turns":4},{"damage":21,"enemies":"3 Sentries","floor":14,"turns":7},{"damage":20,"enemies":"The Guardian","floor":16,"turns":11},{"damage":29,"enemies":"Spheric Guardian","floor":18,"turns":6},{"damage":23,"enemies":"Shell Parasite","floor":19,"turns":3},{"damage":30,"enemies":"3 Cultists","floor":20,"turns":5}],"seed_played":"-3252678246686195515","potions_obtained":[{"floor":1,"key":"Energy Potion"},{"floor":4,"key":"EntropicBrew"},{"floor":6,"key":"Block Potion"},{"floor":18,"key":"SpeedPotion"}],"is_trial":false,"path_per_floor":["M","$","?","M","M","E","M","R","T","E","R","?","?","E","R","B",null,"M","M","M"],"character_chosen":"IRONCLAD","items_purchased":["Bludgeon","Centennial Puzzle"],"campfire_rested":1,"item_purchase_floors":[2,2],"current_hp_per_floor":[59,59,59,59,58,39,31,31,31,22,22,11,11,14,36,22,61,41,27,0],"gold":293,"neow_bonus":"TWO_FIFTY_GOLD","is_prod":false,"is_daily":false,"chose_seed":false,"campfire_upgraded":2,"win_rate":0,"timestamp":1555535103,"path_taken":["M","$","?","?","M","E","M","R","T","E","R","?","?","E","R","BOSS","M","M","M"],"build_version":"2019-01-23","purchased_purges":1,"victory":false,"max_hp_per_floor":[68,68,68,68,68,68,71,71,71,71,71,71,71,74,74,74,74,77,80,80],"card_choices":[{"not_picked":["Ghostly Armor","Burning Pact"],"picked":"Rupture","floor":1},{"not_picked":["Flex","Sentinel"],"picked":"Disarm","floor":4},{"not_picked":["Body Slam","Clothesline"],"picked":"Evolve","floor":5},{"not_picked":["Heavy Blade","True Grit"],"picked":"Feed","floor":6},{"not_picked":["Cleave","Rampage"],"picked":"Iron Wave","floor":7},{"not_picked":["Sever Soul","Berserk"],"picked":"Feel No Pain","floor":10},{"not_picked":["Power Through","Warcry"],"picked":"Shockwave","floor":14},{"not_picked":["Offering","Reaper"],"picked":"Barricade","floor":16},{"not_picked":["Evolve","Burning Pact"],"picked":"Feel No Pain","floor":18},{"not_picked":["Anger","Clothesline"],"picked":"Warcry+1","floor":19}],"player_experience":1166367,"relics_obtained":[{"floor":6,"key":"Whetstone"},{"floor":9,"key":"Potion Belt"},{"floor":10,"key":"Blue Candle"},{"floor":14,"key":"Bag of Marbles"}],"event_choices":[{"damage_healed":0,"gold_gain":0,"player_choice":"2 cards matched","damage_taken":0,"max_hp_gain":0,"max_hp_loss":0,"event_name":"Match and Keep!","floor":3,"gold_loss":0,"cards_obtained":["Corruption","Juggernaut"]},{"damage_healed":0,"gold_gain":0,"player_choice":"Success","damage_taken":11,"relics_obtained":["Bronze Scales"],"max_hp_gain":0,"max_hp_loss":0,"event_name":"Scrap Ooze","floor":12,"gold_loss":0},{"damage_healed":0,"gold_gain":0,"player_choice":"Ignored","damage_taken":0,"max_hp_gain":0,"max_hp_loss":0,"event_name":"Shining Light","floor":13,"gold_loss":0}],"is_beta":false,"boss_relics":[{"not_picked":["Busted Crown","Runic Dome"],"picked":"Cursed Key"}],"items_purged_floors":[2],"is_endless":false,"potions_floor_spawned":[1,4,6,18],"killed_by":"3 Cultists","ascension_level":20}