{"gold_per_floor":[213,213,2,2,2,2,30,30,54,85,99,99,116,134,134,211,211,223,223,240,240,51,51,78,78,78,89,89,119,119,148,148,222,222,234,234,253,128,139,174,200,200,223,223,258,292,126,146,146,146,146,146,146,62,92,92],"floor_reached":57,"playtime":3482,"items_purged":["Strike_B","Strike_B","Strike_B"],"score":3099,"play_id":"1664c2eb-ae5f-4e78-8150-ddfe3156112b","local_time":"20181123011024","is_ascension_mode":true,"campfire_choices":[{"data":"Zap","floor":6,"key":"SMITH"},{"data":"Defragment","floor":8,"key":"SMITH"},{"data":"Capacitor","floor":15,"key":"SMITH"},{"data":"Self Repair","floor":23,"key":"SMITH"},{"data":"Sunder","floor":28,"key":"SMITH"},{"data":"Biased Cognition","floor":30,"key":"SMITH"},{"data":"Glacier","floor":32,"key":"SMITH"},{"floor":42,"key":"RECALL"},{"data":"Conserve Battery","floor":44,"key":"SMITH"},{"data":"Machine Learning","floor":49,"key":"SMITH"},{"floor":53,"key":"REST"}],"neow_cost":"NONE","seed_source_timestamp":42982464366686,"circlet_count":0,"master_deck":["AscendersBane","Defend_B+1","Defend_B","Defend_B","Defend_B+1","Zap+1","Dualcast","Ball Lightning","Cold Snap","Defragment+1","Conserve Battery+1","Cold Snap","Capacitor+1","Genetic Algorithm","Echo Form","Self Repair+1","Glacier+1","Sunder+1","Biased Cognition+1","Compile Driver+1","Core Surge","Skim+1","Machine Learning+1","All For One"],"relics":["Cracked Core","Bag of Marbles","Strawberry","Singing Bowl","Snecko Eye","Bottled Tornado","Mango","WingedGreaves","Busted Crown","Art of War","Cables","PreservedInsect","Matryoshka","Happy Flower","War Paint"],"potions_floor_usage":[24,56,56],"damage_taken":[{"damage":0,"enemies":"Cultist","floor":1,"turns":3},{"damage":11,"enemies":"Lagavulin","floor":7,"turns":7},{"damage":16,"enemies":"3 Sentries","floor":10,"turns":7},{"damage":4,"enemies":"2 Louse","floor":11,"turns":3},{"damage":0,"enemies":"Small Slimes","floor":13,"turns":2},{"damage":2,"enemies":"Exordium Wildlife","floor":14,"turns":3},{"damage":35,"enemies":"Hexaghost","floor":16,"turns":10},{"damage":0,"enemies":"Chosen","floor":18,"turns":4},{"damage":0,"enemies":"Spheric Guardian","floor":20,"turns":5},{"damage":14,"enemies":"Book of Stabbing","floor":24,"turns":8},{"damage":13,"enemies":"Snake Plant","floor":27,"turns":6},{"damage":38,"enemies":"Gremlin Leader","floor":29,"turns":6},{"damage":18,"enemies":"Slavers","floor":31,"turns":6},{"damage":0,"enemies":"Automaton","floor":33,"turns":11},{"damage":0,"enemies":"3 Darklings","floor":35,"turns":6},{"damage":18,"enemies":"Orb Walker","floor":37,"turns":5},{"damage":0,"enemies":"Sphere and 2 Shapes","floor":39,"turns":5},{"damage":21,"enemies":"Nemesis","floor":40,"turns":9},{"damage":0,"enemies":"Reptomancer","floor":41,"turns":5},{"damage":9,"enemies":"Giant Head","floor":45,"turns":8},{"damage":10,"enemies":"Nemesis","floor":46,"turns":5},{"damage":18,"enemies":"4 Shapes","floor":48,"turns":5},{"damage":29,"enemies":"Donu and Deca","floor":50,"turns":10},{"damage":59,"enemies":"Awakened One","floor":51,"turns":12},{"damage":0,"enemies":"Shield and Spear","floor":55,"turns":7},{"damage":43,"enemies":"The Heart","floor":56,"turns":11}],"seed_played":"1009793660123472721","potions_obtained":[{"floor":1,"key":"GamblersBrew"},{"floor":12,"key":"SteroidPotion"},{"floor":12,"key":"Fire Potion"},{"floor":14,"key":"FearPotion"},{"floor":20,"key":"SkillPotion"},{"floor":27,"key":"Fire Potion"},{"floor":39,"key":"PowerPotion"},{"floor":40,"key":"Dexterity Potion"}],"is_trial":false,"path_per_floor":["M","?","$","?","?","R","E","R","T","E","M","?","M","M","R","B",null,"M","?","M","?","$","R","E","?","T","M","R","E","R","E","R","B",null,"M","?","M","$","M","E","E","R","T","R","E","E","$","M","R","B","B",null,"R","$","E","B",null],"character_chosen":"DEFECT","items_purchased":["Cold Snap","Defragment","Sunder","All For One","Regen Potion"],"campfire_rested":1,"item_purchase_floors":[3,3,22,47,54],"current_hp_per_floor":[64,64,64,64,64,64,53,53,60,46,42,42,42,40,40,5,61,61,61,77,77,77,77,73,73,73,82,82,80,80,72,72,82,96,102,97,99,99,101,100,103,103,103,103,105,105,105,107,107,98,49,93,107,107,109,91],"gold":92,"neow_bonus":"HUNDRED_GOLD","is_prod":false,"is_daily":false,"chose_seed":false,"campfire_upgraded":9,"win_rate":0,"timestamp":1542931824,"path_taken":["M","?","$","?","?","R","E","R","T","E","?","?","?","M","R","BOSS","M","?","M","?","$","R","E","?","T","?","R","E","R","E","R","BOSS","M","?","M","$","M","E","E","R","T","R","E","E","$","M","R","BOSS","BOSS","R","$","E","BOSS"],"build_version":"2018-11-15","purchased_purges":3,"victory":true,"max_hp_per_floor":[71,71,71,71,71,71,71,71,78,80,80,80,80,80,80,80,80,80,80,82,82,82,82,82,82,82,84,84,100,100,100,100,100,100,102,97,99,99,101,101,103,103,103,103,105,105,105,107,107,107,107,107,107,107,109,109],"card_choices":[{"not_picked":["Consume","Aggregate"],"picked":"Ball Lightning","floor":1},{"not_picked":["Storm","Aggregate"],"picked":"Conserve Battery","floor":7},{"not_picked":["Streamline","Machine Learning","Turbo"],"picked":"Singing Bowl","floor":10},{"not_picked":["Steam","Melter"],"picked":"Cold Snap","floor":11},{"not_picked":["Go for the Eyes","Steam"],"picked":"Capacitor","floor":13},{"not_picked":["Turbo","Capacitor"],"picked":"Genetic Algorithm","floor":14},{"not_picked":["Rainbow","Reboot"],"picked":"Echo Form","floor":16},{"not_picked":["Stack","Genetic Algorithm"],"picked":"Self Repair","floor":18},{"not_picked":["Gash","Scrape+1","Go for the Eyes"],"picked":"Singing Bowl","floor":20},{"not_picked":["Cold Snap","Go for the Eyes"],"picked":"Biased Cognition","floor":24},{"not_picked":["Leap+1","Steam Power","Cold Snap"],"picked":"Singing Bowl","floor":27},{"not_picked":["Leap","Coolheaded","Go for the Eyes"],"picked":"Singing Bowl","floor":29},{"not_picked":["Gash","Go for the Eyes"],"picked":"Compile Driver+1","floor":31},{"not_picked":["Fission","All For One"],"picked":"Core Surge","floor":33},{"not_picked":["Compile Driver"],"picked":"Singing Bowl","floor":35},{"not_picked":["Go for the Eyes"],"picked":"Singing Bowl","floor":37},{"not_picked":["Heatsinks+1"],"picked":"Singing Bowl","floor":39},{"not_picked":[],"picked":"Skim+1","floor":40},{"not_picked":["Leap"],"picked":"Singing Bowl","floor":41},{"not_picked":["Cold Snap+1"],"picked":"Singing Bowl","floor":45},{"not_picked":[],"picked":"Machine Learning","floor":46},{"not_picked":["Stack"],"picked":"Singing Bowl","floor":48},{"not_picked":["Barrage"],"picked":"Singing Bowl","floor":55}],"player_experience":604602,"relics_obtained":[{"floor":7,"key":"Bag of Marbles"},{"floor":9,"key":"Strawberry"},{"floor":10,"key":"Singing Bowl"},{"floor":24,"key":"Bottled Tornado"},{"floor":29,"key":"Mango"},{"floor":31,"key":"WingedGreaves"},{"floor":40,"key":"Art of War"},{"floor":41,"key":"Cables"},{"floor":43,"key":"PreservedInsect"},{"floor":45,"key":"Matryoshka"},{"floor":46,"key":"Happy Flower"},{"floor":55,"key":"War Paint"}],"event_choices":[{"damage_healed":0,"gold_gain":0,"player_choice":"Leave","damage_taken":0,"max_hp_gain":0,"max_hp_loss":0,"event_name":"The Cleric","floor":2,"gold_loss":0},{"damage_healed":0,"gold_gain":0,"player_choice":"Ignored","damage_taken":0,"max_hp_gain":0,"max_hp_loss":0,"event_name":"Golden Idol","floor":4,"gold_loss":0},{"damage_healed":0,"gold_gain":0,"player_choice":"Ignored","damage_taken":0,"max_hp_gain":0,"max_hp_loss":0,"event_name":"Liars Game","floor":5,"gold_loss":0},{"damage_healed":0,"gold_gain":0,"player_choice":"Got Potions","damage_taken":0,"max_hp_gain":0,"max_hp_loss":0,"event_name":"Lab","floor":12,"gold_loss":0},{"damage_healed":0,"gold_gain":0,"player_choice":"Read","damage_taken":0,"max_hp_gain":0,"max_hp_loss":0,"event_name":"The Library","floor":19,"gold_loss":0,"cards_obtained":["Glacier"]},{"damage_healed":0,"gold_gain":0,"player_choice":"Ignored","damage_taken":0,"max_hp_gain":0,"max_hp_loss":0,"event_name":"Ghosts","floor":21,"gold_loss":0},{"cards_removed":["Strike_B"],"damage_healed":0,"gold_gain":0,"player_choice":"Offered Basic","damage_taken":0,"max_hp_gain":0,"max_hp_loss":0,"event_name":"Bonfire Elementals","floor":25,"gold_loss":0},{"damage_healed":0,"gold_gain":0,"player_choice":"Max HP","damage_taken":0,"max_hp_gain":0,"max_hp_loss":5,"event_name":"Winding Halls","floor":36,"gold_loss":0}],"is_beta":false,"boss_relics":[{"not_picked":["Calling Bell","White Beast Statue"],"picked":"Snecko Eye"},{"not_picked":["Coffee Dripper","Empty Cage"],"picked":"Busted Crown"}],"items_purged_floors":[3,22,38],"is_endless":false,"potions_floor_spawned":[1,14,20,27,39,40,46,55],"ascension_level":20}