{"gold_per_floor":[118,118,118,131,131,143,143,160,184,184,27,27,38,53,53,153,203,215,228,228,247,0,0],"floor_reached":23,"playtime":976,"items_purged":[],"score":229,"play_id":"d2bee42b-6f1a-4949-a730-2a3e07081adf","local_time":"20190213202718","is_ascension_mode":true,"campfire_choices":[{"data":"Searing Blow+1","floor":7,"key":"SMITH"},{"data":"Sword Boomerang","floor":12,"key":"SMITH"},{"data":"Searing Blow+2","floor":15,"key":"SMITH"}],"neow_cost":"NONE","seed_source_timestamp":216729554100049,"circlet_count":0,"master_deck":["Strike_R","Strike_R","Strike_R","Defend_R","Defend_R","Defend_R","Defend_R","Bash","Searing Blow+3","Sword Boomerang+1","Thunderclap","Double Tap+1","Flex"],"relics":["Burning Blood","Anchor","Boot","Dream Catcher","Oddly Smooth Stone","Tiny House","Letter Opener"],"potions_floor_usage":[14,18],"damage_taken":[{"damage":6,"enemies":"2 Louse","floor":1,"turns":3},{"damage":0,"enemies":"Jaw Worm","floor":4,"turns":3},{"damage":0,"enemies":"Small Slimes","floor":6,"turns":3},{"damage":5,"enemies":"Gremlin Gang","floor":8,"turns":7},{"damage":0,"enemies":"Large Slime","floor":13,"turns":5},{"damage":0,"enemies":"Exordium Thugs","floor":14,"turns":4},{"damage":26,"enemies":"Slime Boss","floor":16,"turns":7},{"damage":0,"enemies":"3 Byrds","floor":18,"turns":3},{"damage":26,"enemies":"Spheric Guardian","floor":19,"turns":5},{"damage":36,"enemies":"Snake Plant","floor":21,"turns":5},{"damage":62,"enemies":"Gremlin Leader","floor":23,"turns":8}],"seed_played":"-1613716437031082860","potions_obtained":[{"floor":1,"key":"EssenceOfSteel"},{"floor":14,"key":"LiquidBronze"},{"floor":16,"key":"LiquidBronze"},{"floor":17,"key":"LiquidBronze"}],"is_trial":false,"path_per_floor":["M","?","?","M","?","M","R","M","T","?","$","R","M","M","R","B",null,"M","M","?","M","$","E"],"character_chosen":"IRONCLAD","items_purchased":["Oddly Smooth Stone","Letter Opener"],"campfire_rested":0,"item_purchase_floors":[11,22],"current_hp_per_floor":[80,80,55,61,61,67,67,68,68,68,68,68,74,80,80,60,80,85,65,85,55,55,0],"gold":0,"neow_bonus":"RANDOM_COMMON_RELIC","is_prod":false,"is_daily":false,"chose_seed":false,"campfire_upgraded":3,"win_rate":0,"timestamp":1550104038,"path_taken":["M","?","?","M","?","M","R","?","T","?","$","R","?","M","R","BOSS","M","M","?","M","$","E"],"build_version":"2019-01-23","purchased_purges":0,"victory":false,"max_hp_per_floor":[80,80,80,80,80,80,80,80,80,80,80,80,80,80,80,80,85,85,85,85,85,85,85],"card_choices":[{"not_picked":["Pummel","Battle Trance"],"picked":"Searing Blow","floor":1},{"not_picked":["Sentinel","Sever Soul","Hemokinesis"],"picked":"SKIP","floor":4},{"not_picked":["Shrug It Off","Uppercut","Havoc"],"picked":"SKIP","floor":6},{"not_picked":["Blood for Blood","Perfected Strike"],"picked":"Sword Boomerang","floor":8},{"not_picked":["Warcry","Pommel Strike","Headbutt"],"picked":"SKIP","floor":13},{"not_picked":["Whirlwind","Warcry","Clash"],"picked":"SKIP","floor":14},{"not_picked":["Bludgeon","Exhume"],"picked":"Double Tap","floor":16},{"not_picked":["Iron Wave","Clothesline","Twin Strike"],"picked":"SKIP","floor":18},{"not_picked":["Thunderclap+1","Clothesline"],"picked":"Flex","floor":19},{"not_picked":["Dark Embrace","Iron Wave","Cleave"],"picked":"SKIP","floor":21}],"player_experience":434571,"relics_obtained":[{"floor":9,"key":"Dream Catcher"}],"event_choices":[{"damage_healed":0,"gold_gain":0,"player_choice":"Grow","damage_taken":0,"max_hp_gain":0,"max_hp_loss":0,"event_name":"Living Wall","floor":2,"gold_loss":0,"cards_upgraded":["Searing Blow"]},{"damage_healed":0,"gold_gain":0,"player_choice":"Success","damage_taken":25,"relics_obtained":["Boot"],"max_hp_gain":0,"max_hp_loss":0,"event_name":"Scrap Ooze","floor":3,"gold_loss":0},{"cards_removed":["Strike_R"],"damage_healed":0,"gold_gain":0,"player_choice":"Offered Basic","damage_taken":0,"max_hp_gain":0,"max_hp_loss":0,"event_name":"Bonfire Elementals","floor":5,"gold_loss":0},{"damage_healed":0,"gold_gain":0,"cards_transformed":["Strike_R"],"player_choice":"Transformed","damage_taken":0,"max_hp_gain":0,"max_hp_loss":0,"event_name":"Transmorgrifier","floor":10,"gold_loss":0,"cards_obtained":["Thunderclap"]},{"damage_healed":28,"gold_gain":0,"player_choice":"Heal","damage_taken":0,"max_hp_gain":0,"max_hp_loss":0,"event_name":"The Library","floor":20,"gold_loss":0}],"is_beta":false,"boss_relics":[{"not_picked":["Snecko Eye","Eternal Feather"],"picked":"Tiny House"}],"items_purged_floors":[],"is_endless":false,"potions_floor_spawned":[1,14,16],"killed_by":"Gremlin Leader","ascension_level":5}