{"gold_per_floor":[117,117,97,22,37,37,70,70,124,13,38,48,58,93,93,166,166,179,198,210,210,210,210,245,274,286,298,310,347,370,416,428,514,526,558,570,1581,1593,975,975,1007,1021,1021,1021,472,322,322,322,322,322,322],"floor_reached":51,"playtime":2977,"items_purged":["Defend_B","Normality","Normality","Streamline"],"score":1519,"play_id":"4bc242c9-9749-48f0-9c80-e6f9d1d68a5d","local_time":"20190111221544","is_ascension_mode":true,"campfire_choices":[{"data":"Doom and Gloom","floor":6,"key":"SMITH"},{"data":"Rip and Tear","floor":8,"key":"SMITH"},{"data":"Darkness","floor":15,"key":"SMITH"},{"data":"Fission","floor":23,"key":"SMITH"},{"data":"Biased Cognition","floor":28,"key":"SMITH"},{"data":"Biased Cognition","floor":32,"key":"SMITH"},{"floor":40,"key":"REST"},{"floor":44,"key":"RECALL"},{"floor":47,"key":"REST"},{"floor":49,"key":"REST"}],"neow_cost":"NONE","seed_source_timestamp":32472315429591,"circlet_count":0,"master_deck":["AscendersBane","Zap+1","Dualcast","Doom and Gloom+1","Conserve Battery","Rip and Tear+1","Cold Snap","Glacier","Darkness+1","Ball Lightning","Cold Snap+1","Multi-Cast","Creative AI","Stack","Biased Cognition+1","Redo","Fission+1","Chill","Chill+1","Steam+1","Core Surge+1","Genetic Algorithm+1","Biased Cognition+1","Compile Driver","Core Surge","Recycle+1","Apotheosis","Blind","Hologram","Compile Driver+1","Loop","Capacitor"],"relics":["Cracked Core","Vajra","Strawberry","DataDisk","Meat on the Bone","Boot","Pandora\u0027s Box","MawBank","Whetstone","Mummified Hand","Sozu","PreservedInsect","Torii","Kunai","Ornamental Fan","Centennial Puzzle","Chemical X"],"potions_floor_usage":[7,11,24,30,33,33,33,51],"damage_taken":[{"damage":0,"enemies":"Cultist","floor":1,"turns":3},{"damage":12,"enemies":"Jaw Worm","floor":5,"turns":2},{"damage":21,"enemies":"Lagavulin","floor":7,"turns":4},{"damage":7,"enemies":"3 Sentries","floor":11,"turns":3},{"damage":0,"enemies":"Small Slimes","floor":12,"turns":2},{"damage":12,"enemies":"Exordium Thugs","floor":13,"turns":4},{"damage":7,"enemies":"Lagavulin","floor":14,"turns":6},{"damage":40,"enemies":"Hexaghost","floor":16,"turns":8},{"damage":0,"enemies":"Chosen","floor":18,"turns":3},{"damage":0,"enemies":"Spheric Guardian","floor":19,"turns":4},{"damage":10,"enemies":"Chosen and Byrds","floor":20,"turns":4},{"damage":13,"enemies":"Slavers","floor":24,"turns":5},{"damage":0,"enemies":"Centurion and Healer","floor":25,"turns":4},{"damage":0,"enemies":"Gremlin Leader","floor":29,"turns":7},{"damage":10,"enemies":"Snecko","floor":30,"turns":6},{"damage":0,"enemies":"Book of Stabbing","floor":31,"turns":4},{"damage":22,"enemies":"Collector","floor":33,"turns":8},{"damage":18,"enemies":"Orb Walker","floor":35,"turns":4},{"damage":37,"enemies":"Reptomancer","floor":41,"turns":8},{"damage":21,"enemies":"3 Darklings","floor":42,"turns":5},{"damage":31,"enemies":"Time Eater","floor":50,"turns":8},{"damage":51,"enemies":"Awakened One","floor":51,"turns":6}],"seed_played":"-9219777347540964835","potions_obtained":[{"floor":1,"key":"FocusPotion"},{"floor":3,"key":"EntropicBrew"},{"floor":13,"key":"Strength Potion"},{"floor":19,"key":"LiquidBronze"},{"floor":20,"key":"Weak Potion"},{"floor":24,"key":"Fruit Juice"},{"floor":30,"key":"Fire Potion"}],"is_trial":false,"path_per_floor":["M","?","?","$","M","R","E","R","T","$","E","M","M","E","R","B",null,"M","M","M","?","?","R","E","M","T","?","R","E","M","E","R","B",null,"M","?","?","?","$","R","E","M","T","R","$","$","R","?","R","B","B"],"character_chosen":"DEFECT","items_purchased":["Cold Snap","AttackPotion","PreservedInsect","Torii","Hologram","Capacitor","Centennial Puzzle","Chemical X"],"campfire_rested":3,"item_purchase_floors":[10,10,39,39,39,45,45,45],"current_hp_per_floor":[64,64,64,64,52,52,38,38,38,38,31,43,43,48,48,20,64,64,64,54,54,54,54,41,41,41,41,41,41,48,48,48,38,72,54,44,44,44,44,67,42,33,33,33,33,33,56,56,79,48,0],"gold":322,"neow_bonus":"RANDOM_COMMON_RELIC","is_prod":false,"is_daily":false,"chose_seed":false,"campfire_upgraded":6,"win_rate":0,"timestamp":1547241344,"path_taken":["M","?","?","$","M","R","E","R","T","$","E","?","M","E","R","BOSS","M","M","M","?","?","R","E","M","T","?","R","E","M","E","R","BOSS","M","?","?","?","$","R","E","M","T","R","?","$","R","?","R","BOSS","BOSS"],"build_version":"2019-01-10","purchased_purges":4,"victory":false,"max_hp_per_floor":[71,71,71,71,71,71,78,78,78,78,78,78,78,78,78,78,78,78,78,78,78,78,78,78,78,78,78,78,78,83,83,83,83,83,83,83,83,79,79,79,79,79,79,79,79,79,79,79,79,79,79],"card_choices":[{"not_picked":["Reinforced Body","White Noise"],"picked":"Doom and Gloom","floor":1},{"not_picked":["Barrage","Double Energy"],"picked":"Conserve Battery","floor":5},{"not_picked":["Reprogram","Hologram"],"picked":"Rip and Tear","floor":7},{"not_picked":["Compile Driver","Rip and Tear"],"picked":"Glacier","floor":11},{"not_picked":["Redo","Blizzard"],"picked":"Darkness","floor":12},{"not_picked":["Redo","Coolheaded"],"picked":"Ball Lightning","floor":13},{"not_picked":["Stack","Turbo"],"picked":"Cold Snap","floor":14},{"not_picked":["Rainbow","Hyperbeam"],"picked":"Multi-Cast","floor":16},{"not_picked":["Steam Power","Heatsinks"],"picked":"Chill+1","floor":18},{"not_picked":["Ball Lightning+1","Streamline"],"picked":"Steam+1","floor":19},{"not_picked":["Cold Snap","Rebound","Aggregate"],"picked":"SKIP","floor":20},{"not_picked":["Fusion","Tempest","Steam"],"picked":"SKIP","floor":24},{"not_picked":["Coolheaded","Aggregate"],"picked":"Genetic Algorithm+1","floor":25},{"not_picked":["Steam","Blizzard","Sweeping Beam"],"picked":"SKIP","floor":29},{"not_picked":["Coolheaded","Streamline"],"picked":"Compile Driver","floor":30},{"not_picked":["Recycle","Conserve Battery","Fusion"],"picked":"SKIP","floor":31},{"not_picked":["Machine Learning","Multi-Cast"],"picked":"Core Surge","floor":33},{"not_picked":["Leap","Gash+1"],"picked":"Recycle+1","floor":35},{"not_picked":["Discovery","Swift Strike"],"picked":"Apotheosis","floor":36},{"not_picked":["Apotheosis","Swift Strike"],"picked":"Blind","floor":36},{"not_picked":["Leap","Darkness"],"picked":"Compile Driver+1","floor":41},{"not_picked":["Steam Power","Storm"],"picked":"Loop","floor":42}],"player_experience":742573,"relics_obtained":[{"floor":7,"key":"Strawberry"},{"floor":9,"key":"DataDisk"},{"floor":11,"key":"Meat on the Bone"},{"floor":14,"key":"Boot"},{"floor":24,"key":"MawBank"},{"floor":29,"key":"Whetstone"},{"floor":31,"key":"Mummified Hand"},{"floor":41,"key":"Kunai"},{"floor":43,"key":"Ornamental Fan"}],"event_choices":[{"damage_healed":0,"gold_gain":0,"player_choice":"Grow","damage_taken":0,"max_hp_gain":0,"max_hp_loss":0,"event_name":"Living Wall","floor":2,"gold_loss":0,"cards_upgraded":["Zap"]},{"damage_healed":0,"gold_gain":0,"player_choice":"Bought 1 Potion","damage_taken":0,"max_hp_gain":0,"max_hp_loss":0,"event_name":"The Woman in Blue","floor":3,"gold_loss":0},{"damage_healed":0,"gold_gain":0,"player_choice":"Ignored","damage_taken":0,"max_hp_gain":0,"max_hp_loss":0,"event_name":"The Mausoleum","floor":21,"gold_loss":0},{"damage_healed":0,"gold_gain":0,"player_choice":"Read","damage_taken":0,"max_hp_gain":0,"max_hp_loss":0,"event_name":"The Library","floor":22,"gold_loss":0,"cards_obtained":["Core Surge"]},{"damage_healed":0,"gold_gain":0,"player_choice":"Copied","damage_taken":0,"max_hp_gain":0,"max_hp_loss":0,"event_name":"Duplicator","floor":27,"gold_loss":0,"cards_obtained":["Biased Cognition"]},{"damage_healed":0,"gold_gain":0,"player_choice":"Memory 3","damage_taken":10,"max_hp_gain":0,"max_hp_loss":0,"event_name":"SensoryStone","floor":36,"gold_loss":0},{"damage_healed":0,"gold_gain":999,"player_choice":"Gold","damage_taken":0,"max_hp_gain":0,"max_hp_loss":0,"event_name":"MindBloom","floor":37,"gold_loss":0,"cards_obtained":["Normality","Normality"]},{"damage_healed":0,"gold_gain":0,"player_choice":"Max HP","damage_taken":0,"max_hp_gain":0,"max_hp_loss":4,"event_name":"Winding Halls","floor":38,"gold_loss":0},{"damage_healed":0,"gold_gain":0,"player_choice":"Ignored","damage_taken":0,"max_hp_gain":0,"max_hp_loss":0,"event_name":"Tomb of Lord Red Mask","floor":48,"gold_loss":0}],"is_beta":false,"boss_relics":[{"not_picked":["Runic Dome","White Beast Statue"],"picked":"Pandora\u0027s Box"},{"not_picked":["Calling Bell","Lizard Tail"],"picked":"Sozu"}],"items_purged_floors":[4,39,45,46],"is_endless":false,"potions_floor_spawned":[1,13,14,19,20,24,30,35,41],"killed_by":"Awakened One","ascension_level":20}