{"path_per_floor":["M","M","M","$","M","E","M","M","T","E","M","M","E","?","R","B",null,"M","M","M","$","M","R","E","R","T","R","M","$","R","M","R"],"character_chosen":"IRONCLAD","items_purchased":["Shuriken","Disarm","Sadistic Nature","Panacea","Feel No Pain","Bandage Up"],"gold_per_floor":[312,330,348,5,18,53,73,86,86,114,129,145,176,197,197,295,295,305,315,334,9,26,26,55,55,104,104,118,24,24,42,42],"floor_reached":33,"campfire_rested":6,"playtime":3197,"current_hp_per_floor":[80,80,80,80,75,73,66,64,64,30,30,36,22,17,41,25,80,80,70,66,66,39,63,29,53,53,77,46,46,70,63,80],"items_purged":[],"gold":42,"score":347,"play_id":"658a5cc2-cc85-48e2-a78c-3e529775b38f","is_prod":false,"is_daily":false,"is_ascension_mode":true,"campfire_upgraded":0,"path_taken":["M","M","M","$","M","E","M","M","T","E","?","M","E","?","R","BOSS","M","M","M","$","?","R","E","R","T","R","M","$","R","M","R","BOSS"],"build_version":"2018-02-15-PROD1","purchased_purges":0,"victory":false,"master_deck":["Strike_R","Strike_R","Strike_R","Strike_R","Strike_R","Defend_R+1","Defend_R","Defend_R","Defend_R","Bash","Perfected Strike","Thunderclap+1","Flame Barrier","Disarm+1","Blood for Blood+1","Intimidate","Cleave","Dropkick","Armaments+1","Thunderclap","Flex+1","Inflame","Limit Break+1","Impervious+1","Metallicize","Whirlwind","Hemokinesis+1","Sadistic Nature","Panacea+1","Feel No Pain","Body Slam","Evolve","Rampage+1","Bandage Up+1","Wild Strike"],"max_hp_per_floor":[80,80,80,80,80,80,80,80,80,80,80,80,80,80,80,80,80,80,80,80,80,80,80,80,80,80,80,80,80,80,80,80],"relics":["Burning Blood","Old Coin","Shuriken","Kunai","Bird Faced Urn","Toxic Egg 2","Vajra","Odd Mushroom","Lizard Tail","War Paint","Whetstone"],"card_choices":[{"not_picked":["Rage","True Grit"],"picked":"Perfected Strike"},{"not_picked":["Flex","Iron Wave"],"picked":"Thunderclap"},{"not_picked":["Clothesline","Heavy Blade"],"picked":"Flame Barrier"},{"not_picked":["Iron Wave","Wild Strike"],"picked":"Blood for Blood"},{"not_picked":["True Grit","Reckless Charge"],"picked":"Intimidate"},{"not_picked":["Barricade","Searing Blow"],"picked":"Cleave"},{"not_picked":["Sentinel","Warcry"],"picked":"Dropkick"},{"not_picked":["Shrug It Off","Searing Blow"],"picked":"Armaments"},{"not_picked":["Clothesline","Headbutt"],"picked":"Thunderclap"},{"not_picked":["Hemokinesis","Intimidate"],"picked":"Flex"},{"not_picked":["Iron Wave","Clash"],"picked":"Inflame"},{"not_picked":["Flex","Armaments"],"picked":"Limit Break"},{"not_picked":["Juggernaut","Double Tap"],"picked":"Impervious"},{"not_picked":["Cleave","Flex"],"picked":"Metallicize"},{"not_picked":["Flex","Fire Breathing"],"picked":"Whirlwind"},{"not_picked":["Cleave","True Grit"],"picked":"Hemokinesis"},{"not_picked":["Blood for Blood","Iron Wave"],"picked":"Body Slam"},{"not_picked":["True Grit","Rupture"],"picked":"Evolve"},{"not_picked":["Shrug It Off","Thunderclap"],"picked":"Rampage"},{"not_picked":["Rupture","Iron Wave"],"picked":"Wild Strike"}],"player_experience":78190,"potions_floor_usage":[5,6,8,10,12,19,20,28,33],"damage_taken":[{"damage":6,"enemies":"Cultist","floor":1,"turns":3},{"damage":0,"enemies":"Small Slimes","floor":2,"turns":3},{"damage":2,"enemies":"Jaw Worm","floor":3,"turns":3},{"damage":11,"enemies":"Gremlin Gang","floor":5,"turns":6},{"damage":8,"enemies":"Gremlin Nob","floor":6,"turns":4},{"damage":13,"enemies":"Looter","floor":7,"turns":4},{"damage":8,"enemies":"Large Slime","floor":8,"turns":8},{"damage":40,"enemies":"Lagavulin","floor":10,"turns":7},{"damage":6,"enemies":"3 Louse","floor":11,"turns":4},{"damage":0,"enemies":"Gremlin Gang","floor":12,"turns":4},{"damage":20,"enemies":"3 Sentries","floor":13,"turns":5},{"damage":13,"enemies":"The Mushroom Lair","floor":14,"turns":4},{"damage":24,"enemies":"Hexaghost","floor":16,"turns":8},{"damage":6,"enemies":"3 Byrds","floor":18,"turns":3},{"damage":18,"enemies":"Shell Parasite","floor":19,"turns":7},{"damage":14,"enemies":"Sentry and Sphere","floor":20,"turns":5},{"damage":41,"enemies":"Snecko","floor":22,"turns":8},{"damage":88,"enemies":"Slavers","floor":24,"turns":8},{"damage":41,"enemies":"3 Cultists","floor":28,"turns":6},{"damage":21,"enemies":"Snake Plant","floor":31,"turns":5},{"damage":97,"enemies":"Automaton","floor":33,"turns":8}],"event_choices":[{"event_name":"Mushrooms","player_choice":"Fought Mushrooms","floor":14,"damage_taken":0}],"boss_relics":[{"not_picked":["Snecko Eye","White Beast Statue"],"picked":"Lizard Tail"}],"potions_floor_spawned":[1,3,5,8,10,16,18,24,31],"seed_played":"-2832416230299716989","killed_by":"Automaton","ascension_level":2,"is_trial":false}