{"gold_per_floor":[115,128,141,141,151,186,186,211,211,211],"floor_reached":10,"playtime":553,"items_purged":[],"score":156,"play_id":"23a8ee5f-1cf1-4026-8ac8-629233339133","local_time":"20190202214642","is_ascension_mode":true,"campfire_choices":[{"data":"All Out Attack","floor":7,"key":"SMITH"}],"neow_cost":"NONE","seed_source_timestamp":34413582797732,"circlet_count":0,"master_deck":["AscendersBane","Defend_G","Defend_G","Defend_G","Defend_G","Defend_G","Strike_G","Strike_G","Strike_G","Strike_G","Survivor","Neutralize","Footwork","All Out Attack+1","Infinite Blades","Quick Slash","Grand Finale"],"relics":["Ring of the Snake","Orichalcum","Blood Vial"],"potions_floor_usage":[6,6,10],"damage_taken":[{"damage":0,"enemies":"2 Louse","floor":1,"turns":3},{"damage":2,"enemies":"Cultist","floor":2,"turns":5},{"damage":0,"enemies":"Small Slimes","floor":3,"turns":3},{"damage":0,"enemies":"Red Slaver","floor":5,"turns":6},{"damage":14,"enemies":"Lagavulin","floor":6,"turns":6},{"damage":21,"enemies":"3 Sentries","floor":8,"turns":8},{"damage":25,"enemies":"Lagavulin","floor":10,"turns":11}],"seed_played":"3840392587531657543","potions_obtained":[{"floor":0,"key":"Fire Potion"},{"floor":0,"key":"SteroidPotion"},{"floor":6,"key":"Dexterity Potion"}],"is_trial":false,"path_per_floor":["M","M","M","?","M","E","R","E","T","E"],"character_chosen":"THE_SILENT","items_purchased":[],"campfire_rested":0,"item_purchase_floors":[],"current_hp_per_floor":[59,57,57,57,57,43,43,22,22,0],"gold":211,"neow_bonus":"THREE_SMALL_POTIONS","is_prod":false,"is_daily":false,"chose_seed":false,"campfire_upgraded":1,"win_rate":0,"timestamp":1549140402,"path_taken":["M","M","M","?","?","E","R","E","T","E"],"build_version":"2019-01-23","purchased_purges":0,"victory":false,"max_hp_per_floor":[66,66,66,66,66,66,66,66,66,66],"card_choices":[{"not_picked":["Blade Dance","Sucker Punch"],"picked":"Footwork","floor":1},{"not_picked":["Dodge and Roll","Cloak And Dagger"],"picked":"All Out Attack","floor":2},{"not_picked":["Escape Plan","Burst"],"picked":"Infinite Blades","floor":3},{"not_picked":["Slice","Underhanded Strike"],"picked":"Quick Slash","floor":5},{"not_picked":["Reflex","Escape Plan","Setup"],"picked":"SKIP","floor":6},{"not_picked":["Backflip","Riddle With Holes"],"picked":"Grand Finale","floor":8}],"player_experience":843499,"relics_obtained":[{"floor":6,"key":"Orichalcum"},{"floor":8,"key":"Blood Vial"}],"event_choices":[{"cards_removed":["Strike_G"],"damage_healed":0,"gold_gain":0,"player_choice":"Offered Basic","damage_taken":0,"max_hp_gain":0,"max_hp_loss":0,"event_name":"Bonfire Elementals","floor":4,"gold_loss":0}],"is_beta":false,"boss_relics":[],"items_purged_floors":[],"is_endless":false,"potions_floor_spawned":[2,6],"killed_by":"Lagavulin","ascension_level":20}