{"path_per_floor":["M","?","?","M","M","E","R","M","T","M","R","M","M","M","R","B",null,"M","$","?","M","M"],"character_chosen":"IRONCLAD","items_purchased":["Second Wind","Flash of Steel","Apotheosis"],"gold_per_floor":[110,110,185,204,217,247,247,262,262,282,282,295,311,329,329,432,432,443,124,49,45,59],"floor_reached":23,"campfire_rested":1,"playtime":2549,"current_hp_per_floor":[80,80,69,54,50,30,54,55,55,64,64,73,74,70,70,30,92,72,72,72,51,42],"items_purged":[],"gold":59,"play_id":"a253eff1-6e7a-4a4a-b98c-2695b3921449","is_prod":false,"is_daily":false,"campfire_rituals":0,"campfire_upgraded":2,"is_hardmode":false,"path_taken":["M","?","?","M","M","E","R","?","T","M","R","M","M","M","R","BOSS","M","$","?","M","M","E"],"build_version":"2018-01-18-PROD4","purchased_purges":0,"victory":false,"master_deck":["Strike_R","Strike_R","Strike_R","Strike_R","Defend_R","Defend_R","Defend_R","Defend_R","Bash","Juggernaut","Perfected Strike","Headbutt","Thunderclap","Feed","Metallicize","Pommel Strike","Anger","Rampage","Flame Barrier","Reaper","Armaments","Second Wind","Flash of Steel","Apotheosis","Flex","Seeing Red"],"max_hp_per_floor":[80,80,80,80,80,80,80,80,80,83,83,86,89,92,92,92,92,92,92,92,96,96],"relics":["Burning Blood","Anchor","Ginger","Black Star"],"campfire_meditates":0,"card_choices":[{"not_picked":["Reckless Charge","True Grit"],"picked":"Perfected Strike"},{"not_picked":["Combust","Power Through"],"picked":"Headbutt"},{"not_picked":["Body Slam","Shockwave"],"picked":"Thunderclap"},{"not_picked":["Iron Wave","Second Wind"],"picked":"Feed"},{"not_picked":["Flex","Anger"],"picked":"Metallicize"},{"not_picked":["Twin Strike","Clothesline"],"picked":"Pommel Strike"},{"not_picked":["Combust","Armaments"],"picked":"Anger"},{"not_picked":["Cleave","Pommel Strike"],"picked":"Rampage"},{"not_picked":["Warcry","Cleave"],"picked":"Flame Barrier"},{"not_picked":["Brutality","Juggernaut"],"picked":"Reaper"},{"not_picked":["Whirlwind","Twin Strike"],"picked":"Armaments"},{"not_picked":["Intimidate","Cleave"],"picked":"Flex"},{"not_picked":["Sever Soul","Shockwave"],"picked":"Seeing Red"}],"player_experience":3336,"potions_floor_usage":[13],"damage_taken":[{"damage":0.0,"enemies":"Small Slimes","floor":1.0,"turns":5.0},{"damage":21.0,"enemies":"Blue Slaver","floor":4.0,"turns":5.0},{"damage":10.0,"enemies":"Cultist","floor":5.0,"turns":4.0},{"damage":26.0,"enemies":"Lagavulin","floor":6.0,"turns":9.0},{"damage":5.0,"enemies":"Looter","floor":8.0,"turns":3.0},{"damage":0,"enemies":"Exordium Wildlife","floor":10,"turns":3},{"damage":0,"enemies":"2 Fungi Beasts","floor":12,"turns":3},{"damage":8,"enemies":"Lots of Slimes","floor":13,"turns":3},{"damage":13,"enemies":"Exordium Thugs","floor":14,"turns":5},{"damage":46,"enemies":"Hexaghost","floor":16,"turns":11},{"damage":28,"enemies":"Shell Parasite","floor":18,"turns":8},{"damage":39,"enemies":"2 Thieves","floor":21,"turns":5},{"damage":23,"enemies":"Centurion and Healer","floor":22,"turns":9},{"damage":50,"enemies":"Gremlin Leader","floor":23,"turns":4}],"event_choices":[{"event_name":"Transmorgrifier","player_choice":"Transform","floor":2.0,"damage_taken":0.0},{"event_name":"World of Goop","player_choice":"Gather Gold","floor":3.0,"damage_taken":0.0},{"event_name":"Beggar","player_choice":"Gave Gold","floor":20,"damage_taken":0}],"boss_relics":[{"not_picked":["Cursed Key","Snecko Eye"],"picked":"Black Star"}],"potions_floor_spawned":[1,5,6,10,14,21],"seed_played":"1440426791137057086","killed_by":"Gremlin Leader","is_trial":false}