{"gold_per_floor":[109,109,125,125,136,164,164,198,198,276,276,287,287,299,299,394,394,405,420,345,345,143,168,168,188,188,120,145,145,245,274,274,376,376,396,409,123,143,4,4,24,39,89,102,114,130,130,0,0,0],"floor_reached":50,"playtime":2655,"items_purged":["Bash","Regret","Strike_R"],"score":717,"play_id":"378f992c-22af-4a92-a05a-69471c0f5703","local_time":"20190226100932","is_ascension_mode":true,"campfire_choices":[{"floor":7,"key":"REST"},{"data":"Uppercut","floor":11,"key":"SMITH"},{"data":"Flex","floor":13,"key":"SMITH"},{"floor":15,"key":"REST"},{"data":"Defend_R","floor":24,"key":"SMITH"},{"data":"Metallicize","floor":29,"key":"SMITH"},{"floor":32,"key":"REST"},{"data":"Trip","floor":40,"key":"SMITH"},{"floor":49,"key":"REST"}],"neow_cost":"NONE","seed_source_timestamp":2851119886869,"circlet_count":0,"master_deck":["Strike_R","Strike_R+1","Strike_R","Strike_R","Defend_R+1","Defend_R+1","Defend_R+1","Defend_R","Perfected Strike+1","Flex+1","Pommel Strike+1","Uppercut+1","Wild Strike+1","Metallicize+1","Evolve","Demon Form","Fire Breathing+1","Body Slam+1","Metallicize","Metallicize","Trip+1","Dropkick+1","Clumsy","Twin Strike","Battle Trance","Regret"],"relics":["Black Blood","NeowsBlessing","Magic Flower","Torii","Dodecahedron","Bird Faced Urn","Cursed Key","Strawberry","Membership Card","Whetstone","Ice Cream","Kunai","Pantograph","Bottled Tornado","Toolbox","War Paint","Blood Vial","Question Card","Red Mask"],"potions_floor_usage":[16,18,19,23,31,33,36,38],"damage_taken":[{"damage":0,"enemies":"Small Slimes","floor":1,"turns":1},{"damage":0,"enemies":"Cultist","floor":3,"turns":1},{"damage":0,"enemies":"Jaw Worm","floor":5,"turns":1},{"damage":35,"enemies":"3 Sentries","floor":6,"turns":7},{"damage":40,"enemies":"Gremlin Nob","floor":8,"turns":5},{"damage":9,"enemies":"2 Fungi Beasts","floor":12,"turns":3},{"damage":1,"enemies":"Gremlin Gang","floor":14,"turns":5},{"damage":26,"enemies":"The Guardian","floor":16,"turns":11},{"damage":1,"enemies":"Spheric Guardian","floor":18,"turns":3},{"damage":0,"enemies":"Shell Parasite","floor":19,"turns":3},{"damage":14,"enemies":"Book of Stabbing","floor":23,"turns":5},{"damage":8,"enemies":"3 Cultists","floor":25,"turns":4},{"damage":18,"enemies":"Slavers","floor":28,"turns":4},{"damage":46,"enemies":"Gremlin Leader","floor":31,"turns":9},{"damage":58,"enemies":"Champ","floor":33,"turns":12},{"damage":11,"enemies":"3 Shapes","floor":35,"turns":8},{"damage":15,"enemies":"Orb Walker","floor":36,"turns":3},{"damage":32,"enemies":"Sphere and 2 Shapes","floor":38,"turns":8},{"damage":19,"enemies":"Spire Growth","floor":41,"turns":5},{"damage":2,"enemies":"Transient","floor":42,"turns":5},{"damage":11,"enemies":"Maw","floor":44,"turns":6},{"damage":48,"enemies":"Spire Growth","floor":45,"turns":5},{"damage":55,"enemies":"Transient","floor":46,"turns":5},{"damage":109,"enemies":"Time Eater","floor":50,"turns":8}],"seed_played":"-2973617667200010371","potions_obtained":[{"floor":8,"key":"EssenceOfSteel"},{"floor":14,"key":"FearPotion"},{"floor":16,"key":"Swift Potion"},{"floor":19,"key":"LiquidBronze"},{"floor":25,"key":"Ancient Potion"},{"floor":28,"key":"SpeedPotion"},{"floor":35,"key":"Fruit Juice"},{"floor":36,"key":"Fire Potion"},{"floor":38,"key":"Ancient Potion"}],"is_trial":false,"path_per_floor":["M","?","M","?","M","E","R","E","T","?","R","M","R","M","R","B",null,"M","M","$","?","$","E","R","M","T","$","E","R","?","E","R","B",null,"M","M","$","M","$","R","M","M","T","M","M","M","T","?","R","B"],"character_chosen":"IRONCLAD","items_purchased":["Membership Card","Metallicize","Bottled Tornado","Toolbox","War Paint","Metallicize","Trip"],"campfire_rested":4,"item_purchase_floors":[22,27,37,37,39,39,39],"current_hp_per_floor":[78,78,80,80,80,54,78,47,47,47,47,47,47,55,79,62,76,80,80,80,87,87,82,82,83,83,83,77,77,77,46,72,42,76,87,92,92,83,83,83,89,92,92,92,68,46,46,46,73,0],"gold":0,"neow_bonus":"THREE_ENEMY_KILL","is_prod":false,"is_daily":false,"chose_seed":false,"campfire_upgraded":5,"win_rate":0,"timestamp":1551190172,"path_taken":["M","?","?","?","M","E","R","E","T","?","R","M","R","M","R","BOSS","M","M","$","?","$","E","R","M","T","$","E","R","?","E","R","BOSS","M","?","$","M","$","R","M","M","T","M","M","M","?","?","R","BOSS"],"build_version":"2019-01-23","purchased_purges":3,"victory":false,"max_hp_per_floor":[80,80,80,80,80,80,80,80,80,80,80,80,80,80,80,80,80,80,80,80,87,87,87,87,87,87,87,87,87,87,87,87,87,87,87,92,92,92,92,92,92,92,92,92,92,92,92,92,92,92],"card_choices":[{"not_picked":["Heavy Blade","Havoc"],"picked":"Perfected Strike","floor":1},{"not_picked":["Blood for Blood","Shrug It Off"],"picked":"Flex","floor":3},{"not_picked":["Heavy Blade","Cleave","Armaments"],"picked":"SKIP","floor":5},{"not_picked":["Intimidate","Cleave"],"picked":"Pommel Strike","floor":6},{"not_picked":["Impervious","Wild Strike"],"picked":"Uppercut","floor":8},{"not_picked":["Heavy Blade","Iron Wave","Armaments"],"picked":"SKIP","floor":12},{"not_picked":["Whirlwind","Entrench","Fiend Fire"],"picked":"SKIP","floor":14},{"not_picked":["Uppercut+1","Body Slam","Anger"],"picked":"SKIP","floor":18},{"not_picked":["Headbutt","Body Slam","Rupture"],"picked":"SKIP","floor":19},{"not_picked":["Shockwave+1","Perfected Strike"],"picked":"Wild Strike+1","floor":23},{"not_picked":["Combust","Clothesline+1","Corruption+1"],"picked":"SKIP","floor":25},{"not_picked":["Rampage","Uppercut"],"picked":"Evolve","floor":28},{"not_picked":["Carnage","Flex","Body Slam"],"picked":"SKIP","floor":31},{"not_picked":["Fiend Fire","Reaper"],"picked":"Demon Form","floor":33},{"not_picked":["Iron Wave+1","Reckless Charge"],"picked":"Fire Breathing+1","floor":35},{"not_picked":["Hemokinesis","Wild Strike+1"],"picked":"Body Slam+1","floor":36},{"not_picked":["Clash","Headbutt"],"picked":"Metallicize","floor":38},{"not_picked":["Clothesline","True Grit"],"picked":"Dropkick+1","floor":41},{"not_picked":["Armaments+1","Body Slam+1","Warcry"],"picked":"SKIP","floor":42},{"not_picked":["Shockwave+1","True Grit"],"picked":"Twin Strike","floor":44},{"not_picked":["Flex","Havoc+1","Armaments+1"],"picked":"SKIP","floor":45},{"not_picked":["Corruption+1","Juggernaut"],"picked":"Battle Trance","floor":46}],"player_experience":462324,"relics_obtained":[{"floor":2,"key":"Magic Flower"},{"floor":6,"key":"Torii"},{"floor":8,"key":"Dodecahedron"},{"floor":9,"key":"Bird Faced Urn"},{"floor":23,"key":"Whetstone"},{"floor":26,"key":"Ice Cream"},{"floor":28,"key":"Kunai"},{"floor":31,"key":"Pantograph"},{"floor":43,"key":"Blood Vial"},{"floor":47,"key":"Question Card"}],"event_choices":[{"damage_healed":0,"gold_gain":0,"player_choice":"Relic","damage_taken":0,"max_hp_gain":0,"max_hp_loss":0,"event_name":"Wheel of Change","floor":2,"gold_loss":0},{"damage_healed":0,"gold_gain":0,"player_choice":"Grow","damage_taken":0,"max_hp_gain":0,"max_hp_loss":0,"event_name":"Living Wall","floor":4,"gold_loss":0,"cards_upgraded":["Perfected Strike"]},{"damage_healed":0,"gold_gain":78,"player_choice":"Gained Gold","damage_taken":0,"max_hp_gain":0,"max_hp_loss":0,"event_name":"Golden Wing","floor":10,"gold_loss":0},{"damage_healed":0,"gold_gain":0,"player_choice":"Opened","damage_taken":0,"relics_obtained":["Strawberry"],"max_hp_gain":0,"max_hp_loss":0,"event_name":"The Mausoleum","floor":21,"gold_loss":0},{"damage_healed":0,"gold_gain":100,"player_choice":"Pray","damage_taken":0,"max_hp_gain":0,"max_hp_loss":0,"event_name":"Golden Shrine","floor":30,"gold_loss":0},{"damage_healed":0,"gold_gain":0,"player_choice":"Paid","damage_taken":0,"relics_obtained":["Red Mask"],"max_hp_gain":0,"max_hp_loss":0,"event_name":"Tomb of Lord Red Mask","floor":48,"gold_loss":130}],"is_beta":false,"boss_relics":[{"not_picked":["Coffee Dripper","Runic Dome"],"picked":"Cursed Key"},{"not_picked":["Pandora\u0027s Box","White Beast Statue"],"picked":"Black Blood"}],"items_purged_floors":[20,27,37],"is_endless":false,"potions_floor_spawned":[8,14,16,19,25,28,35,36,38],"killed_by":"Time Eater","ascension_level":8}