{"gold_per_floor":[112,112,2,2,19,30,41,68,68,133,144,144,144,163,163,265,315,330,345,362,375,386,386,419,419,419,452,452],"floor_reached":28,"playtime":1750,"items_purged":["Defend_G"],"score":262,"play_id":"149f6036-e77d-4164-9dcc-966ac9460407","local_time":"20190309183542","is_ascension_mode":false,"campfire_choices":[{"floor":12,"key":"RECALL"},{"floor":15,"key":"REST"},{"floor":23,"key":"REST"},{"floor":25,"key":"REST"}],"neow_cost":"NONE","seed_source_timestamp":4189978371220,"circlet_count":0,"master_deck":["Defend_G","Defend_G","Defend_G","Defend_G","Strike_G","Strike_G","Strike_G","Strike_G","Strike_G","Survivor","Neutralize+1","Prepared","Backstab","Underhanded Strike","Heel Hook","Dagger Throw","Die Die Die+1","Flying Knee","Tactician","Noxious Fumes","A Thousand Cuts","Backstab","Reflex+1","Underhanded Strike+1","Outmaneuver+1","Backstab","Bouncing Flask","Dagger Throw+1"],"relics":["Ring of the Snake","Bottled Flame","Nunchaku","FossilizedHelix","Gremlin Horn","Tiny House","Letter Opener","Bag of Marbles"],"potions_floor_usage":[8,8,10,16,18,20,20,24,28],"damage_taken":[{"damage":0,"enemies":"Small Slimes","floor":1,"turns":3},{"damage":0,"enemies":"Cultist","floor":5,"turns":4},{"damage":0,"enemies":"2 Louse","floor":6,"turns":2},{"damage":0,"enemies":"2 Fungi Beasts","floor":7,"turns":2},{"damage":14,"enemies":"Gremlin Nob","floor":8,"turns":4},{"damage":1,"enemies":"3 Sentries","floor":10,"turns":6},{"damage":0,"enemies":"Large Slime","floor":11,"turns":3},{"damage":0,"enemies":"3 Louse","floor":14,"turns":2},{"damage":28,"enemies":"Hexaghost","floor":16,"turns":11},{"damage":6,"enemies":"Shell Parasite","floor":18,"turns":4},{"damage":0,"enemies":"2 Thieves","floor":19,"turns":3},{"damage":0,"enemies":"3 Cultists","floor":20,"turns":3},{"damage":20,"enemies":"Snake Plant","floor":21,"turns":5},{"damage":13,"enemies":"Centurion and Healer","floor":22,"turns":4},{"damage":18,"enemies":"Gremlin Leader","floor":24,"turns":5},{"damage":53,"enemies":"Book of Stabbing","floor":27,"turns":6},{"damage":10,"enemies":"Sentry and Sphere","floor":28,"turns":3}],"seed_played":"-2146062797595283330","potions_obtained":[{"floor":1,"key":"AttackPotion"},{"floor":5,"key":"Block Potion"},{"floor":7,"key":"Dexterity Potion"},{"floor":14,"key":"Weak Potion"},{"floor":16,"key":"Poison Potion"},{"floor":17,"key":"Block Potion"},{"floor":18,"key":"PowerPotion"},{"floor":20,"key":"Strength Potion"},{"floor":27,"key":"Dexterity Potion"}],"is_trial":false,"path_per_floor":["M","?","$","$","M","M","M","E","T","?","M","R","?","M","R","B",null,"M","M","M","M","M","R","E","R","T","E","M"],"character_chosen":"THE_SILENT","items_purchased":["Backstab"],"campfire_rested":3,"item_purchase_floors":[3],"current_hp_per_floor":[70,70,70,70,70,70,70,56,56,55,55,55,43,43,64,36,75,69,69,69,49,36,58,40,62,62,9,0],"gold":452,"neow_bonus":"UPGRADE_CARD","is_prod":false,"is_daily":false,"chose_seed":false,"campfire_upgraded":0,"win_rate":0,"timestamp":1552170942,"path_taken":["M","?","?","$","M","M","M","E","T","?","M","R","?","M","R","BOSS","M","M","M","M","M","R","E","R","T","E","M"],"build_version":"2019-01-23","purchased_purges":1,"victory":false,"max_hp_per_floor":[70,70,70,70,70,70,70,70,70,70,70,70,70,70,70,70,75,75,75,75,75,75,75,75,75,75,75,75],"card_choices":[{"not_picked":["Underhanded Strike","Acrobatics"],"picked":"Prepared","floor":1},{"not_picked":["Sucker Punch","Reflex"],"picked":"Underhanded Strike","floor":5},{"not_picked":["Prepared","Masterful Stab"],"picked":"Heel Hook","floor":6},{"not_picked":["Cloak And Dagger","Dodge and Roll"],"picked":"Dagger Throw","floor":7},{"not_picked":["Storm of Steel","Outmaneuver"],"picked":"Die Die Die","floor":8},{"not_picked":["Terror","Calculated Gamble"],"picked":"Flying Knee","floor":10},{"not_picked":["PiercingWail","Eviscerate"],"picked":"Tactician","floor":11},{"not_picked":["Acrobatics","Underhanded Strike"],"picked":"Noxious Fumes","floor":14},{"not_picked":["Phantasmal Killer","Bullet Time"],"picked":"A Thousand Cuts","floor":16},{"not_picked":["Masterful Stab","Sucker Punch"],"picked":"Backstab","floor":17},{"not_picked":["Slice+1","Flechettes+1"],"picked":"Reflex+1","floor":18},{"not_picked":["Cloak And Dagger","Dodge and Roll"],"picked":"Underhanded Strike+1","floor":19},{"not_picked":["Storm of Steel","Crippling Poison"],"picked":"Outmaneuver+1","floor":20},{"not_picked":["Blade Dance","Acrobatics+1"],"picked":"Backstab","floor":21},{"not_picked":["All Out Attack","Predator","Infinite Blades"],"picked":"SKIP","floor":22},{"not_picked":["Infinite Blades","Calculated Gamble"],"picked":"Bouncing Flask","floor":24},{"not_picked":["Deflect","PiercingWail"],"picked":"Dagger Throw+1","floor":27}],"player_experience":486824,"relics_obtained":[{"floor":8,"key":"Bottled Flame"},{"floor":9,"key":"Nunchaku"},{"floor":10,"key":"FossilizedHelix"},{"floor":24,"key":"Letter Opener"},{"floor":27,"key":"Bag of Marbles"}],"event_choices":[{"damage_healed":0,"gold_gain":0,"player_choice":"Bought 0 Potions","damage_taken":0,"max_hp_gain":0,"max_hp_loss":0,"event_name":"The Woman in Blue","floor":2,"gold_loss":0},{"damage_healed":0,"gold_gain":0,"player_choice":"Searched \u00271\u0027 times","damage_taken":0,"max_hp_gain":0,"max_hp_loss":0,"event_name":"Dead Adventurer","floor":10,"gold_loss":0},{"damage_healed":0,"gold_gain":0,"player_choice":"Success","damage_taken":12,"relics_obtained":["Gremlin Horn"],"max_hp_gain":0,"max_hp_loss":0,"event_name":"Scrap Ooze","floor":13,"gold_loss":0}],"is_beta":false,"boss_relics":[{"not_picked":["HoveringKite","Lizard Tail"],"picked":"Tiny House"}],"items_purged_floors":[3],"is_endless":false,"potions_floor_spawned":[1,5,7,14,16,18,20,27],"killed_by":"Sentry and Sphere","ascension_level":0}