{"path_per_floor":["M","?","M","M","?","R","M","E","T","M","R","?","M","M","R","B",null,"M","?","?","M","M","R","T","R","T","R","M","M","?","M","R","B",null,"M","M","?","?","$","R","?","R","T","M","R","M","M","M","R"],"character_chosen":"DEFECT","items_purchased":["Redo","Hello World","Pear","Art of War"],"gold_per_floor":[113,188,201,219,219,219,229,254,280,291,291,385,395,409,409,506,506,495,495,495,514,524,524,550,550,550,550,569,582,497,509,509,609,609,619,638,638,638,56,56,56,56,81,92,92,110,121,141,141,141],"floor_reached":50,"campfire_rested":6,"playtime":3306,"item_purchase_floors":[39,39,39,39],"current_hp_per_floor":[66,55,55,51,51,51,47,19,19,8,45,24,24,24,61,7,75,63,63,63,63,38,75,75,75,75,75,50,37,37,24,61,26,75,49,38,38,38,48,85,85,85,85,76,76,76,67,40,80,0],"items_purged":["Defend_B"],"gold":141,"score":473,"play_id":"5341912c-b8d4-4b50-846c-4cef4f598e68","local_time":"20180619193332","is_prod":false,"is_daily":false,"chose_seed":false,"is_ascension_mode":false,"campfire_upgraded":5,"win_rate":0.0,"timestamp":1529447612,"campfire_choices":[{"data":"Zap","floor":6,"key":"SMITH"},{"floor":11,"key":"REST"},{"floor":15,"key":"REST"},{"floor":23,"key":"REST"},{"data":"Defragment","floor":25,"key":"SMITH"},{"data":"Defragment","floor":27,"key":"SMITH"},{"floor":32,"key":"REST"},{"floor":40,"key":"REST"},{"data":"Electrodynamics","floor":42,"key":"SMITH"},{"data":"Hello World","floor":45,"key":"SMITH"},{"floor":49,"key":"REST"}],"path_taken":["M","?","M","?","?","R","M","E","T","M","R","?","M","M","R","BOSS","M","?","?","M","M","R","?","R","T","R","M","M","?","M","R","BOSS","M","M","?","?","$","R","?","R","T","M","R","M","M","M","R","BOSS"],"build_version":"2018-06-14v2","seed_source_timestamp":295463140565671,"purchased_purges":1,"victory":false,"master_deck":["Strike_B","Strike_B","Strike_B","Defend_B","Defend_B","Defend_B","Zap+1","Dualcast","Go for the Eyes","Defragment+1","Defragment+1","Melter","Fusion","Sweeping Beam","Genetic Algorithm","Conserve Battery","Rainbow","Stack","Zap","Cold Snap","BootSequence","Tempest","Scrape+1","Streamline+1","All For One","Electrodynamics+1","Force Field+1","Static Discharge+1","Dramatic Entrance","Redo","Hello World+1","Writhe","Auto Shields+1","Leap+1","Redo+1","Heatsinks"],"max_hp_per_floor":[75,75,75,75,75,75,75,75,75,75,75,75,75,75,75,75,75,75,75,75,75,75,75,75,75,75,75,75,75,75,75,75,75,75,75,75,75,75,85,85,85,85,85,85,85,85,85,85,85,85],"relics":["Cracked Core","Happy Flower","Regal Pillow","Tiny Chest","Bronze Scales","Torii","Ornamental Fan","Black Star","Pear","Art of War","Bag of Preparation"],"card_choices":[{"not_picked":["Hologram","Reprogram"],"picked":"Go for the Eyes","floor":1},{"not_picked":["Hologram","Doom and Gloom"],"picked":"Defragment","floor":3},{"not_picked":["Leap","Chill"],"picked":"Defragment","floor":4},{"not_picked":["Go for the Eyes","Auto Shields"],"picked":"Melter","floor":7},{"not_picked":["Stack","Skim"],"picked":"Fusion","floor":8},{"not_picked":["Gash","Consume"],"picked":"Sweeping Beam","floor":10},{"not_picked":["Rip and Tear","Auto Shields"],"picked":"Genetic Algorithm","floor":12},{"not_picked":["Doom and Gloom","Barrage","Lockon"],"picked":"SKIP","floor":13},{"not_picked":["Steam","Beam Cell"],"picked":"Conserve Battery","floor":14},{"not_picked":["Biased Cognition","Machine Learning"],"picked":"Rainbow","floor":16},{"not_picked":["Sweeping Beam+1","Double Energy"],"picked":"Stack","floor":18},{"not_picked":["Genetic Algorithm","Steam Power"],"picked":"Tempest","floor":21},{"not_picked":["Compile Driver","Lockon","Scrape"],"picked":"SKIP","floor":22},{"not_picked":["Cold Snap","Sweeping Beam"],"picked":"Scrape+1","floor":28},{"not_picked":["Sweeping Beam+1","Leap"],"picked":"Streamline+1","floor":29},{"not_picked":["Beam Cell","Streamline"],"picked":"All For One","floor":31},{"not_picked":["All For One","Buffer"],"picked":"Electrodynamics","floor":33},{"not_picked":["Coolheaded","Steam"],"picked":"Force Field+1","floor":35},{"not_picked":["Lockon","Coolheaded+1"],"picked":"Static Discharge+1","floor":36},{"not_picked":["Purity","Panacea"],"picked":"Dramatic Entrance","floor":37},{"not_picked":["Steam","Darkness"],"picked":"Auto Shields+1","floor":44},{"not_picked":["Beam Cell","Sweeping Beam+1"],"picked":"Leap+1","floor":46},{"not_picked":["Beam Cell","Hologram+1"],"picked":"Redo+1","floor":47},{"not_picked":["Double Energy","Genetic Algorithm"],"picked":"Heatsinks","floor":48}],"player_experience":303438,"potions_floor_usage":[8,12,16,16,18,18,29,29,33,35,46,47,48],"damage_taken":[{"damage":9,"enemies":"Jaw Worm","floor":1,"turns":4},{"damage":0,"enemies":"Small Slimes","floor":3,"turns":4},{"damage":4,"enemies":"Cultist","floor":4,"turns":4},{"damage":4,"enemies":"Blue Slaver","floor":7,"turns":3},{"damage":28,"enemies":"3 Sentries","floor":8,"turns":6},{"damage":11,"enemies":"Gremlin Gang","floor":10,"turns":4},{"damage":21,"enemies":"Gremlin Nob","floor":12,"turns":4},{"damage":0,"enemies":"2 Fungi Beasts","floor":13,"turns":2},{"damage":0,"enemies":"Large Slime","floor":14,"turns":5},{"damage":54,"enemies":"Hexaghost","floor":16,"turns":13},{"damage":12,"enemies":"2 Thieves","floor":18,"turns":4},{"damage":0,"enemies":"Spheric Guardian","floor":21,"turns":2},{"damage":25,"enemies":"Chosen and Byrds","floor":22,"turns":8},{"damage":25,"enemies":"Snecko","floor":28,"turns":5},{"damage":13,"enemies":"3 Cultists","floor":29,"turns":4},{"damage":13,"enemies":"Slaver and Parasite","floor":31,"turns":6},{"damage":35,"enemies":"Collector","floor":33,"turns":13},{"damage":26,"enemies":"3 Darklings","floor":35,"turns":5},{"damage":11,"enemies":"3 Shapes","floor":36,"turns":3},{"damage":9,"enemies":"Maw","floor":44,"turns":6},{"damage":0,"enemies":"3 Darklings","floor":46,"turns":3},{"damage":9,"enemies":"Sphere and 2 Shapes","floor":47,"turns":3},{"damage":27,"enemies":"Maw","floor":48,"turns":7},{"damage":91,"enemies":"Awakened One","floor":50,"turns":4}],"relics_obtained":[{"floor":8,"key":"Happy Flower"},{"floor":9,"key":"Regal Pillow"},{"floor":12,"key":"Tiny Chest"},{"floor":24,"key":"Bronze Scales"},{"floor":26,"key":"Torii"},{"floor":43,"key":"Bag of Preparation"}],"event_choices":[{"event_name":"World of Goop","player_choice":"Gather Gold","floor":2,"damage_taken":0},{"event_name":"Bonfire Elementals","player_choice":"BASIC","floor":5,"damage_taken":0},{"event_name":"Dead Adventurer","player_choice":"Searched \u00271\u0027 times","floor":12,"damage_taken":0},{"event_name":"Match and Keep!","player_choice":"2 cards matched","floor":19,"damage_taken":0},{"event_name":"The Library","player_choice":"Read","floor":20,"damage_taken":0},{"event_name":"Addict","player_choice":"Obtained Relic","floor":30,"damage_taken":0},{"event_name":"SensoryStone","player_choice":"Memory 1","floor":37,"damage_taken":0},{"event_name":"Mysterious Sphere","player_choice":"Ignore","floor":38,"damage_taken":0},{"event_name":"Winding Halls","player_choice":"Writhe","floor":41,"damage_taken":0}],"boss_relics":[{"not_picked":["Cursed Key","Sozu","Ectoplasm"]},{"not_picked":["Pandora\u0027s Box","Runic Pyramid"],"picked":"Black Star"}],"items_purged_floors":[39],"is_endless":false,"potions_floor_spawned":[3,4,12,12,14,16,21,28,29,33,36,44,46],"seed_played":"-326333460193329059","killed_by":"Awakened One","ascension_level":0,"potions_obtained":[{"floor":3,"key":"LiquidBronze"},{"floor":4,"key":"FocusPotion"},{"floor":12,"key":"Dexterity Potion"},{"floor":12,"key":"SpeedPotion"},{"floor":14,"key":"Weak Potion"},{"floor":16,"key":"Weak Potion"},{"floor":21,"key":"LiquidBronze"},{"floor":28,"key":"SkillPotion"},{"floor":29,"key":"SkillPotion"},{"floor":33,"key":"Dexterity Potion"},{"floor":36,"key":"EssenceOfSteel"},{"floor":44,"key":"Strength Potion"},{"floor":46,"key":"FocusPotion"}],"is_trial":false}