{"gold_per_floor":[362,377,57,72,72,97,97,136,136,136,36,51,51,70,70,196,196,216,236,93,107,107,107],"floor_reached":23,"playtime":832,"items_purged":["Decay","Strike_R"],"score":193,"play_id":"1b003cbb-bbe9-42d9-8276-6cc09f4022c3","local_time":"20190328103250","is_ascension_mode":false,"campfire_choices":[{"data":"Bash","floor":7,"key":"SMITH"},{"floor":15,"key":"REST"}],"neow_cost":"CURSE","seed_source_timestamp":347019603022143,"circlet_count":0,"master_deck":["Strike_R","Strike_R","Strike_R","Strike_R","Defend_R","Defend_R","Defend_R","Bash+1","Carnage","Cleave","Clash","Berserk","Intimidate","Pummel","Bludgeon","Clash","Body Slam+1","Evolve"],"relics":["Black Blood","Letter Opener","Golden Idol","Dream Catcher","NlothsMask","Vajra","Blue Candle"],"potions_floor_usage":[6,12,18,20],"damage_taken":[{"damage":4,"enemies":"Small Slimes","floor":1,"turns":4},{"damage":4,"enemies":"Cultist","floor":2,"turns":4},{"damage":0,"enemies":"2 Louse","floor":4,"turns":2},{"damage":10,"enemies":"Exordium Thugs","floor":6,"turns":4},{"damage":21,"enemies":"Lagavulin","floor":8,"turns":5},{"damage":13,"enemies":"Red Slaver","floor":12,"turns":2},{"damage":5,"enemies":"3 Louse","floor":14,"turns":2},{"damage":28,"enemies":"Slime Boss","floor":16,"turns":10},{"damage":10,"enemies":"Spheric Guardian","floor":18,"turns":3},{"damage":5,"enemies":"3 Byrds","floor":19,"turns":4},{"damage":28,"enemies":"3 Cultists","floor":21,"turns":5},{"damage":67,"enemies":"Book of Stabbing","floor":23,"turns":4}],"seed_played":"-1273334772931307825","potions_obtained":[{"floor":2,"key":"SteroidPotion"},{"floor":8,"key":"Poison Potion"},{"floor":16,"key":"Energy Potion"},{"floor":19,"key":"Fruit Juice"}],"is_trial":false,"path_per_floor":["M","M","$","M","?","M","R","E","T","?","$","M","?","M","R","B",null,"M","M","$","M","?","E"],"character_chosen":"IRONCLAD","items_purchased":["Letter Opener","Vajra"],"campfire_rested":1,"item_purchase_floors":[3,20],"current_hp_per_floor":[80,80,80,80,60,56,56,41,41,41,41,34,34,35,59,37,80,80,80,85,67,67,0],"gold":107,"neow_bonus":"TWO_FIFTY_GOLD","is_prod":false,"is_daily":false,"chose_seed":false,"campfire_upgraded":1,"win_rate":0,"timestamp":1553779970,"path_taken":["M","M","$","M","?","M","R","E","T","?","$","?","?","M","R","BOSS","M","M","$","M","?","E"],"build_version":"2019-01-23","purchased_purges":2,"victory":false,"max_hp_per_floor":[80,80,80,80,80,80,80,80,80,80,80,80,80,80,80,80,80,80,80,85,85,85,85],"card_choices":[{"not_picked":["Havoc","Wild Strike"],"picked":"Carnage","floor":1},{"not_picked":["Burning Pact","Shrug It Off"],"picked":"Cleave","floor":2},{"not_picked":["Havoc","Clothesline","Heavy Blade"],"picked":"SKIP","floor":4},{"not_picked":["Pommel Strike","Perfected Strike"],"picked":"Clash","floor":6},{"not_picked":["Burning Pact","Armaments"],"picked":"Berserk","floor":8},{"not_picked":["Armaments","Pommel Strike"],"picked":"Intimidate","floor":12},{"not_picked":["Flex","Intimidate","Havoc"],"picked":"SKIP","floor":14},{"not_picked":["Sword Boomerang","Blood for Blood"],"picked":"Pummel","floor":15},{"not_picked":["Exhume","Limit Break"],"picked":"Bludgeon","floor":16},{"not_picked":["Cleave","Entrench"],"picked":"Clash","floor":18},{"not_picked":["Bloodletting","Seeing Red"],"picked":"Body Slam+1","floor":19},{"not_picked":["Anger","Perfected Strike"],"picked":"Evolve","floor":21}],"player_experience":543464,"relics_obtained":[{"floor":8,"key":"Dream Catcher"}],"event_choices":[{"damage_healed":0,"gold_gain":0,"player_choice":"Take Damage","damage_taken":20,"relics_obtained":["Golden Idol"],"max_hp_gain":0,"max_hp_loss":0,"event_name":"Golden Idol","floor":5,"gold_loss":0},{"cards_removed":["Defend_R"],"damage_healed":0,"gold_gain":0,"player_choice":"Took Card","damage_taken":0,"max_hp_gain":0,"max_hp_loss":0,"event_name":"NoteForYourself","floor":10,"gold_loss":0,"cards_obtained":["Flex"]},{"damage_healed":0,"gold_gain":0,"player_choice":"Trade","damage_taken":0,"relics_obtained":["NlothsMask"],"max_hp_gain":0,"max_hp_loss":0,"event_name":"FaceTrader","floor":13,"gold_loss":0},{"cards_removed":["Flex"],"damage_healed":0,"gold_gain":0,"player_choice":"Gave Card","damage_taken":0,"relics_obtained":["Blue Candle"],"max_hp_gain":0,"max_hp_loss":0,"event_name":"WeMeetAgain","floor":22,"gold_loss":0}],"is_beta":false,"boss_relics":[{"not_picked":["Snecko Eye","Fusion Hammer"],"picked":"Black Blood"}],"items_purged_floors":[3,11],"is_endless":false,"potions_floor_spawned":[2,8,16,19],"killed_by":"Book of Stabbing","ascension_level":0}