{"gold_per_floor":[109,109,125,137,147,147,161,186,186,200,200,215,243,243,243,346,346,365,365,28,28,28,40,54,54],"floor_reached":25,"playtime":1314,"items_purged":["Strike_R"],"score":301,"play_id":"3deedf0a-1b8a-42d0-b189-44c73d5972f8","local_time":"20190603204822","is_ascension_mode":true,"campfire_choices":[{"data":"Armaments","floor":6.0,"key":"SMITH"},{"data":"Body Slam","floor":11.0,"key":"SMITH"},{"floor":15.0,"key":"REST"}],"neow_cost":"PERCENT_DAMAGE","seed_source_timestamp":0,"circlet_count":0,"master_deck":["Strike_R","Strike_R","Defend_R","Defend_R","Defend_R","Defend_R","Bash","Juggernaut","Body Slam","Body Slam+1","Armaments+1","Body Slam","Impervious","Impervious","Warcry","Battle Trance","Shrug It Off","Juggernaut","Flame Barrier","Battle Trance","Rampage","Rampage"],"special_seed":0,"relics":["Burning Blood","Blood Vial","Question Card","Pantograph","Velvet Choker","Matryoshka","Enchiridion"],"potions_floor_usage":[25,25],"damage_taken":[{"damage":6.0,"enemies":"Cultist","floor":1.0,"turns":4.0},{"damage":15.0,"enemies":"Small Slimes","floor":3.0,"turns":4.0},{"damage":9.0,"enemies":"Jaw Worm","floor":4.0,"turns":4.0},{"damage":10.0,"enemies":"Exordium Thugs","floor":5.0,"turns":5.0},{"damage":14.0,"enemies":"3 Louse","floor":7.0,"turns":4.0},{"damage":15.0,"enemies":"3 Sentries","floor":8.0,"turns":6.0},{"damage":0.0,"enemies":"Large Slime","floor":10.0,"turns":5.0},{"damage":12.0,"enemies":"Looter","floor":12.0,"turns":4.0},{"damage":20.0,"enemies":"Gremlin Nob","floor":13.0,"turns":4.0},{"damage":25.0,"enemies":"Slime Boss","floor":16.0,"turns":5.0},{"damage":1.0,"enemies":"2 Thieves","floor":18.0,"turns":4.0},{"damage":14.0,"enemies":"Shell Parasite","floor":23.0,"turns":4.0},{"damage":0.0,"enemies":"3 Cultists","floor":24.0,"turns":4.0},{"damage":79,"enemies":"Slavers","floor":25,"turns":7}],"seed_played":"-4105032383331876273","potions_obtained":[{"floor":3.0,"key":"Explosive Potion"},{"floor":7.0,"key":"LiquidBronze"},{"floor":8.0,"key":"Fire Potion"},{"floor":12.0,"key":"Ancient Potion"},{"floor":23.0,"key":"Regen Potion"}],"is_trial":false,"path_per_floor":["M","?","M","M","M","R","M","E","T","M","R","M","E","?","R","B",null,"M","?","$","$","?","M","M","E"],"character_chosen":"IRONCLAD","items_purchased":["Matryoshka"],"campfire_rested":1,"item_purchase_floors":[20],"current_hp_per_floor":[51,51,42,39,35,35,27,18,18,26,26,22,10,3,27,35,69,76,76,76,76,60,54,62,0],"gold":54,"neow_bonus":"THREE_RARE_CARDS","is_prod":false,"is_daily":false,"chose_seed":false,"campfire_upgraded":2,"win_rate":0,"timestamp":1559609302,"path_taken":["M","?","M","M","M","R","?","E","T","M","R","M","E","?","R","BOSS","M","?","?","$","?","M","M","E"],"build_version":"2019-01-23","purchased_purges":1,"victory":false,"max_hp_per_floor":[80,80,80,80,80,80,80,80,80,80,80,80,80,80,80,80,80,80,80,80,80,80,80,80,80],"card_choices":[{"not_picked":["Immolate","Impervious"],"picked":"Juggernaut","floor":0.0},{"not_picked":["Headbutt","Clash"],"picked":"Body Slam","floor":1.0},{"not_picked":["Perfected Strike","Clothesline"],"picked":"Body Slam","floor":3.0},{"not_picked":["Headbutt","Sword Boomerang"],"picked":"Armaments","floor":4.0},{"not_picked":["Armaments","Twin Strike"],"picked":"Body Slam","floor":5.0},{"not_picked":["Reckless Charge","Armaments"],"picked":"Impervious","floor":7.0},{"not_picked":["Sword Boomerang","Heavy Blade"],"picked":"Impervious","floor":8.0},{"not_picked":["Wild Strike","Body Slam","Twin Strike"],"picked":"Warcry","floor":10.0},{"not_picked":["Wild Strike","Bloodletting","Anger"],"picked":"Battle Trance","floor":12.0},{"not_picked":["Clash","Heavy Blade","True Grit"],"picked":"Shrug It Off","floor":13.0},{"not_picked":["Double Tap","Fiend Fire","Dark Embrace"],"picked":"Juggernaut","floor":16.0},{"not_picked":["Flex","Body Slam","Iron Wave"],"picked":"Flame Barrier","floor":18.0},{"not_picked":["Warcry","Iron Wave","Pommel Strike"],"picked":"Rampage","floor":23.0},{"not_picked":["Anger","Body Slam+1","Combust+1"],"picked":"Rampage","floor":24.0}],"player_experience":191988,"relics_obtained":[{"floor":8.0,"key":"Blood Vial"},{"floor":9.0,"key":"Question Card"},{"floor":13.0,"key":"Pantograph"},{"floor":22.0,"key":"Enchiridion"}],"event_choices":[{"cards_removed":["Strike_R"],"damage_healed":0.0,"max_hp_gain":0.0,"max_hp_loss":0.0,"gold_gain":0.0,"event_name":"Bonfire Elementals","player_choice":"Offered Basic","floor":2.0,"gold_loss":0.0,"damage_taken":0.0},{"cards_removed":["Strike_R"],"damage_healed":0.0,"max_hp_gain":0.0,"max_hp_loss":0.0,"gold_gain":0.0,"event_name":"Golden Wing","player_choice":"Card Removal","floor":14.0,"gold_loss":0.0,"damage_taken":7.0},{"damage_healed":0.0,"max_hp_gain":0.0,"max_hp_loss":0.0,"gold_gain":0.0,"event_name":"Duplicator","player_choice":"Copied","floor":19.0,"gold_loss":0.0,"damage_taken":0.0,"cards_obtained":["Battle Trance"]},{"damage_healed":0.0,"max_hp_gain":0.0,"max_hp_loss":0.0,"gold_gain":0.0,"event_name":"Cursed Tome","player_choice":"Obtained Book","floor":22.0,"gold_loss":0.0,"damage_taken":16.0}],"is_beta":false,"boss_relics":[{"not_picked":["Tiny House","Lizard Tail"],"picked":"Velvet Choker"}],"items_purged_floors":[20],"is_endless":false,"potions_floor_spawned":[3,7,8,12,23],"killed_by":"Slavers","ascension_level":8}