{"gold_per_floor":[362,372,396,408,5,38,38,68,94,94,124,145,179,193,193,271,271,283,10,10,72,95,107,134,171,263,306,328,405,437,480,492,577,589,618,1629,993,1010,1029,1029],"floor_reached":40,"playtime":1965,"items_purged":["Regret","Normality"],"score":1138,"play_id":"5e3552f1-9c88-4c70-ba91-6129e2dd2cf5","local_time":"20190202194036","is_ascension_mode":true,"campfire_choices":[{"data":"Uppercut","floor":7,"key":"SMITH"},{"floor":10,"key":"REST"},{"data":"Immolate","floor":15,"key":"SMITH"},{"data":"Inflame","floor":23,"key":"SMITH"},{"floor":32,"key":"REST"}],"neow_cost":"CURSE","seed_source_timestamp":25433082651249,"circlet_count":0,"master_deck":["AscendersBane","Strike_R","Strike_R","Strike_R","Strike_R","Strike_R","Defend_R","Defend_R","Defend_R+1","Defend_R+1","Bash","Iron Wave","Uppercut+1","Anger","Metallicize","Metallicize","Immolate+1","Inflame+1","Offering","Writhe","Whirlwind+1","Limit Break+1","Heavy Blade","Demon Form","Normality"],"relics":["Burning Blood","Bag of Marbles","Oddly Smooth Stone","Potion Belt","Regal Pillow","Ancient Tea Set","Happy Flower","Odd Mushroom","War Paint","Snecko Eye","Toxic Egg 2","MawBank","Boot","Bottled Flame","Pantograph","Tiny Chest","Juzu Bracelet","Mark of Pain","Sundial","TheAbacus"],"potions_floor_usage":[6,11,16,25,28,35,39],"damage_taken":[{"damage":12,"enemies":"Cultist","floor":1,"turns":4},{"damage":2,"enemies":"2 Louse","floor":2,"turns":5},{"damage":12,"enemies":"Small Slimes","floor":4,"turns":3},{"damage":6,"enemies":"Gremlin Nob","floor":6,"turns":3},{"damage":21,"enemies":"Lagavulin","floor":8,"turns":7},{"damage":0,"enemies":"Gremlin Nob","floor":11,"turns":3},{"damage":9,"enemies":"The Mushroom Lair","floor":12,"turns":3},{"damage":22,"enemies":"Lagavulin","floor":13,"turns":5},{"damage":0,"enemies":"Exordium Wildlife","floor":14,"turns":1},{"damage":21,"enemies":"The Guardian","floor":16,"turns":9},{"damage":4,"enemies":"Chosen","floor":18,"turns":5},{"damage":15,"enemies":"Spheric Guardian","floor":22,"turns":5},{"damage":12,"enemies":"Shelled Parasite and Fungi","floor":24,"turns":2},{"damage":11,"enemies":"Book of Stabbing","floor":25,"turns":4},{"damage":6,"enemies":"Slavers","floor":27,"turns":3},{"damage":6,"enemies":"Snake Plant","floor":28,"turns":2},{"damage":0,"enemies":"Gremlin Leader","floor":29,"turns":4},{"damage":11,"enemies":"Snecko","floor":30,"turns":5},{"damage":4,"enemies":"Slavers","floor":31,"turns":2},{"damage":65,"enemies":"Automaton","floor":33,"turns":10},{"damage":6,"enemies":"3 Darklings","floor":35,"turns":3},{"damage":14,"enemies":"3 Shapes","floor":38,"turns":1},{"damage":6,"enemies":"Sphere and 2 Shapes","floor":39,"turns":4},{"damage":82,"enemies":"Nemesis","floor":40,"turns":6}],"seed_played":"8848519647083013509","potions_obtained":[{"floor":2,"key":"Dexterity Potion"},{"floor":4,"key":"Poison Potion"},{"floor":6,"key":"GamblersBrew"},{"floor":8,"key":"GamblersBrew"},{"floor":12,"key":"Fire Potion"},{"floor":14,"key":"Ancient Potion"},{"floor":25,"key":"AttackPotion"},{"floor":27,"key":"AttackPotion"},{"floor":30,"key":"SkillPotion"}],"is_trial":false,"path_per_floor":["M","M","T","M","$","E","R","E","T","R","E","?","E","M","R","B",null,"M","$","?","?","M","R","M","E","T","E","M","E","M","E","R","B",null,"M","?","$","M","M","E"],"character_chosen":"IRONCLAD","items_purchased":["Bag of Marbles","Oddly Smooth Stone","Toxic Egg 2","Sundial","TheAbacus","Dexterity Potion"],"campfire_rested":2,"item_purchase_floors":[5,5,19,37,37,37],"current_hp_per_floor":[62,66,66,60,60,60,60,45,45,75,75,72,56,62,62,47,68,70,70,70,63,54,54,48,43,43,43,43,49,44,46,75,16,60,60,60,60,52,52,0],"gold":1029,"neow_bonus":"TWO_FIFTY_GOLD","is_prod":false,"is_daily":false,"chose_seed":false,"campfire_upgraded":3,"win_rate":0,"timestamp":1549132836,"path_taken":["M","M","?","M","$","E","R","E","T","R","E","?","E","M","R","BOSS","M","$","?","?","M","R","M","E","T","E","M","E","?","E","R","BOSS","M","?","$","M","M","E"],"build_version":"2019-01-23","purchased_purges":2,"victory":false,"max_hp_per_floor":[75,75,75,75,75,75,75,75,75,75,75,75,75,75,75,75,75,75,75,75,75,75,75,75,75,75,75,75,75,75,75,75,75,75,75,75,75,75,75,75],"card_choices":[{"not_picked":["True Grit","Fire Breathing"],"picked":"Iron Wave","floor":1},{"not_picked":["Dropkick","Wild Strike"],"picked":"Uppercut","floor":2},{"not_picked":["Rage","Havoc"],"picked":"Anger","floor":4},{"not_picked":["Bloodletting","Blood for Blood"],"picked":"Metallicize","floor":6},{"not_picked":["Sword Boomerang","Havoc"],"picked":"Metallicize","floor":8},{"not_picked":["Wild Strike","Havoc"],"picked":"Immolate","floor":11},{"not_picked":["Rage","Wild Strike"],"picked":"Inflame","floor":12},{"not_picked":["Iron Wave","Thunderclap","Seeing Red"],"picked":"SKIP","floor":13},{"not_picked":["Combust","Fire Breathing","Headbutt"],"picked":"SKIP","floor":14},{"not_picked":["Fiend Fire","Feed"],"picked":"Offering","floor":16},{"not_picked":["Havoc","Battle Trance","Dual Wield"],"picked":"SKIP","floor":18},{"not_picked":["Warcry+1","Flex+1","Rupture"],"picked":"SKIP","floor":22},{"not_picked":["Metallicize","Havoc+1","Wild Strike"],"picked":"SKIP","floor":24},{"not_picked":["Reckless Charge","Sever Soul","Headbutt"],"picked":"SKIP","floor":25},{"not_picked":["Carnage","Twin Strike"],"picked":"Whirlwind+1","floor":27},{"not_picked":["Cleave","Wild Strike","Combust"],"picked":"SKIP","floor":28},{"not_picked":["Power Through+1","Whirlwind"],"picked":"Limit Break+1","floor":29},{"not_picked":["Thunderclap","True Grit+1"],"picked":"Heavy Blade","floor":30},{"not_picked":["Warcry+1","Burning Pact+1","Rupture"],"picked":"SKIP","floor":31},{"not_picked":["Feed","Exhume+1"],"picked":"Demon Form","floor":33},{"not_picked":["Burning Pact+1","Wild Strike","Whirlwind"],"picked":"SKIP","floor":35},{"not_picked":["Burning Pact+1","Intimidate+1","Flex+1"],"picked":"SKIP","floor":38},{"not_picked":["Ghostly Armor+1","Power Through+1","Burning Pact+1"],"picked":"SKIP","floor":39}],"player_experience":835357,"relics_obtained":[{"floor":6,"key":"Potion Belt"},{"floor":8,"key":"Regal Pillow"},{"floor":9,"key":"Ancient Tea Set"},{"floor":11,"key":"Happy Flower"},{"floor":12,"key":"Odd Mushroom"},{"floor":13,"key":"War Paint"},{"floor":25,"key":"Boot"},{"floor":26,"key":"Bottled Flame"},{"floor":27,"key":"Pantograph"},{"floor":29,"key":"Tiny Chest"},{"floor":31,"key":"Juzu Bracelet"}],"event_choices":[{"damage_healed":0,"gold_gain":0,"player_choice":"Fought Mushrooms","damage_taken":0,"max_hp_gain":0,"max_hp_loss":0,"event_name":"Mushrooms","floor":12,"gold_loss":0},{"damage_healed":0,"gold_gain":0,"player_choice":"Opened","damage_taken":0,"relics_obtained":["MawBank"],"max_hp_gain":0,"max_hp_loss":0,"event_name":"The Mausoleum","floor":20,"gold_loss":0,"cards_obtained":["Writhe"]},{"damage_healed":0,"gold_gain":50,"player_choice":"Touch","damage_taken":7,"max_hp_gain":0,"max_hp_loss":0,"event_name":"FaceTrader","floor":21,"gold_loss":0},{"damage_healed":0,"gold_gain":999,"player_choice":"Gold","damage_taken":0,"max_hp_gain":0,"max_hp_loss":0,"event_name":"MindBloom","floor":36,"gold_loss":0,"cards_obtained":["Normality","Normality"]}],"is_beta":false,"boss_relics":[{"not_picked":["Runic Cube","Tiny House"],"picked":"Snecko Eye"},{"not_picked":["White Beast Statue","Coffee Dripper"],"picked":"Mark of Pain"}],"items_purged_floors":[5,37],"is_endless":false,"potions_floor_spawned":[2,4,6,8,12,14,25,27,30,31,33,38],"killed_by":"Nemesis","ascension_level":20}