{"gold_per_floor":[115,115,127,141,41,41,70,86,86,100,100,429,447,447,447,447],"floor_reached":16,"playtime":751,"items_purged":["Strike_G"],"score":224,"play_id":"df30522f-4b70-4409-a136-ea04ee0ae7eb","local_time":"20190208152904","is_ascension_mode":true,"campfire_choices":[{"data":"Dagger Spray","floor":6,"key":"SMITH"},{"floor":11,"key":"REST"},{"data":"Crippling Poison","floor":15,"key":"SMITH"}],"neow_cost":"PERCENT_DAMAGE","seed_source_timestamp":10569865305094,"circlet_count":0,"master_deck":["AscendersBane","Defend_G","Defend_G","Defend_G","Defend_G","Defend_G","Strike_G","Strike_G","Strike_G","Survivor","Neutralize","Flying Knee","Dagger Throw","Footwork","Dagger Spray+1","Escape Plan","Crippling Poison+1","Terror"],"relics":["Ring of the Snake","Ginger","Pocketwatch","Old Coin"],"potions_floor_usage":[7,16],"damage_taken":[{"damage":0,"enemies":"Small Slimes","floor":1,"turns":5},{"damage":0,"enemies":"Cultist","floor":3,"turns":4},{"damage":4,"enemies":"2 Louse","floor":4,"turns":4},{"damage":48,"enemies":"Gremlin Nob","floor":7,"turns":5},{"damage":0,"enemies":"Red Slaver","floor":8,"turns":4},{"damage":1,"enemies":"Exordium Wildlife","floor":10,"turns":6},{"damage":15,"enemies":"Lagavulin","floor":12,"turns":10},{"damage":1,"enemies":"Blue Slaver","floor":13,"turns":4},{"damage":13,"enemies":"Hexaghost","floor":16,"turns":9}],"seed_played":"-8461774978598919548","potions_obtained":[{"floor":1,"key":"Swift Potion"},{"floor":10,"key":"Fire Potion"}],"is_trial":false,"path_per_floor":["M","?","M","M","$","R","E","M","T","M","R","E","M","?","R","B"],"character_chosen":"THE_SILENT","items_purchased":["Dagger Spray"],"campfire_rested":1,"item_purchase_floors":[5],"current_hp_per_floor":[56,56,56,52,52,52,4,4,4,3,26,11,10,10,10,0],"gold":447,"neow_bonus":"TWENTY_PERCENT_HP_BONUS","is_prod":false,"is_daily":false,"chose_seed":false,"campfire_upgraded":2,"win_rate":0,"timestamp":1549636144,"path_taken":["M","?","M","M","$","R","E","M","T","?","R","E","M","?","R","BOSS"],"build_version":"2019-01-23","purchased_purges":1,"victory":false,"max_hp_per_floor":[78,78,78,78,78,78,78,78,78,78,78,78,78,78,78,78],"card_choices":[{"not_picked":["Catalyst","Dodge and Roll"],"picked":"Flying Knee","floor":1},{"not_picked":["Prepared","Eviscerate"],"picked":"Dagger Throw","floor":3},{"not_picked":["Cloak And Dagger","Bane"],"picked":"Footwork","floor":4},{"not_picked":["Terror","Dagger Throw"],"picked":"Escape Plan","floor":7},{"not_picked":["Flechettes","Calculated Gamble","Sucker Punch"],"picked":"SKIP","floor":8},{"not_picked":["Well Laid Plans","Backflip"],"picked":"Crippling Poison","floor":10},{"not_picked":["Dagger Spray","Sucker Punch"],"picked":"Terror","floor":12},{"not_picked":["Underhanded Strike","Masterful Stab","Quick Slash"],"picked":"SKIP","floor":13}],"player_experience":938647,"relics_obtained":[{"floor":7,"key":"Ginger"},{"floor":9,"key":"Pocketwatch"},{"floor":12,"key":"Old Coin"}],"event_choices":[{"cards_removed":["Strike_G"],"damage_healed":0,"gold_gain":0,"player_choice":"Offered Basic","damage_taken":0,"max_hp_gain":0,"max_hp_loss":0,"event_name":"Bonfire Elementals","floor":2,"gold_loss":0},{"damage_healed":0,"gold_gain":0,"player_choice":"Ignored","damage_taken":0,"max_hp_gain":0,"max_hp_loss":0,"event_name":"Liars Game","floor":14,"gold_loss":0}],"is_beta":false,"boss_relics":[],"items_purged_floors":[5],"is_endless":false,"potions_floor_spawned":[1,10],"killed_by":"Hexaghost","ascension_level":20}