{"gold_per_floor":[109,128,128,53,53,53,78,78,78,103,178,211,225,225,225,225],"floor_reached":16,"playtime":667,"items_purged":["Strike_R"],"score":100,"play_id":"4a5ff96e-52c7-4611-b908-1c6705b8ac0a","local_time":"20190217221642","is_ascension_mode":false,"campfire_choices":[{"data":"True Grit","floor":6,"key":"SMITH"},{"data":"Metallicize","floor":8,"key":"SMITH"},{"floor":15,"key":"REST"}],"neow_cost":"NONE","seed_source_timestamp":13986950979300,"circlet_count":0,"master_deck":["Strike_R","Strike_R","Strike_R","Strike_R","Defend_R","Defend_R","Defend_R","Bash","True Grit+1","Metallicize+1","Warcry","Impervious"],"relics":["Burning Blood","Golden Idol","Pen Nib","Singing Bowl"],"potions_floor_usage":[13],"damage_taken":[{"damage":6,"enemies":"Jaw Worm","floor":1,"turns":4},{"damage":0,"enemies":"2 Louse","floor":2,"turns":3},{"damage":0,"enemies":"Small Slimes","floor":7,"turns":5},{"damage":6,"enemies":"2 Fungi Beasts","floor":10,"turns":7},{"damage":25,"enemies":"Gremlin Nob","floor":12,"turns":6},{"damage":12,"enemies":"3 Louse","floor":13,"turns":5},{"damage":55,"enemies":"Hexaghost","floor":16,"turns":13}],"seed_played":"8982177034036790235","potions_obtained":[{"floor":1,"key":"Energy Potion"},{"floor":7,"key":"Swift Potion"},{"floor":13,"key":"AttackPotion"}],"is_trial":false,"path_per_floor":["M","M","?","$","?","R","M","R","T","M","?","E","M","?","R","B"],"character_chosen":"IRONCLAD","items_purchased":[],"campfire_rested":1,"item_purchase_floors":[],"current_hp_per_floor":[88,88,66,66,59,59,65,65,65,65,54,35,29,26,52,0],"gold":225,"neow_bonus":"TEN_PERCENT_HP_BONUS","is_prod":false,"is_daily":false,"chose_seed":false,"campfire_upgraded":2,"win_rate":0,"timestamp":1550459802,"path_taken":["M","M","?","$","?","R","M","R","T","M","?","E","M","?","R","BOSS"],"build_version":"2019-01-23","purchased_purges":1,"victory":false,"max_hp_per_floor":[88,88,88,88,88,88,88,88,88,88,88,88,88,88,88,88],"card_choices":[{"not_picked":["Battle Trance","Havoc"],"picked":"True Grit","floor":1},{"not_picked":["True Grit","Rage"],"picked":"Metallicize","floor":2},{"not_picked":["Anger","Intimidate","Heavy Blade"],"picked":"SKIP","floor":7},{"not_picked":["Clothesline","Infernal Blade"],"picked":"Warcry","floor":10},{"not_picked":["Anger","Armaments","Wild Strike"],"picked":"SKIP","floor":12},{"not_picked":["Clash","Corruption"],"picked":"Impervious","floor":13}],"player_experience":322396,"relics_obtained":[{"floor":12,"key":"Pen Nib"}],"event_choices":[{"damage_healed":0,"gold_gain":0,"player_choice":"Take Damage","damage_taken":22,"relics_obtained":["Golden Idol"],"max_hp_gain":0,"max_hp_loss":0,"event_name":"Golden Idol","floor":3,"gold_loss":0},{"cards_removed":["Defend_R"],"damage_healed":0,"gold_gain":0,"player_choice":"Card Removal","damage_taken":7,"max_hp_gain":0,"max_hp_loss":0,"event_name":"Golden Wing","floor":5,"gold_loss":0},{"damage_healed":0,"gold_gain":75,"player_choice":"Gather Gold","damage_taken":11,"max_hp_gain":0,"max_hp_loss":0,"event_name":"World of Goop","floor":11,"gold_loss":0},{"damage_healed":0,"gold_gain":0,"player_choice":"Success","damage_taken":3,"relics_obtained":["Singing Bowl"],"max_hp_gain":0,"max_hp_loss":0,"event_name":"Scrap Ooze","floor":14,"gold_loss":0}],"is_beta":false,"boss_relics":[],"items_purged_floors":[4],"is_endless":false,"potions_floor_spawned":[1,7,13],"killed_by":"Hexaghost","ascension_level":0}