{"gold_per_floor":[118,193,29,40,40,66,66,81,106,106,106,133,149,161,161,233,233,250,250,266,281,9,9,26,26,26,26],"floor_reached":27,"playtime":1574,"items_purged":["Strike_R"],"score":424,"play_id":"e8e76e03-d11b-4f1c-bc65-d2ab9fb380ca","local_time":"20190613192420","is_ascension_mode":true,"campfire_choices":[{"data":"Juggernaut","floor":7,"key":"SMITH"},{"floor":10,"key":"REST"},{"data":"Inflame","floor":15,"key":"SMITH"},{"floor":23,"key":"REST"}],"neow_cost":"NONE","seed_source_timestamp":2287653086760455,"circlet_count":0,"master_deck":["AscendersBane","Strike_R","Strike_R","Strike_R","Defend_R","Defend_R","Defend_R","Defend_R","Bash","Feed","Anger","Juggernaut+1","Rage","Clash","Intimidate","Inflame+1","Exhume","Disarm","Clothesline","Spot Weakness"],"relics":["Burning Blood","Bag of Preparation","Pen Nib","Mercury Hourglass","Busted Crown","Shuriken"],"potions_floor_usage":[6,18,20,21,27,27],"damage_taken":[{"damage":1,"enemies":"Cultist","floor":1,"turns":3},{"damage":3,"enemies":"2 Louse","floor":4,"turns":7},{"damage":40,"enemies":"3 Sentries","floor":6,"turns":11},{"damage":10,"enemies":"Small Slimes","floor":8,"turns":3},{"damage":32,"enemies":"Gremlin Nob","floor":12,"turns":4},{"damage":8,"enemies":"Red Slaver","floor":13,"turns":3},{"damage":0,"enemies":"2 Fungi Beasts","floor":14,"turns":2},{"damage":20,"enemies":"The Guardian","floor":16,"turns":9},{"damage":38,"enemies":"3 Byrds","floor":18,"turns":5},{"damage":15,"enemies":"Shell Parasite","floor":20,"turns":3},{"damage":30,"enemies":"Snake Plant","floor":21,"turns":4},{"damage":14,"enemies":"Centurion and Healer","floor":24,"turns":6},{"damage":44,"enemies":"Slavers","floor":27,"turns":2}],"seed_played":"-199383073337451855","potions_obtained":[{"floor":1,"key":"Ancient Potion"},{"floor":4,"key":"EssenceOfSteel"},{"floor":6,"key":"Dexterity Potion"},{"floor":18,"key":"Weak Potion"},{"floor":21,"key":"SneckoOil"},{"floor":24,"key":"Regen Potion"}],"is_trial":false,"path_per_floor":["M","?","$","M","?","E","R","M","T","R","?","E","M","M","R","B",null,"M","?","M","M","$","R","M","?","T","E"],"character_chosen":"IRONCLAD","items_purchased":["Juggernaut","Shuriken"],"campfire_rested":2,"item_purchase_floors":[3,22],"current_hp_per_floor":[76,65,65,71,71,40,40,39,39,65,65,39,37,43,43,29,73,44,44,35,14,14,41,33,33,33,0],"gold":26,"neow_bonus":"ONE_RANDOM_RARE_CARD","is_prod":false,"is_daily":false,"chose_seed":false,"campfire_upgraded":2,"win_rate":0,"timestamp":1560464660,"path_taken":["M","?","$","M","?","E","R","M","T","R","?","E","M","?","R","BOSS","M","?","?","M","$","R","M","?","T","E"],"build_version":"2019-01-23","purchased_purges":1,"victory":false,"max_hp_per_floor":[78,78,78,81,81,84,84,87,87,87,87,87,87,87,87,87,87,90,90,90,93,93,93,93,93,93,93],"card_choices":[{"not_picked":["Shrug It Off","Whirlwind"],"picked":"Anger","floor":1},{"not_picked":["True Grit","Sword Boomerang"],"picked":"Rage","floor":4},{"not_picked":["Wild Strike","Heavy Blade","Dark Embrace"],"picked":"SKIP","floor":6},{"not_picked":["Thunderclap","Heavy Blade"],"picked":"Clash","floor":8},{"not_picked":["Sentinel","Second Wind","Pommel Strike"],"picked":"SKIP","floor":12},{"not_picked":["Uppercut","Heavy Blade"],"picked":"Intimidate","floor":13},{"not_picked":["Feel No Pain","Heavy Blade"],"picked":"Inflame","floor":14},{"not_picked":["Fiend Fire","Barricade"],"picked":"Exhume","floor":16},{"not_picked":["Flex"],"picked":"SKIP","floor":18},{"not_picked":["Pommel Strike"],"picked":"SKIP","floor":20},{"not_picked":[],"picked":"Disarm","floor":21},{"not_picked":[],"picked":"Clothesline","floor":24}],"player_experience":1026426,"relics_obtained":[{"floor":6,"key":"Bag of Preparation"},{"floor":9,"key":"Pen Nib"},{"floor":12,"key":"Mercury Hourglass"}],"event_choices":[{"damage_healed":0,"gold_gain":75,"player_choice":"Gather Gold","damage_taken":11,"max_hp_gain":0,"max_hp_loss":0,"event_name":"World of Goop","floor":2,"gold_loss":0},{"damage_healed":0,"gold_gain":0,"player_choice":"Ignored","damage_taken":0,"max_hp_gain":0,"max_hp_loss":0,"event_name":"Liars Game","floor":5,"gold_loss":0},{"cards_removed":["Strike_R"],"damage_healed":0,"gold_gain":0,"player_choice":"Purged","damage_taken":0,"max_hp_gain":0,"max_hp_loss":0,"event_name":"Purifier","floor":11,"gold_loss":0},{"damage_healed":0,"gold_gain":0,"player_choice":"Ignored","damage_taken":0,"max_hp_gain":0,"max_hp_loss":0,"event_name":"N\u0027loth","floor":19,"gold_loss":0},{"damage_healed":0,"gold_gain":0,"player_choice":"1 cards matched","damage_taken":0,"max_hp_gain":0,"max_hp_loss":0,"event_name":"Match and Keep!","floor":25,"gold_loss":0,"cards_obtained":["Spot Weakness"]}],"is_beta":false,"boss_relics":[{"not_picked":["Mark of Pain","Runic Dome"],"picked":"Busted Crown"}],"items_purged_floors":[3],"is_endless":false,"potions_floor_spawned":[1,4,6,18,21,24],"killed_by":"Slavers","ascension_level":18}