{"path_per_floor":["M","M","M","M","$","E","?","M","T","R","$","E","?","M","R","B",null,"M","?","?","$","M","E","R","E","T","R","?","R","?","M","R","B",null,"M","M","?","?","?","R","?","R","T","M","M","?"],"character_chosen":"THE_SILENT","items_purchased":["Caltrops","Bouncing Flask","Noxious Fumes","Outmaneuver","Tingsha","Acrobatics"],"gold_per_floor":[111,127,137,155,14,43,43,58,109,109,23,355,355,325,325,454,454,472,472,372,38,52,87,87,120,144,144,144,144,69,82,82,185,185,205,220,220,268,268,268,268,268,316,328,341,0],"floor_reached":47,"campfire_rested":7,"playtime":3386,"current_hp_per_floor":[68,68,68,67,67,60,60,53,53,53,53,37,20,22,43,7,72,58,58,58,58,64,33,58,47,52,77,61,84,84,64,86,34,88,86,67,90,45,45,72,72,90,90,88,78,78],"items_purged":[],"gold":0,"score":490,"play_id":"825b0b25-b484-4480-9d6e-d2eadd23d49f","is_prod":false,"is_daily":false,"is_ascension_mode":true,"campfire_upgraded":1,"path_taken":["M","M","M","M","$","E","?","M","T","R","$","E","?","M","R","BOSS","M","?","?","?","M","E","R","E","T","R","?","R","?","M","R","BOSS","M","M","?","?","?","R","?","R","T","M","M","?","E"],"build_version":"2018-02-22-PROD2","purchased_purges":0,"victory":false,"master_deck":["Defend_G","Defend_G","Defend_G","Defend_G","Strike_G","Strike_G","Survivor","Neutralize","Flying Knee","Sucker Punch","Escape Plan","Footwork+1","Caltrops","Bouncing Flask","Dodge and Roll","Sucker Punch","Noxious Fumes","Outmaneuver","After Image","After Image","Bouncing Flask","Acrobatics","Setup+1","Footwork","Necronomicurse","Dark Shackles+1","Glass Knife+1","Tools of the Trade+1","Underhanded Strike+1","Writhe","Bane+1"],"max_hp_per_floor":[70,70,70,70,70,70,70,70,70,70,70,70,70,72,72,72,72,72,72,72,72,74,84,84,84,84,84,84,84,84,86,86,88,88,90,90,90,90,90,90,90,90,90,92,94,94],"relics":["Ring of the Snake","Juzu Bracelet","Art of War","Singing Bowl","Old Coin","Bloody Idol","Lizard Tail","Tingsha","Pear","Torii","Ancient Tea Set","Necronomicon","Astrolabe","Peace Pipe","Regal Pillow","Red Mask"],"card_choices":[{"not_picked":["PiercingWail","Calculated Gamble"],"picked":"Flying Knee"},{"not_picked":["Deflect","Slice"],"picked":"Sucker Punch"},{"not_picked":["Dagger Spray","Flying Knee"],"picked":"Escape Plan"},{"not_picked":["Deadly Poison","Bane"],"picked":"Footwork"},{"not_picked":["Deflect","Flying Knee"],"picked":"Dodge and Roll"},{"not_picked":["Dodge and Roll","Acrobatics"],"picked":"Sucker Punch"},{"not_picked":["Skewer","Quick Slash"],"picked":"After Image"},{"not_picked":["Wraith Form","A Thousand Cuts"],"picked":"After Image"},{"not_picked":["Bane","Acrobatics"],"picked":"Bouncing Flask"},{"not_picked":["Expertise","Underhanded Strike"],"picked":"Setup"},{"not_picked":["Bane","Flying Knee"],"picked":"Footwork"},{"not_picked":["Outmaneuver","PiercingWail"],"picked":"Underhanded Strike"},{"not_picked":["Deflect","Acrobatics"],"picked":"Bane"}],"player_experience":165456,"potions_floor_usage":[6,8,16,16,23,38],"damage_taken":[{"damage":2,"enemies":"Small Slimes","floor":1,"turns":4},{"damage":0,"enemies":"2 Louse","floor":2,"turns":2},{"damage":0,"enemies":"Cultist","floor":3,"turns":3},{"damage":1,"enemies":"Blue Slaver","floor":4,"turns":4},{"damage":7,"enemies":"Lagavulin","floor":6,"turns":6},{"damage":7,"enemies":"Exordium Thugs","floor":8,"turns":5},{"damage":16,"enemies":"3 Sentries","floor":12,"turns":7},{"damage":0,"enemies":"Looter","floor":14,"turns":4},{"damage":36,"enemies":"Slime Boss","floor":16,"turns":10},{"damage":14,"enemies":"3 Byrds","floor":18,"turns":7},{"damage":1,"enemies":"Spheric Guardian","floor":22,"turns":6},{"damage":46,"enemies":"Slavers","floor":23,"turns":7},{"damage":68,"enemies":"Gremlin Leader","floor":25,"turns":11},{"damage":27,"enemies":"3 Cultists","floor":31,"turns":7},{"damage":59,"enemies":"Champ","floor":33,"turns":17},{"damage":9,"enemies":"3 Shapes","floor":35,"turns":8},{"damage":24,"enemies":"3 Darklings","floor":36,"turns":6},{"damage":50,"enemies":"Mysterious Sphere","floor":38,"turns":7},{"damage":9,"enemies":"4 Shapes","floor":44,"turns":10},{"damage":17,"enemies":"Maw","floor":45,"turns":9},{"damage":102,"enemies":"Giant Head","floor":47,"turns":11}],"event_choices":[{"event_name":"Liars Game","player_choice":"disagreed","floor":7,"damage_taken":0},{"event_name":"Golden Idol","player_choice":"Take Damage","floor":13,"damage_taken":0},{"event_name":"Forgotten Altar","player_choice":"Gave Idol","floor":19,"damage_taken":0},{"event_name":"Drug Dealer","player_choice":"Got JAXXED","floor":20,"damage_taken":0},{"event_name":"Cursed Tome","player_choice":"Obtained Book","floor":28,"damage_taken":0},{"event_name":"Beggar","player_choice":"Gave Gold","floor":30,"damage_taken":0},{"event_name":"Winding Halls","player_choice":"Writhe","floor":37,"damage_taken":0},{"event_name":"Mysterious Sphere","player_choice":"Fight","floor":38,"damage_taken":0},{"event_name":"The Moai Head","player_choice":"Ignored","floor":39,"damage_taken":0},{"event_name":"Tomb of Lord Red Mask","player_choice":"Paid","floor":46,"damage_taken":0}],"boss_relics":[{"not_picked":["Pandora\u0027s Box","Runic Pyramid"],"picked":"Lizard Tail"},{"not_picked":["Question Card","Runic Dome"],"picked":"Astrolabe"}],"potions_floor_spawned":[2,3,4,6,18,35,45],"seed_played":"-460327524681511946","killed_by":"Giant Head","ascension_level":1,"is_trial":false}