{"gold_per_floor":[116,13,28,28,28,28,63,63,111,111,144,144,244,264,264,335,335,355,47,60,79,79,111,123,123,123,123,154,154],"floor_reached":29,"playtime":1250,"items_purged":["Strike_B","Strike_B"],"score":538,"play_id":"2c258f39-09e3-4c25-af58-c96c142f3216","local_time":"20190417182018","is_ascension_mode":true,"campfire_choices":[{"data":"Zap","floor":6,"key":"SMITH"},{"data":"Ball Lightning","floor":8,"key":"SMITH"},{"floor":10,"key":"REST"},{"data":"Coolheaded","floor":12,"key":"SMITH"},{"data":"Coolheaded","floor":15,"key":"SMITH"},{"data":"Blizzard","floor":25,"key":"SMITH"},{"floor":27,"key":"REST"}],"neow_cost":"NONE","seed_source_timestamp":24001525911320,"circlet_count":0,"master_deck":["AscendersBane","Strike_B+1","Strike_B+1","Defend_B+1","Defend_B+1","Defend_B+1","Defend_B+1","Zap+1","Dualcast","Ball Lightning+1","Ball Lightning","Cold Snap+1","Coolheaded+1","Coolheaded+1","Ball Lightning","Creative AI+1","Chaos+1","Blizzard+1","Static Discharge+1","Capacitor+1","Compile Driver","Compile Driver"],"relics":["Cracked Core","Oddly Smooth Stone","Happy Flower","Frozen Egg 2","Centennial Puzzle","Lantern","Sozu","Bronze Scales","Pantograph","Bag of Preparation"],"potions_floor_usage":[23],"damage_taken":[{"damage":7,"enemies":"2 Louse","floor":1,"turns":3},{"damage":0,"enemies":"Jaw Worm","floor":3,"turns":3},{"damage":18,"enemies":"3 Sentries","floor":7,"turns":5},{"damage":10,"enemies":"Lagavulin","floor":11,"turns":4},{"damage":0,"enemies":"Cultist","floor":14,"turns":2},{"damage":4,"enemies":"The Guardian","floor":16,"turns":12},{"damage":0,"enemies":"Chosen","floor":18,"turns":3},{"damage":0,"enemies":"Spheric Guardian","floor":20,"turns":3},{"damage":20,"enemies":"Shelled Parasite and Fungi","floor":21,"turns":3},{"damage":26,"enemies":"Slavers","floor":23,"turns":4},{"damage":2,"enemies":"3 Cultists","floor":24,"turns":4},{"damage":27,"enemies":"Gremlin Leader","floor":28,"turns":5},{"damage":8,"enemies":"Snake Plant","floor":29,"turns":1}],"seed_played":"-2412923755063491122","potions_obtained":[{"floor":7,"key":"Ancient Potion"},{"floor":16,"key":"Explosive Potion"}],"is_trial":false,"path_per_floor":["M","$","M","?","T","R","E","R","T","R","E","R","?","M","R","B",null,"M","$","M","M","?","E","M","R","T","R","E","M"],"character_chosen":"DEFECT","items_purchased":["Ball Lightning","Blizzard","Bronze Scales"],"campfire_rested":2,"item_purchase_floors":[2,19,19],"current_hp_per_floor":[57,57,57,36,36,36,18,18,18,39,29,29,29,29,29,25,60,60,60,60,40,40,14,12,12,12,33,6,0],"gold":154,"neow_bonus":"RANDOM_COMMON_RELIC","is_prod":false,"is_daily":false,"chose_seed":false,"campfire_upgraded":5,"win_rate":0,"timestamp":1555518018,"path_taken":["M","$","M","?","?","R","E","R","T","R","E","R","?","?","R","BOSS","M","?","M","?","?","E","M","R","T","R","E","M"],"build_version":"2019-01-23","purchased_purges":2,"victory":false,"max_hp_per_floor":[71,71,71,71,71,71,71,71,71,71,71,71,71,71,71,71,71,71,71,71,71,71,71,71,71,71,71,71,71],"card_choices":[{"not_picked":["Reprogram","Conserve Battery"],"picked":"Ball Lightning","floor":1},{"not_picked":["White Noise","Turbo"],"picked":"Cold Snap","floor":3},{"not_picked":["Sunder","Hyperbeam"],"picked":"Coolheaded","floor":7},{"not_picked":["Turbo","Steam"],"picked":"Coolheaded","floor":11},{"not_picked":["Beam Cell","Sweeping Beam"],"picked":"Ball Lightning","floor":14},{"not_picked":["Thunder Strike","Amplify"],"picked":"Creative AI+1","floor":16},{"not_picked":["Beam Cell","Steam"],"picked":"Chaos+1","floor":18},{"not_picked":["Reinforced Body","White Noise"],"picked":"Static Discharge+1","floor":20},{"not_picked":["Recycle","Lockon"],"picked":"Capacitor+1","floor":21},{"not_picked":["Steam+1","Undo"],"picked":"Compile Driver","floor":23},{"not_picked":["Double Energy","Stack"],"picked":"Compile Driver","floor":24},{"not_picked":["Double Energy","Leap","Melter+1"],"picked":"SKIP","floor":28}],"player_experience":1156695,"relics_obtained":[{"floor":5,"key":"Happy Flower"},{"floor":7,"key":"Frozen Egg 2"},{"floor":9,"key":"Centennial Puzzle"},{"floor":11,"key":"Lantern"},{"floor":23,"key":"Pantograph"},{"floor":26,"key":"Bag of Preparation"}],"event_choices":[{"damage_healed":0,"gold_gain":0,"player_choice":"Entered Light","damage_taken":21,"max_hp_gain":0,"max_hp_loss":0,"event_name":"Shining Light","floor":4,"gold_loss":0,"cards_upgraded":["Defend_B","Cold Snap"]},{"damage_healed":0,"gold_gain":100,"player_choice":"Gold","damage_taken":0,"max_hp_gain":0,"max_hp_loss":0,"event_name":"Wheel of Change","floor":13,"gold_loss":0},{"damage_healed":0,"gold_gain":0,"player_choice":"Simplicity","damage_taken":0,"max_hp_gain":0,"max_hp_loss":0,"event_name":"Back to Basics","floor":22,"gold_loss":0,"cards_upgraded":["Strike_B","Strike_B","Defend_B","Defend_B","Defend_B"]}],"is_beta":false,"boss_relics":[{"not_picked":["Philosopher\u0027s Stone","Ectoplasm"],"picked":"Sozu"}],"items_purged_floors":[2,19],"is_endless":false,"potions_floor_spawned":[7,16,20,23,28],"killed_by":"Snake Plant","ascension_level":20}