{"gold_per_floor":[111,186,198,198,211,211,227,103,103,138,38,72,72,87,87,182,182,196,196,196,213,135,135,150,163,189,203,203,223,287,287,287,391,391,402,198,218,318,363,363,363,412,412,424,205,218,43,57,57,57],"floor_reached":50,"playtime":2950,"items_purged":["Strike_B","Strike_B","Shame","Writhe","Parasite"],"score":497,"play_id":"4cea8201-22e1-481b-9cad-9678b8273335","local_time":"20190418101625","is_ascension_mode":false,"campfire_choices":[{"data":"Zap","floor":6,"key":"SMITH"},{"floor":13,"key":"REST"},{"data":"Redo","floor":15,"key":"SMITH"},{"floor":23,"key":"RECALL"},{"floor":28,"key":"REST"},{"floor":32,"key":"REST"},{"floor":40,"key":"REST"},{"floor":41,"key":"REST"},{"floor":49,"key":"REST"}],"neow_cost":"NONE","seed_source_timestamp":728688857143316,"circlet_count":0,"master_deck":["Defend_B","Defend_B","Defend_B","Zap+1","Rebound","Hologram","Barrage","Go for the Eyes","Gash","White Noise","Auto Shields","Redo+1","Creative AI+1","Loop","Steam Power+1","Coolheaded","Conserve Battery","Static Discharge","Gash","Force Field","Cold Snap","Reboot","Redo+1","Capacitor","Machine Learning","Redo+1","Conserve Battery","Gash","Glacier","Gash"],"relics":["Cracked Core","Gremlin Horn","Pocketwatch","Mercury Hourglass","Empty Cage","Tiny Chest","Bottled Tornado","Calling Bell","Strawberry","Mummified Hand","WingedGreaves","Du-Vu Doll","Ginger","Blood Vial","Meat on the Bone"],"potions_floor_usage":[5,10,10,18,29,29,29,33,39,46],"damage_taken":[{"damage":1,"enemies":"2 Louse","floor":1,"turns":3},{"damage":6,"enemies":"Jaw Worm","floor":3,"turns":3},{"damage":5,"enemies":"Small Slimes","floor":5,"turns":4},{"damage":1,"enemies":"Exordium Wildlife","floor":7,"turns":5},{"damage":14,"enemies":"Gremlin Nob","floor":10,"turns":3},{"damage":14,"enemies":"3 Sentries","floor":12,"turns":4},{"damage":0,"enemies":"Large Slime","floor":14,"turns":3},{"damage":5,"enemies":"Hexaghost","floor":16,"turns":8},{"damage":0,"enemies":"3 Byrds","floor":18,"turns":4},{"damage":14,"enemies":"2 Thieves","floor":21,"turns":4},{"damage":21,"enemies":"Snake Plant","floor":24,"turns":5},{"damage":32,"enemies":"Cultist and Chosen","floor":25,"turns":6},{"damage":0,"enemies":"Chosen and Byrds","floor":27,"turns":6},{"damage":2,"enemies":"Shelled Parasite and Fungi","floor":29,"turns":4},{"damage":16,"enemies":"Gremlin Leader","floor":30,"turns":5},{"damage":31,"enemies":"Automaton","floor":33,"turns":9},{"damage":10,"enemies":"Orb Walker","floor":35,"turns":4},{"damage":0,"enemies":"3 Shapes","floor":37,"turns":5},{"damage":22,"enemies":"Mind Bloom Boss Battle","floor":38,"turns":8},{"damage":50,"enemies":"2 Orb Walkers","floor":39,"turns":6},{"damage":3,"enemies":"Sphere and 2 Shapes","floor":44,"turns":4},{"damage":30,"enemies":"Maw","floor":46,"turns":10},{"damage":10,"enemies":"Writhing Mass","floor":48,"turns":8},{"damage":72,"enemies":"Awakened One","floor":50,"turns":7}],"seed_played":"-1103635685078275590","potions_obtained":[{"floor":1,"key":"GamblersBrew"},{"floor":5,"key":"Fruit Juice"},{"floor":7,"key":"FocusPotion"},{"floor":14,"key":"Weak Potion"},{"floor":24,"key":"SkillPotion"},{"floor":25,"key":"FocusPotion"},{"floor":27,"key":"Dexterity Potion"},{"floor":30,"key":"GamblersBrew"},{"floor":35,"key":"Strength Potion"},{"floor":39,"key":"Ancient Potion"},{"floor":44,"key":"Dexterity Potion"},{"floor":48,"key":"Ancient Potion"}],"is_trial":false,"path_per_floor":["M","?","M","?","M","R","M","$","T","E","$","E","R","M","R","B",null,"M","?","$","M","$","R","M","M","T","M","R","M","E","T","R","B",null,"M","$","M","?","?","R","R","T","T","M","$","M","$","M","R","B"],"character_chosen":"DEFECT","items_purchased":["Gash","Coolheaded","Conserve Battery","Capacitor","Glacier"],"campfire_rested":6,"item_purchase_floors":[8,22,22,36,45],"current_hp_per_floor":[74,63,57,50,50,50,49,49,49,35,35,21,45,45,45,40,80,80,80,80,66,66,66,45,13,13,13,37,35,19,19,43,12,87,77,77,77,55,5,31,57,57,57,56,56,40,40,44,69,0],"gold":57,"neow_bonus":"REMOVE_CARD","is_prod":false,"is_daily":false,"chose_seed":false,"campfire_upgraded":2,"win_rate":0,"timestamp":1555593385,"path_taken":["M","?","M","?","M","R","M","$","T","E","?","E","R","M","R","BOSS","M","?","$","M","$","R","M","M","T","M","R","?","E","?","R","BOSS","M","$","M","?","?","R","R","?","T","M","$","M","$","?","R","BOSS"],"build_version":"2019-01-23","purchased_purges":5,"victory":false,"max_hp_per_floor":[75,75,75,75,80,80,80,80,80,80,80,80,80,80,80,80,80,80,80,80,80,80,80,80,80,80,80,80,80,80,80,80,80,87,87,87,87,87,87,87,87,87,87,87,87,87,84,84,84,84],"card_choices":[{"not_picked":["Chaos","Barrage"],"picked":"Rebound","floor":1},{"not_picked":["Streamline","Rebound"],"picked":"Hologram","floor":3},{"not_picked":["Stack","Turbo"],"picked":"Barrage","floor":5},{"not_picked":["Compile Driver","Sweeping Beam"],"picked":"Go for the Eyes","floor":7},{"not_picked":["Double Energy","Genetic Algorithm"],"picked":"White Noise","floor":10},{"not_picked":["Coolheaded","Barrage"],"picked":"Auto Shields","floor":12},{"not_picked":["Sunder","Double Energy"],"picked":"Redo","floor":14},{"not_picked":["Echo Form","Thunder Strike"],"picked":"Creative AI","floor":16},{"not_picked":["Hologram","Beam Cell"],"picked":"Loop","floor":18},{"not_picked":["Sweeping Beam","Stack+1"],"picked":"Steam Power+1","floor":21},{"not_picked":["Stack","Redo"],"picked":"Static Discharge","floor":24},{"not_picked":["Barrage","Double Energy"],"picked":"Gash","floor":25},{"not_picked":["Darkness","Genetic Algorithm"],"picked":"Force Field","floor":27},{"not_picked":["Rebound","Streamline+1"],"picked":"Cold Snap","floor":29},{"not_picked":["Doom and Gloom","Redo","Steam+1"],"picked":"SKIP","floor":30},{"not_picked":["Multi-Cast","Echo Form"],"picked":"Reboot","floor":33},{"not_picked":["Hologram","Beam Cell"],"picked":"Redo+1","floor":35},{"not_picked":["Turbo+1","Rebound+1"],"picked":"Machine Learning","floor":37},{"not_picked":["Compile Driver","Heatsinks"],"picked":"Redo+1","floor":38},{"not_picked":["Steam","Sweeping Beam+1"],"picked":"Conserve Battery","floor":39},{"not_picked":["Stack+1","Go for the Eyes"],"picked":"Gash","floor":44},{"not_picked":["Beam Cell+1","Rebound","Echo Form"],"picked":"SKIP","floor":46},{"not_picked":["Melter+1","Go for the Eyes+1"],"picked":"Gash","floor":48}],"player_experience":614231,"relics_obtained":[{"floor":9,"key":"Gremlin Horn"},{"floor":10,"key":"Pocketwatch"},{"floor":12,"key":"Mercury Hourglass"},{"floor":30,"key":"Tiny Chest"},{"floor":31,"key":"Bottled Tornado"},{"floor":34,"key":"Strawberry"},{"floor":34,"key":"Mummified Hand"},{"floor":34,"key":"WingedGreaves"},{"floor":38,"key":"Du-Vu Doll"},{"floor":39,"key":"Ginger"},{"floor":42,"key":"Blood Vial"},{"floor":43,"key":"Meat on the Bone"}],"event_choices":[{"damage_healed":0,"gold_gain":75,"player_choice":"Gather Gold","damage_taken":11,"max_hp_gain":0,"max_hp_loss":0,"event_name":"World of Goop","floor":2,"gold_loss":0},{"cards_removed":["Strike_B"],"damage_healed":0,"gold_gain":0,"player_choice":"Card Removal","damage_taken":7,"max_hp_gain":0,"max_hp_loss":0,"event_name":"Golden Wing","floor":4,"gold_loss":0},{"damage_healed":0,"gold_gain":0,"player_choice":"Upgraded","damage_taken":0,"max_hp_gain":0,"max_hp_loss":0,"event_name":"Upgrade Shrine","floor":19,"gold_loss":0,"cards_upgraded":["Creative AI"]},{"damage_healed":0,"gold_gain":0,"player_choice":"Fight","damage_taken":0,"max_hp_gain":0,"max_hp_loss":0,"event_name":"MindBloom","floor":38,"gold_loss":0},{"damage_healed":0,"gold_gain":0,"player_choice":"Fight","damage_taken":0,"max_hp_gain":0,"max_hp_loss":0,"event_name":"Mysterious Sphere","floor":39,"gold_loss":0}],"is_beta":false,"boss_relics":[{"not_picked":["Cursed Key","Coffee Dripper"],"picked":"Empty Cage"},{"not_picked":["Velvet Choker","Orrery"],"picked":"Calling Bell"}],"items_purged_floors":[8,11,36,45,47],"is_endless":false,"potions_floor_spawned":[1,5,7,14,24,25,27,30,35,39,44,48],"killed_by":"Awakened One","ascension_level":0}