{"gold_per_floor":[114,114,114,130,77,77,42,42,42,42,52,80,93,108,108,206,206,216,236,69,84,13,46,46,61,129,129,159,159,175,175,175,272,322,342,342,352,109,0,26,26,74,101,101,128,128,144,158,158,158,158,158,10,39,39],"floor_reached":55,"playtime":3531,"items_purged":[],"score":733,"play_id":"4bdf04b0-bad7-4ab8-a664-6094accc31b3","local_time":"20190415171336","is_ascension_mode":false,"campfire_choices":[{"data":"Go for the Eyes","floor":6.0,"key":"SMITH"},{"data":"Chill","floor":8.0,"key":"SMITH"},{"data":"Dualcast","floor":10.0,"key":"SMITH"},{"data":"Genetic Algorithm","floor":15.0,"key":"SMITH"},{"floor":24.0,"key":"RECALL"},{"data":"Mayhem","floor":27.0,"key":"SMITH"},{"data":"Defragment","floor":29.0,"key":"SMITH"},{"data":"Buffer","floor":32.0,"key":"SMITH"},{"floor":41.0,"key":"REST"},{"floor":49.0,"key":"REST"},{"data":"Madness","floor":52,"key":"SMITH"}],"neow_cost":"NONE","seed_source_timestamp":493256578276191,"circlet_count":0,"master_deck":["Strike_B","Strike_B","Strike_B","Defend_B+1","Defend_B+1","Defend_B","Zap+1","Dualcast+1","Go for the Eyes+1","Cold Snap+1","Cold Snap","Chill+1","Self Repair","Cold Snap","Genetic Algorithm+1","Cold Snap","Buffer+1","Beam Cell+1","Mayhem+1","Darkness+1","Defragment+1","Redo+1","Buffer","Ball Lightning","Ball Lightning","Rip and Tear+1","BootSequence+1","Madness+1","Storm+1","White Noise"],"special_seed":0,"relics":["Cracked Core","Anchor","Dead Branch","Sozu","Singing Bowl","Ornamental Fan","Bottled Flame","MutagenicStrength","Tiny House","Shuriken","Red Mask","Juzu Bracelet","Peace Pipe","War Paint","Bag of Preparation","Happy Flower","Vajra"],"potions_floor_usage":[],"damage_taken":[{"damage":1.0,"enemies":"Jaw Worm","floor":1.0,"turns":3.0},{"damage":0.0,"enemies":"Small Slimes","floor":4.0,"turns":3.0},{"damage":0.0,"enemies":"Cultist","floor":11.0,"turns":3.0},{"damage":6.0,"enemies":"Lagavulin","floor":12.0,"turns":6.0},{"damage":0.0,"enemies":"Looter","floor":13.0,"turns":4.0},{"damage":0.0,"enemies":"Large Slime","floor":14.0,"turns":5.0},{"damage":18.0,"enemies":"The Guardian","floor":16.0,"turns":16.0},{"damage":0.0,"enemies":"2 Thieves","floor":18.0,"turns":4.0},{"damage":0.0,"enemies":"Shell Parasite","floor":19.0,"turns":5.0},{"damage":0.0,"enemies":"Snecko","floor":21.0,"turns":6.0},{"damage":12.0,"enemies":"Gremlin Leader","floor":23.0,"turns":8.0},{"damage":0.0,"enemies":"Centurion and Healer","floor":25.0,"turns":8.0},{"damage":16.0,"enemies":"Slavers","floor":28.0,"turns":7.0},{"damage":12.0,"enemies":"3 Cultists","floor":30.0,"turns":7.0},{"damage":61.0,"enemies":"Collector","floor":33.0,"turns":22.0},{"damage":21.0,"enemies":"3 Darklings","floor":35.0,"turns":9.0},{"damage":0.0,"enemies":"Orb Walker","floor":37.0,"turns":3.0},{"damage":42.0,"enemies":"Giant Head","floor":40.0,"turns":9.0},{"damage":14.0,"enemies":"2 Orb Walkers","floor":42.0,"turns":7.0},{"damage":0.0,"enemies":"Maw","floor":47.0,"turns":8.0},{"damage":0.0,"enemies":"Sphere and 2 Shapes","floor":48.0,"turns":5.0},{"damage":54,"enemies":"Awakened One","floor":50,"turns":11},{"damage":45,"enemies":"Shield and Spear","floor":54,"turns":9},{"damage":54,"enemies":"The Heart","floor":55,"turns":5}],"seed_played":"3081001770153827712","potions_obtained":[{"floor":11.0,"key":"AttackPotion"},{"floor":12.0,"key":"Fire Potion"},{"floor":13.0,"key":"SkillPotion"},{"floor":16.0,"key":"Swift Potion"}],"is_trial":false,"path_per_floor":["M","?","?","M","$","R","$","R","T","R","M","E","M","M","R","B",null,"M","M","$","M","$","E","R","M","T","R","E","R","M","?","R","B",null,"M","$","M","$","?","E","R","?","T","?","T","?","M","M","R","B",null,"R","$","E","B"],"character_chosen":"DEFECT","items_purchased":["Cold Snap","Chill","Mayhem","Defragment","Shuriken","Happy Flower"],"campfire_rested":2,"item_purchase_floors":[5,7,20,22,38,53],"current_hp_per_floor":[74,67,67,67,67,67,67,67,67,67,67,68,75,75,75,57,75,75,75,75,75,75,72,72,79,79,79,70,70,67,67,67,13,86,72,72,72,72,72,39,65,51,51,51,51,51,58,67,90,43,90,90,90,52,0],"gold":39,"neow_bonus":"UPGRADE_CARD","is_prod":false,"is_daily":false,"chose_seed":false,"campfire_upgraded":8,"win_rate":0,"timestamp":1555359216,"path_taken":["M","?","?","M","$","R","$","R","T","R","?","E","M","M","R","BOSS","M","M","$","M","$","E","R","M","T","R","E","R","M","?","R","BOSS","M","$","M","$","?","E","R","?","T","?","?","?","M","M","R","BOSS","R","$","E","BOSS"],"build_version":"2019-01-23","purchased_purges":0,"victory":false,"max_hp_per_floor":[75,75,75,75,75,75,75,75,75,75,75,75,75,75,75,75,75,75,75,75,75,75,77,77,79,79,79,79,79,81,81,81,81,86,86,86,86,86,86,88,88,88,88,88,88,88,88,90,90,90,90,90,90,90,90],"card_choices":[{"not_picked":["Streamline","Sweeping Beam"],"picked":"Go for the Eyes","floor":1.0},{"not_picked":["Ball Lightning","Redo"],"picked":"Cold Snap","floor":4.0},{"not_picked":["Steam","Gash"],"picked":"Self Repair","floor":11.0},{"not_picked":["Ball Lightning","Hyperbeam"],"picked":"Cold Snap","floor":12.0},{"not_picked":["Reprogram","Heatsinks"],"picked":"Genetic Algorithm","floor":13.0},{"not_picked":["Redo","Compile Driver"],"picked":"Cold Snap","floor":14.0},{"not_picked":["All For One","Amplify"],"picked":"Buffer","floor":16.0},{"not_picked":["Beam Cell","Redo","Hologram"],"picked":"SKIP","floor":18.0},{"not_picked":["Compile Driver","Self Repair"],"picked":"Beam Cell+1","floor":19.0},{"not_picked":["Scrape","FTL"],"picked":"Darkness+1","floor":21.0},{"not_picked":["Sweeping Beam","Ball Lightning","Darkness"],"picked":"Singing Bowl","floor":23.0},{"not_picked":["Stack","Sweeping Beam","Amplify"],"picked":"Singing Bowl","floor":25.0},{"not_picked":["Self Repair","Sweeping Beam+1"],"picked":"Redo+1","floor":28.0},{"not_picked":["Redo","Glacier","Heatsinks+1"],"picked":"Singing Bowl","floor":30.0},{"not_picked":["Multi-Cast","Biased Cognition"],"picked":"Buffer","floor":33.0},{"not_picked":["Beam Cell","Leap"],"picked":"Ball Lightning","floor":34.0},{"not_picked":["Coolheaded+1","Rebound"],"picked":"Ball Lightning","floor":35.0},{"not_picked":["Beam Cell+1","Chill+1"],"picked":"Rip and Tear+1","floor":37.0},{"not_picked":["Hyperbeam","Rebound+1","Rip and Tear"],"picked":"Singing Bowl","floor":40.0},{"not_picked":["Heatsinks","Conserve Battery"],"picked":"BootSequence+1","floor":42.0},{"not_picked":["The Bomb","Panacea"],"picked":"Madness","floor":44.0},{"not_picked":["Barrage","Turbo"],"picked":"Storm+1","floor":47.0},{"not_picked":["Steam Power","Beam Cell+1","Redo"],"picked":"Singing Bowl","floor":48.0},{"not_picked":["Force Field+1","Barrage+1"],"picked":"White Noise","floor":54}],"player_experience":602675,"relics_obtained":[{"floor":3.0,"key":"Anchor"},{"floor":12.0,"key":"Dead Branch"},{"floor":23.0,"key":"Singing Bowl"},{"floor":26.0,"key":"Ornamental Fan"},{"floor":28.0,"key":"Bottled Flame"},{"floor":40.0,"key":"Juzu Bracelet"},{"floor":42.0,"key":"Peace Pipe"},{"floor":43.0,"key":"War Paint"},{"floor":45.0,"key":"Bag of Preparation"},{"floor":54,"key":"Vajra"}],"event_choices":[{"cards_removed":["Strike_B"],"damage_healed":0.0,"max_hp_gain":0.0,"max_hp_loss":0.0,"gold_gain":0.0,"event_name":"Golden Wing","player_choice":"Card Removal","floor":2.0,"gold_loss":0.0,"damage_taken":7.0},{"damage_healed":0.0,"max_hp_gain":0.0,"max_hp_loss":0.0,"gold_gain":0.0,"event_name":"Wheel of Change","player_choice":"Relic","floor":3.0,"gold_loss":0.0,"damage_taken":0.0},{"damage_healed":0.0,"max_hp_gain":0.0,"max_hp_loss":0.0,"gold_gain":0.0,"event_name":"Drug Dealer","player_choice":"Inject Mutagens","floor":31.0,"gold_loss":0.0,"damage_taken":0.0,"relics_obtained":["MutagenicStrength"]},{"damage_healed":0.0,"max_hp_gain":0.0,"max_hp_loss":0.0,"gold_gain":0.0,"event_name":"Tomb of Lord Red Mask","player_choice":"Paid","floor":39.0,"gold_loss":109.0,"damage_taken":0.0,"relics_obtained":["Red Mask"]},{"damage_healed":0.0,"max_hp_gain":0.0,"max_hp_loss":0.0,"gold_gain":0.0,"event_name":"Mysterious Sphere","player_choice":"Fight","floor":42.0,"gold_loss":0.0,"damage_taken":0.0},{"damage_healed":0.0,"max_hp_gain":0.0,"max_hp_loss":0.0,"gold_gain":0.0,"event_name":"SensoryStone","player_choice":"Memory 1","floor":44.0,"gold_loss":0.0,"damage_taken":0.0},{"cards_removed":["Defend_B"],"damage_healed":0.0,"max_hp_gain":0.0,"max_hp_loss":0.0,"gold_gain":0.0,"event_name":"Wheel of Change","player_choice":"Card Removal","floor":46.0,"gold_loss":0.0,"damage_taken":0.0}],"is_beta":false,"boss_relics":[{"not_picked":["Pandora\u0027s Box","Ectoplasm"],"picked":"Sozu"},{"not_picked":["Runic Pyramid","Velvet Choker"],"picked":"Tiny House"}],"items_purged_floors":[],"is_endless":false,"potions_floor_spawned":[11,12,13,16,23,25,28,33,37,40,42],"killed_by":"The Heart","ascension_level":0}