{"gold_per_floor":[112,112,128,128,53,53,64,83,383,416,416,435,452,468,468,468],"floor_reached":16,"playtime":572,"items_purged":["Strike_R"],"score":150,"play_id":"0a8c8a93-5d12-421c-8581-30564283f222","local_time":"20190301152434","is_ascension_mode":true,"campfire_choices":[{"data":"Seeing Red","floor":6,"key":"SMITH"},{"data":"Anger","floor":11,"key":"SMITH"},{"floor":15,"key":"REST"}],"neow_cost":"NONE","seed_source_timestamp":80989745929940,"circlet_count":0,"master_deck":["Strike_R","Strike_R","Strike_R","Strike_R","Defend_R","Defend_R","Defend_R","Defend_R","Bash","Seeing Red+1","Cleave","Pommel Strike","Anger+1","Anger","Bludgeon","Clash"],"relics":["Burning Blood","NeowsBlessing","Ice Cream","Spirit Poop","Old Coin","Potion Belt"],"potions_floor_usage":[10,16],"damage_taken":[{"damage":0,"enemies":"Small Slimes","floor":1,"turns":1},{"damage":0,"enemies":"2 Louse","floor":3,"turns":1},{"damage":0,"enemies":"Cultist","floor":7,"turns":1},{"damage":13,"enemies":"Exordium Thugs","floor":8,"turns":4},{"damage":43,"enemies":"Lagavulin","floor":10,"turns":8},{"damage":15,"enemies":"Exordium Wildlife","floor":12,"turns":4},{"damage":0,"enemies":"2 Fungi Beasts","floor":13,"turns":2},{"damage":6,"enemies":"3 Louse","floor":14,"turns":2},{"damage":63,"enemies":"Slime Boss","floor":16,"turns":8}],"seed_played":"2395612702977005751","potions_obtained":[{"floor":7,"key":"Ancient Potion"},{"floor":8,"key":"Poison Potion"},{"floor":13,"key":"BloodPotion"}],"is_trial":false,"path_per_floor":["M","?","M","?","$","R","M","M","T","E","R","M","M","M","R","B"],"character_chosen":"IRONCLAD","items_purchased":[],"campfire_rested":1,"item_purchase_floors":[],"current_hp_per_floor":[78,78,80,80,80,80,80,73,73,36,36,27,33,33,57,0],"gold":468,"neow_bonus":"THREE_ENEMY_KILL","is_prod":false,"is_daily":false,"chose_seed":false,"campfire_upgraded":2,"win_rate":0,"timestamp":1551468274,"path_taken":["M","?","M","?","$","R","?","M","T","E","R","M","M","M","R","BOSS"],"build_version":"2019-01-23","purchased_purges":1,"victory":false,"max_hp_per_floor":[80,80,80,80,80,80,80,80,80,80,80,80,80,80,80,80],"card_choices":[{"not_picked":["Clothesline","Havoc"],"picked":"Seeing Red","floor":1},{"not_picked":["Thunderclap","Shrug It Off"],"picked":"Cleave","floor":3},{"not_picked":["True Grit","Perfected Strike"],"picked":"Pommel Strike","floor":7},{"not_picked":["Perfected Strike","Body Slam"],"picked":"Anger","floor":8},{"not_picked":["Evolve","Searing Blow","Body Slam"],"picked":"SKIP","floor":10},{"not_picked":["Warcry","Rupture"],"picked":"Anger","floor":12},{"not_picked":["Armaments","Pummel"],"picked":"Bludgeon","floor":13},{"not_picked":["Clothesline","Sword Boomerang"],"picked":"Clash","floor":14}],"player_experience":470189,"relics_obtained":[{"floor":9,"key":"Old Coin"},{"floor":10,"key":"Potion Belt"}],"event_choices":[{"damage_healed":0,"gold_gain":0,"player_choice":"Box","damage_taken":0,"relics_obtained":["Ice Cream"],"max_hp_gain":0,"max_hp_loss":0,"event_name":"Big Fish","floor":2,"gold_loss":0,"cards_obtained":["Regret"]},{"cards_removed":["Regret"],"damage_healed":0,"gold_gain":0,"player_choice":"Offered Curse","damage_taken":0,"relics_obtained":["Spirit Poop"],"max_hp_gain":0,"max_hp_loss":0,"event_name":"Bonfire Elementals","floor":4,"gold_loss":0}],"is_beta":false,"boss_relics":[],"items_purged_floors":[5],"is_endless":false,"potions_floor_spawned":[7,8,13],"killed_by":"Slime Boss","ascension_level":9}