{"gold_per_floor":[111,129,148,163,175,207,221,254,254,254,254,254,264,264,264,359,359,375,375,389,488,403,403],"floor_reached":23,"playtime":962,"items_purged":[],"score":254,"play_id":"61a21ec2-96e0-4bcc-8744-46d3b3869a76","local_time":"20190614214801","is_ascension_mode":true,"campfire_choices":[{"floor":11,"key":"REST"},{"data":"Crippling Poison","floor":15,"key":"SMITH"}],"neow_cost":"NONE","seed_source_timestamp":12039968830266,"circlet_count":0,"master_deck":["Defend_G+1","Defend_G","Defend_G","Defend_G","Defend_G","Strike_G","Strike_G","Strike_G","Strike_G","Survivor","Neutralize","PiercingWail","Deadly Poison","Bane","Bane","Envenom+1","Backflip+1","Deadly Poison","Setup","Blur","Crippling Poison+1","After Image","Bane","Cloak And Dagger+1"],"relics":["Ring of the Snake","NeowsBlessing","Pen Nib","War Paint","Sundial","Bag of Marbles","NlothsMask","Velvet Choker","Bird Faced Urn"],"potions_floor_usage":[5,8,8,23],"damage_taken":[{"damage":0,"enemies":"Small Slimes","floor":1,"turns":1},{"damage":0,"enemies":"Cultist","floor":2,"turns":1},{"damage":0,"enemies":"Jaw Worm","floor":3,"turns":1},{"damage":14,"enemies":"Exordium Thugs","floor":4,"turns":5},{"damage":0,"enemies":"Lots of Slimes","floor":5,"turns":2},{"damage":29,"enemies":"3 Sentries","floor":6,"turns":8},{"damage":5,"enemies":"Exordium Wildlife","floor":7,"turns":3},{"damage":23,"enemies":"Gremlin Nob","floor":8,"turns":4},{"damage":2,"enemies":"2 Fungi Beasts","floor":13,"turns":5},{"damage":9,"enemies":"Hexaghost","floor":16,"turns":10},{"damage":0,"enemies":"Shell Parasite","floor":18,"turns":5},{"damage":0,"enemies":"Spheric Guardian","floor":20,"turns":5},{"damage":69,"enemies":"Book of Stabbing","floor":23,"turns":5}],"seed_played":"-2945624665874323686","potions_obtained":[{"floor":3,"key":"SteroidPotion"},{"floor":4,"key":"Explosive Potion"},{"floor":5,"key":"Regen Potion"},{"floor":20,"key":"SkillPotion"}],"is_trial":false,"path_per_floor":["M","M","M","M","M","E","M","E","T","?","R","?","M","?","R","B",null,"M","?","M","?","?","E"],"character_chosen":"THE_SILENT","items_purchased":[],"campfire_rested":1,"item_purchase_floors":[],"current_hp_per_floor":[70,70,70,56,56,27,22,8,8,5,26,26,24,24,24,15,56,56,56,56,56,56,0],"gold":403,"neow_bonus":"THREE_ENEMY_KILL","is_prod":false,"is_daily":false,"chose_seed":false,"campfire_upgraded":1,"win_rate":0,"timestamp":1560563281,"path_taken":["M","M","M","M","M","E","M","E","T","?","R","?","?","?","R","BOSS","M","?","?","?","?","E"],"build_version":"2019-01-23","purchased_purges":0,"victory":false,"max_hp_per_floor":[70,70,70,70,70,70,70,70,70,70,70,70,70,70,70,70,70,70,70,70,70,70,70],"card_choices":[{"not_picked":["Dodge and Roll","Outmaneuver"],"picked":"PiercingWail","floor":1},{"not_picked":["Slice","Sucker Punch"],"picked":"Deadly Poison","floor":2},{"not_picked":["Reflex","Heel Hook"],"picked":"Bane","floor":3},{"not_picked":["Backflip","Deflect"],"picked":"Bane","floor":4},{"not_picked":["Infinite Blades","Acrobatics"],"picked":"Envenom","floor":5},{"not_picked":["Deflect","Acrobatics"],"picked":"Backflip","floor":6},{"not_picked":["Terror","Outmaneuver"],"picked":"Deadly Poison","floor":7},{"not_picked":["Tactician","Endless Agony"],"picked":"Setup","floor":8},{"not_picked":["Blade Dance","Backflip"],"picked":"Crippling Poison","floor":13},{"not_picked":["Venomology","Storm of Steel"],"picked":"After Image","floor":16},{"not_picked":["Accuracy+1","Acrobatics+1"],"picked":"Bane","floor":18},{"not_picked":["Slice","Sucker Punch"],"picked":"Cloak And Dagger+1","floor":20}],"player_experience":248958,"relics_obtained":[{"floor":6,"key":"Pen Nib"},{"floor":8,"key":"War Paint"},{"floor":9,"key":"Sundial"}],"event_choices":[{"damage_healed":0,"gold_gain":0,"player_choice":"Success","damage_taken":3,"relics_obtained":["Bag of Marbles"],"max_hp_gain":0,"max_hp_loss":0,"event_name":"Scrap Ooze","floor":10,"gold_loss":0},{"damage_healed":0,"gold_gain":0,"cards_transformed":["Strike_G"],"player_choice":"Transformed","damage_taken":0,"max_hp_gain":0,"max_hp_loss":0,"event_name":"Transmorgrifier","floor":12,"gold_loss":0,"cards_obtained":["Blur"]},{"damage_healed":0,"gold_gain":0,"player_choice":"Trade","damage_taken":0,"relics_obtained":["NlothsMask"],"max_hp_gain":0,"max_hp_loss":0,"event_name":"FaceTrader","floor":14,"gold_loss":0},{"damage_healed":0,"gold_gain":0,"player_choice":"Upgraded","damage_taken":0,"max_hp_gain":0,"max_hp_loss":0,"event_name":"Upgrade Shrine","floor":19,"gold_loss":0,"cards_upgraded":["Envenom"]},{"damage_healed":0,"gold_gain":99,"player_choice":"Stole From Cult","damage_taken":0,"max_hp_gain":0,"max_hp_loss":0,"event_name":"Nest","floor":21,"gold_loss":0},{"damage_healed":0,"gold_gain":0,"player_choice":"Obtained Relic","damage_taken":0,"relics_obtained":["Bird Faced Urn"],"max_hp_gain":0,"max_hp_loss":0,"event_name":"Addict","floor":22,"gold_loss":85}],"is_beta":false,"boss_relics":[{"not_picked":["Calling Bell","Snecko Eye"],"picked":"Velvet Choker"}],"items_purged_floors":[],"is_endless":false,"potions_floor_spawned":[3,4,5,20],"killed_by":"Book of Stabbing","ascension_level":5}