{"gold_per_floor":[109,109,11,11,22,54,54,85,85,160,174,200,228,246,246,319,319,337,337,352,69,69,69,127,127,176,176,201,116,150,62,62,62],"floor_reached":33,"playtime":1551,"items_purged":["Strike_R"],"score":909,"play_id":"ecc08199-bbca-4ede-ac87-6520f507ac04","local_time":"20190201141257","is_ascension_mode":true,"campfire_choices":[{"data":"Anger","floor":7.0,"key":"SMITH"},{"data":"Immolate","floor":15.0,"key":"SMITH"},{"data":"True Grit","floor":23,"key":"SMITH"},{"data":"Shrug It Off","floor":25,"key":"SMITH"},{"data":"Spot Weakness","floor":27,"key":"SMITH"},{"data":"Sword Boomerang","floor":32,"key":"SMITH"}],"neow_cost":"PERCENT_DAMAGE","seed_source_timestamp":5653300977480,"circlet_count":0,"master_deck":["AscendersBane","Strike_R","Strike_R","Strike_R","Strike_R","Defend_R","Defend_R","Defend_R","Defend_R","Bash+1","Ghostly Armor","Evolve","Anger+1","Offering","Immolate+1","True Grit+1","Exhume","Headbutt","Impervious","Spot Weakness+1","Shrug It Off+1","Sword Boomerang+1","Corruption"],"special_seed":0,"relics":["Burning Blood","Magic Flower","Gremlin Horn","Art of War","Happy Flower","Coffee Dripper","Anchor","Tiny Chest","Pen Nib","Prayer Wheel","Torii","Bag of Marbles"],"potions_floor_usage":[24,24,33],"damage_taken":[{"damage":1.0,"enemies":"2 Louse","floor":1.0,"turns":3.0},{"damage":7.0,"enemies":"Small Slimes","floor":5.0,"turns":5.0},{"damage":15.0,"enemies":"3 Sentries","floor":6.0,"turns":9.0},{"damage":22.0,"enemies":"Gremlin Nob","floor":8.0,"turns":4.0},{"damage":0.0,"enemies":"Cultist","floor":11.0,"turns":2.0},{"damage":6.0,"enemies":"3 Sentries","floor":13.0,"turns":4.0},{"damage":19.0,"enemies":"Large Slime","floor":14.0,"turns":4.0},{"damage":6.0,"enemies":"Slime Boss","floor":16.0,"turns":4.0},{"damage":24,"enemies":"Shell Parasite","floor":18,"turns":3},{"damage":12,"enemies":"2 Thieves","floor":20,"turns":3},{"damage":12,"enemies":"Book of Stabbing","floor":24,"turns":3},{"damage":35,"enemies":"Slavers","floor":28,"turns":6},{"damage":12,"enemies":"Gremlin Leader","floor":30,"turns":6},{"damage":83,"enemies":"Automaton","floor":33,"turns":6}],"seed_played":"4023103617700466285","potions_obtained":[{"floor":5.0,"key":"Explosive Potion"},{"floor":6.0,"key":"Dexterity Potion"},{"floor":13.0,"key":"Fire Potion"},{"floor":16.0,"key":"Strength Potion"},{"floor":28,"key":"BloodPotion"}],"is_trial":false,"path_per_floor":["M","?","$","?","M","E","R","E","T","?","M","T","E","M","R","B",null,"M","?","M","$","?","R","E","R","T","R","E","?","E","$","R","B"],"character_chosen":"IRONCLAD","items_purchased":["Evolve","Block Potion","Anchor","Spot Weakness","Corruption"],"campfire_rested":0,"item_purchase_floors":[3,3,21,21,31],"current_hp_per_floor":[69,74,74,74,73,64,64,51,51,40,49,49,52,42,42,45,82,67,86,83,83,55,55,52,52,52,52,26,26,23,23,23,0],"gold":62,"neow_bonus":"TWENTY_PERCENT_HP_BONUS","is_prod":false,"is_daily":false,"chose_seed":false,"campfire_upgraded":6,"win_rate":0,"timestamp":1549026777,"path_taken":["M","?","$","?","M","E","R","E","T","?","M","?","E","M","R","BOSS","M","?","M","$","?","R","E","R","T","R","E","?","E","$","R","BOSS"],"build_version":"2019-01-23","purchased_purges":1,"victory":false,"max_hp_per_floor":[89,94,94,94,94,94,94,94,94,94,94,94,94,94,94,94,94,94,94,94,94,99,99,99,99,99,99,99,99,99,99,99,99],"card_choices":[{"not_picked":["Heavy Blade","Dual Wield"],"picked":"Ghostly Armor","floor":1.0},{"not_picked":["Twin Strike","Flex"],"picked":"Anger","floor":5.0},{"not_picked":["Searing Blow","Sentinel"],"picked":"Offering","floor":6.0},{"not_picked":["Flex","Rage"],"picked":"Immolate","floor":8.0},{"not_picked":["Carnage","Wild Strike"],"picked":"True Grit","floor":11.0},{"not_picked":["Warcry","Perfected Strike"],"picked":"Exhume","floor":13.0},{"not_picked":["Iron Wave","Thunderclap"],"picked":"Headbutt","floor":14.0},{"not_picked":["Offering","Barricade"],"picked":"Impervious","floor":16.0},{"not_picked":["Clash+1","Heavy Blade","Sentinel"],"picked":"SKIP","floor":18},{"not_picked":["Anger","Sword Boomerang","Wild Strike"],"picked":"SKIP","floor":20},{"not_picked":["Thunderclap","Sword Boomerang"],"picked":"Shrug It Off","floor":24},{"not_picked":["Bludgeon","Twin Strike","Iron Wave"],"picked":"SKIP","floor":28},{"not_picked":["Iron Wave","Rupture"],"picked":"Sword Boomerang","floor":30}],"player_experience":821925,"relics_obtained":[{"floor":6.0,"key":"Magic Flower"},{"floor":8.0,"key":"Gremlin Horn"},{"floor":12.0,"key":"Art of War"},{"floor":13.0,"key":"Happy Flower"},{"floor":24,"key":"Tiny Chest"},{"floor":26,"key":"Pen Nib"},{"floor":28,"key":"Prayer Wheel"},{"floor":30,"key":"Bag of Marbles"}],"event_choices":[{"damage_healed":0.0,"max_hp_gain":5.0,"max_hp_loss":0.0,"gold_gain":0.0,"event_name":"Big Fish","player_choice":"Donut","floor":2.0,"gold_loss":0.0,"damage_taken":0.0},{"damage_healed":0.0,"max_hp_gain":0.0,"max_hp_loss":0.0,"gold_gain":0.0,"event_name":"Living Wall","player_choice":"Grow","floor":4.0,"gold_loss":0.0,"damage_taken":0.0,"cards_upgraded":["Bash"]},{"damage_healed":0.0,"max_hp_gain":0.0,"max_hp_loss":0.0,"gold_gain":75.0,"event_name":"World of Goop","player_choice":"Gather Gold","floor":10.0,"gold_loss":0.0,"damage_taken":11.0},{"damage_healed":19,"gold_gain":0,"player_choice":"Heal","damage_taken":0,"max_hp_gain":0,"max_hp_loss":0,"event_name":"The Library","floor":19,"gold_loss":0},{"damage_healed":0,"gold_gain":0,"player_choice":"Shed Blood","damage_taken":33,"max_hp_gain":5,"max_hp_loss":0,"event_name":"Forgotten Altar","floor":22,"gold_loss":0},{"damage_healed":0,"gold_gain":0,"player_choice":"Obtained Relic","damage_taken":0,"relics_obtained":["Torii"],"max_hp_gain":0,"max_hp_loss":0,"event_name":"Addict","floor":29,"gold_loss":85}],"is_beta":false,"boss_relics":[{"not_picked":["Black Star","White Beast Statue"],"picked":"Coffee Dripper"}],"items_purged_floors":[21],"is_endless":false,"potions_floor_spawned":[5,6,13,16,18,20,28],"killed_by":"Automaton","ascension_level":20}