{"gold_per_floor":[117,117,133,152,167,167,230,180,180,180,100,100,111,111,111,207,207,224,72,56,56,66,66,36,49,49,64,30,49,49,77,77,180,180,198,123,0,0,19,19,53,53,104,104,104,204,204,218,218,218,218,218,67,98,98],"floor_reached":55,"playtime":3657,"items_purged":["Strike_G"],"score":703,"play_id":"fef48a92-3be9-4933-aef8-e1405e1d04fa","local_time":"20190204152454","is_ascension_mode":false,"campfire_choices":[{"data":"Flechettes","floor":6,"key":"SMITH"},{"floor":10,"key":"REST"},{"floor":12,"key":"RECALL"},{"floor":15,"key":"REST"},{"data":"Envenom","floor":23,"key":"SMITH"},{"floor":32,"key":"REST"},{"data":"Cloak And Dagger","floor":40,"key":"SMITH"},{"floor":44,"key":"REST"},{"data":"Noxious Fumes","floor":47,"key":"SMITH"},{"data":"Footwork","floor":49,"key":"SMITH"},{"data":"Footwork","floor":52,"key":"SMITH"}],"neow_cost":"NONE","seed_source_timestamp":3666059054277,"circlet_count":0,"master_deck":["Defend_G","Defend_G","Defend_G","Defend_G","Defend_G","Strike_G","Strike_G","Strike_G","Strike_G","Survivor","Neutralize","PiercingWail","Flechettes+1","Footwork+1","Footwork+1","Deflect","Envenom+1","Cloak And Dagger+1","Distraction+1","Infinite Blades+1","Noxious Fumes+1","Blur+1","Noxious Fumes+1","Catalyst+1","Catalyst+1","Concentrate+1","Backstab"],"relics":["Ring of the Serpent","NeowsBlessing","Dream Catcher","Mercury Hourglass","Kunai","Eternal Feather","Snake Skull","Toxic Egg 2","Red Mask","Strawberry","Meat on the Bone","Potion Belt","Bag of Marbles"],"potions_floor_usage":[16,16,20,20,25,25,29,31,33,35,41,48],"damage_taken":[{"damage":0,"enemies":"2 Louse","floor":1,"turns":1},{"damage":0,"enemies":"Cultist","floor":3,"turns":1},{"damage":0,"enemies":"Jaw Worm","floor":4,"turns":1},{"damage":2,"enemies":"2 Fungi Beasts","floor":5,"turns":7},{"damage":45,"enemies":"3 Sentries","floor":7,"turns":13},{"damage":0,"enemies":"Exordium Wildlife","floor":13,"turns":2},{"damage":18,"enemies":"The Guardian","floor":16,"turns":16},{"damage":0,"enemies":"Shell Parasite","floor":18,"turns":13},{"damage":10,"enemies":"2 Thieves","floor":20,"turns":4},{"damage":17,"enemies":"Sentry and Sphere","floor":22,"turns":14},{"damage":14,"enemies":"Centurion and Healer","floor":25,"turns":6},{"damage":4,"enemies":"Shelled Parasite and Fungi","floor":27,"turns":7},{"damage":12,"enemies":"Snake Plant","floor":29,"turns":4},{"damage":32,"enemies":"Gremlin Leader","floor":31,"turns":10},{"damage":3,"enemies":"Champ","floor":33,"turns":15},{"damage":13,"enemies":"3 Shapes","floor":35,"turns":6},{"damage":13,"enemies":"3 Darklings","floor":39,"turns":5},{"damage":55,"enemies":"Reptomancer","floor":41,"turns":10},{"damage":8,"enemies":"Sphere and 2 Shapes","floor":48,"turns":6},{"damage":23,"enemies":"Time Eater","floor":50,"turns":8},{"damage":36,"enemies":"Shield and Spear","floor":54,"turns":8},{"damage":46,"enemies":"The Heart","floor":55,"turns":2}],"seed_played":"8465984175486889738","potions_obtained":[{"floor":1,"key":"Ancient Potion"},{"floor":7,"key":"Weak Potion"},{"floor":13,"key":"Strength Potion"},{"floor":16,"key":"Explosive Potion"},{"floor":18,"key":"Swift Potion"},{"floor":24,"key":"EssenceOfSteel"},{"floor":24,"key":"SteroidPotion"},{"floor":27,"key":"PowerPotion"},{"floor":29,"key":"SkillPotion"},{"floor":33,"key":"Block Potion"},{"floor":39,"key":"Fire Potion"},{"floor":41,"key":"Energy Potion"}],"is_trial":false,"path_per_floor":["M","?","M","M","M","R","?","?","T","R","$","R","M","T","R","B",null,"M","$","M","?","M","R","?","M","T","M","$","M","?","E","R","B",null,"M","$","?","T","M","R","E","$","T","R","?","?","R","M","R","B",null,"R","$","E","B"],"character_chosen":"THE_SILENT","items_purchased":["Footwork","Snake Skull","Noxious Fumes","Catalyst+1","Concentrate+1"],"campfire_rested":4,"item_purchase_floors":[11,19,28,53,53],"current_hp_per_floor":[70,70,70,70,68,68,23,23,23,44,44,44,44,44,65,47,70,70,70,60,60,43,55,55,41,41,37,37,25,48,16,49,46,70,57,57,57,64,51,63,8,8,8,43,43,43,55,47,59,48,77,77,77,41,0],"gold":98,"neow_bonus":"THREE_ENEMY_KILL","is_prod":false,"is_daily":false,"chose_seed":false,"campfire_upgraded":6,"win_rate":0,"timestamp":1549308294,"path_taken":["M","?","?","M","?","R","?","?","T","R","?","R","M","?","R","BOSS","M","$","M","?","M","R","?","M","T","?","$","M","?","E","R","BOSS","M","$","?","?","M","R","E","?","T","R","?","?","R","M","R","BOSS","R","$","E","BOSS"],"build_version":"2019-01-23","purchased_purges":1,"victory":false,"max_hp_per_floor":[70,70,70,70,70,70,70,70,70,70,70,70,70,70,70,70,70,70,70,70,70,70,70,70,70,70,70,70,70,70,70,70,70,70,70,70,70,77,77,77,77,77,77,77,77,77,77,77,77,77,77,77,77,77,77],"card_choices":[{"not_picked":["Accuracy","Terror","Flying Knee"],"picked":"SKIP","floor":1},{"not_picked":["Accuracy","Flying Knee"],"picked":"Terror","floor":1},{"not_picked":["Prepared","Tactician","Dodge and Roll"],"picked":"SKIP","floor":3},{"not_picked":["Prepared","Acrobatics"],"picked":"PiercingWail","floor":4},{"not_picked":["Expertise","Flying Knee"],"picked":"Flechettes","floor":5},{"not_picked":["Concentrate","Endless Agony"],"picked":"Footwork","floor":10},{"not_picked":["Bane","Dagger Spray","Sucker Punch"],"picked":"SKIP","floor":13},{"not_picked":["Skewer","Slice"],"picked":"Deflect","floor":15},{"not_picked":["Night Terror","Storm of Steel"],"picked":"Envenom","floor":16},{"not_picked":["Dagger Spray","Backflip"],"picked":"Cloak And Dagger","floor":18},{"not_picked":["Blade Dance","Cloak And Dagger"],"picked":"Distraction+1","floor":20},{"not_picked":["Crippling Poison","Acrobatics","PiercingWail+1"],"picked":"SKIP","floor":22},{"not_picked":["Accuracy","Tactician+1"],"picked":"Infinite Blades+1","floor":25},{"not_picked":["Dagger Throw","Quick Slash","Acrobatics"],"picked":"SKIP","floor":27},{"not_picked":["Poisoned Stab","Prepared","Envenom"],"picked":"SKIP","floor":29},{"not_picked":["Crippling Poison","Flying Knee","Prepared"],"picked":"SKIP","floor":31},{"not_picked":["Dagger Spray+1","Backflip+1"],"picked":"Blur+1","floor":35},{"not_picked":["Escape Plan+1","Flying Knee+1"],"picked":"Noxious Fumes+1","floor":39},{"not_picked":["PiercingWail+1","Choke+1","Unload"],"picked":"SKIP","floor":41},{"not_picked":["Dodge and Roll+1","Cloak And Dagger+1"],"picked":"Catalyst+1","floor":44},{"not_picked":["Slice+1","Finisher","Tactician+1"],"picked":"SKIP","floor":48},{"not_picked":["Eviscerate+1","Predator"],"picked":"Backstab","floor":54}],"player_experience":420742,"relics_obtained":[{"floor":7,"key":"Dream Catcher"},{"floor":9,"key":"Mercury Hourglass"},{"floor":14,"key":"Kunai"},{"floor":31,"key":"Toxic Egg 2"},{"floor":38,"key":"Strawberry"},{"floor":41,"key":"Meat on the Bone"},{"floor":43,"key":"Potion Belt"},{"floor":54,"key":"Bag of Marbles"}],"event_choices":[{"cards_removed":["Terror"],"damage_healed":0,"gold_gain":0,"player_choice":"Offered Uncommon","damage_taken":0,"max_hp_gain":0,"max_hp_loss":0,"event_name":"Bonfire Elementals","floor":2,"gold_loss":0},{"damage_healed":0,"gold_gain":0,"player_choice":"Searched \u00272\u0027 times","damage_taken":0,"max_hp_gain":0,"max_hp_loss":0,"event_name":"Dead Adventurer","floor":7,"gold_loss":0},{"damage_healed":0,"gold_gain":0,"player_choice":"Left Gold","damage_taken":0,"max_hp_gain":0,"max_hp_loss":0,"event_name":"World of Goop","floor":8,"gold_loss":50},{"damage_healed":0,"gold_gain":0,"player_choice":"Bought 2 Potions","damage_taken":0,"max_hp_gain":0,"max_hp_loss":0,"event_name":"The Woman in Blue","floor":24,"gold_loss":0},{"damage_healed":23,"gold_gain":0,"player_choice":"Heal","damage_taken":0,"max_hp_gain":0,"max_hp_loss":0,"event_name":"The Library","floor":30,"gold_loss":0},{"damage_healed":0,"gold_gain":0,"player_choice":"Paid","damage_taken":0,"relics_obtained":["Red Mask"],"max_hp_gain":0,"max_hp_loss":0,"event_name":"Tomb of Lord Red Mask","floor":37,"gold_loss":123},{"damage_healed":0,"gold_gain":0,"player_choice":"Ignored","damage_taken":0,"max_hp_gain":0,"max_hp_loss":0,"event_name":"Mysterious Sphere","floor":45,"gold_loss":0},{"damage_healed":0,"gold_gain":100,"player_choice":"Pray","damage_taken":0,"max_hp_gain":0,"max_hp_loss":0,"event_name":"Golden Shrine","floor":46,"gold_loss":0}],"is_beta":false,"boss_relics":[{"not_picked":["Fusion Hammer","Coffee Dripper"],"picked":"Eternal Feather"},{"not_picked":["Cursed Key","Snecko Eye"],"picked":"Ring of the Serpent"}],"items_purged_floors":[36],"is_endless":false,"potions_floor_spawned":[1,7,13,16,18,27,29,33,39,41],"killed_by":"The Heart","ascension_level":0}