{"gold_per_floor":[115,115,115,115,16,41,41,71,71,71],"floor_reached":10,"playtime":186,"items_purged":[],"score":244,"play_id":"f894918c-5740-41fb-b50b-889996a0b7ed","local_time":"20190418205327","is_ascension_mode":true,"campfire_choices":[{"data":"Darkness","floor":7,"key":"SMITH"}],"neow_cost":"NONE","seed_source_timestamp":28188435220190,"circlet_count":0,"master_deck":["AscendersBane","Strike_B","Strike_B","Strike_B","Strike_B","Defend_B","Defend_B","Defend_B+1","Defend_B","Zap+1","Dualcast","Gash","Genetic Algorithm+1","Darkness+1"],"relics":["Cracked Core","NeowsBlessing","Bag of Preparation","Art of War","War Paint","FossilizedHelix"],"potions_floor_usage":[10],"damage_taken":[{"damage":0,"enemies":"Cultist","floor":1,"turns":1},{"damage":0,"enemies":"3 Sentries","floor":6,"turns":1},{"damage":0,"enemies":"Lagavulin","floor":8,"turns":1},{"damage":65,"enemies":"Gremlin Nob","floor":10,"turns":4}],"seed_played":"2969388257171301141","potions_obtained":[{"floor":6,"key":"FocusPotion"}],"is_trial":false,"path_per_floor":["M","?","?","?","$","E","R","E","T","E"],"character_chosen":"DEFECT","items_purchased":["Genetic Algorithm","FearPotion"],"campfire_rested":0,"item_purchase_floors":[5,5],"current_hp_per_floor":[64,69,58,58,58,58,58,58,58,0],"gold":71,"neow_bonus":"THREE_ENEMY_KILL","is_prod":false,"is_daily":false,"chose_seed":false,"campfire_upgraded":1,"win_rate":0,"timestamp":1555613607,"path_taken":["M","?","?","?","$","E","R","E","T","E"],"build_version":"2019-01-23","purchased_purges":0,"victory":false,"max_hp_per_floor":[71,76,76,76,76,76,76,76,76,76],"card_choices":[{"not_picked":["Beam Cell","Stack"],"picked":"Gash","floor":1},{"not_picked":["Cold Snap","Rip and Tear"],"picked":"Darkness","floor":6},{"not_picked":["Turbo","Hello World","Aggregate"],"picked":"SKIP","floor":8}],"player_experience":1172948,"relics_obtained":[{"floor":6,"key":"Art of War"},{"floor":8,"key":"War Paint"},{"floor":9,"key":"FossilizedHelix"}],"event_choices":[{"damage_healed":0,"gold_gain":0,"player_choice":"Donut","damage_taken":0,"max_hp_gain":5,"max_hp_loss":0,"event_name":"Big Fish","floor":2,"gold_loss":0},{"damage_healed":0,"gold_gain":0,"player_choice":"Success","damage_taken":11,"relics_obtained":["Bag of Preparation"],"max_hp_gain":0,"max_hp_loss":0,"event_name":"Scrap Ooze","floor":3,"gold_loss":0},{"damage_healed":0,"gold_gain":0,"player_choice":"Upgraded","damage_taken":0,"max_hp_gain":0,"max_hp_loss":0,"event_name":"Upgrade Shrine","floor":4,"gold_loss":0,"cards_upgraded":["Zap"]}],"is_beta":false,"boss_relics":[],"items_purged_floors":[],"is_endless":false,"potions_floor_spawned":[6,8],"killed_by":"Gremlin Nob","ascension_level":20}