{"gold_per_floor":[409,409,123,140,156,156,181,231,282,282,297,324,324,335,335,408,408,426,43,63,80,99,99,127,139,176,188,200,312,324,27,27,100,100,110,110,1109,495,515,515,534,560,560,575,575,600,616,635,635,635,635,635,635,39,73,73],"floor_reached":56,"playtime":3883,"items_purged":["Regret","Normality","Normality"],"score":2020,"play_id":"0f151918-e4d9-4e13-b24d-9a4ab2cd9a5e","local_time":"20190617214116","is_ascension_mode":true,"campfire_choices":[{"data":"Inflame","floor":6,"key":"SMITH"},{"data":"Shockwave","floor":10,"key":"SMITH"},{"data":"Cleave","floor":13,"key":"SMITH"},{"data":"Hemokinesis","floor":15,"key":"SMITH"},{"data":"Armaments","floor":23,"key":"SMITH"},{"floor":28,"key":"REST"},{"floor":30,"key":"REST"},{"data":"Feel No Pain","floor":32,"key":"SMITH"},{"floor":40,"key":"RECALL"},{"data":"Battle Trance","floor":49,"key":"SMITH"},{"data":"Battle Trance","floor":53,"key":"SMITH"}],"neow_cost":"TEN_PERCENT_HP_LOSS","seed_source_timestamp":28840137235485,"circlet_count":0,"master_deck":["AscendersBane","Strike_R+1","Strike_R+1","Defend_R+1","Defend_R+1","Defend_R+1","Defend_R+1","Bash","Inflame+1","Shrug It Off","Shockwave+1","Twin Strike","Evolve","Cleave+1","Battle Trance+1","Hemokinesis+1","Exhume","Armaments+1","Shrug It Off+1","Corruption","Battle Trance+1","Feel No Pain+1","Ghostly Armor+1","Combust+1","Demon Form+1","Headbutt+1","Immolate+1","Burning Pact+1","Feel No Pain+1","Power Through+1","Corruption+1","True Grit","Secret Technique","Feel No Pain+1","Heavy Blade+1","Evolve+1","True Grit","Battle Trance+1","Evolve+1","Sentinel+1","Armaments+1","Feel No Pain+1","True Grit","Seeing Red+1","Juggernaut+1"],"relics":["Burning Blood","Old Coin","Anchor","Lantern","Magic Flower","Blood Vial","Question Card","Velvet Choker","Prayer Wheel","MawBank","Strawberry","Ice Cream","Frozen Egg 2","PreservedInsect","Astrolabe","Membership Card","Ancient Tea Set","Vajra","Bag of Preparation","Gremlin Horn","Mango","War Paint","Toy Ornithopter","Blue Candle"],"potions_floor_usage":[7,11,12,12,16,21,24,33,33,42,42,50,55,56],"damage_taken":[{"damage":1,"enemies":"Small Slimes","floor":1,"turns":4},{"damage":0,"enemies":"2 Louse","floor":4,"turns":3},{"damage":0,"enemies":"Cultist","floor":5,"turns":3},{"damage":29,"enemies":"3 Sentries","floor":7,"turns":9},{"damage":0,"enemies":"Red Slaver","floor":11,"turns":3},{"damage":8,"enemies":"Gremlin Nob","floor":12,"turns":3},{"damage":0,"enemies":"2 Fungi Beasts","floor":14,"turns":3},{"damage":22,"enemies":"Slime Boss","floor":16,"turns":7},{"damage":23,"enemies":"Shell Parasite","floor":18,"turns":5},{"damage":3,"enemies":"3 Byrds","floor":20,"turns":5},{"damage":5,"enemies":"Snake Plant","floor":21,"turns":4},{"damage":5,"enemies":"Centurion and Healer","floor":22,"turns":5},{"damage":52,"enemies":"Gremlin Leader","floor":24,"turns":6},{"damage":17,"enemies":"Colosseum Slavers","floor":29,"turns":6},{"damage":18,"enemies":"Colosseum Nobs","floor":29,"turns":4},{"damage":59,"enemies":"Automaton","floor":33,"turns":7},{"damage":27,"enemies":"3 Darklings","floor":35,"turns":5},{"damage":0,"enemies":"3 Shapes","floor":39,"turns":5},{"damage":2,"enemies":"Sphere and 2 Shapes","floor":41,"turns":8},{"damage":21,"enemies":"Reptomancer","floor":42,"turns":6},{"damage":0,"enemies":"4 Shapes","floor":44,"turns":4},{"damage":2,"enemies":"Giant Head","floor":46,"turns":7},{"damage":0,"enemies":"Maw","floor":47,"turns":7},{"damage":0,"enemies":"Writhing Mass","floor":48,"turns":9},{"damage":6,"enemies":"Donu and Deca","floor":50,"turns":8},{"damage":38,"enemies":"Time Eater","floor":51,"turns":10},{"damage":10,"enemies":"Shield and Spear","floor":55,"turns":8},{"damage":138,"enemies":"The Heart","floor":56,"turns":11}],"seed_played":"2102497634566372864","potions_obtained":[{"floor":1,"key":"EntropicBrew"},{"floor":5,"key":"AttackPotion"},{"floor":7,"key":"FearPotion"},{"floor":14,"key":"FearPotion"},{"floor":18,"key":"GamblersBrew"},{"floor":22,"key":"Poison Potion"},{"floor":35,"key":"AttackPotion"},{"floor":42,"key":"BloodPotion"},{"floor":48,"key":"GamblersBrew"}],"is_trial":false,"path_per_floor":["M","?","$","M","M","R","E","?","T","R","M","E","R","M","R","B",null,"M","$","M","M","M","R","E","?","T","?","R","?","R","$","R","B",null,"M","?","?","$","M","R","M","E","T","M","?","E","M","M","R","B","B",null,"R","$","E","B"],"character_chosen":"IRONCLAD","items_purchased":["Lantern","Shrug It Off","Prayer Wheel","Shrug It Off","PreservedInsect","Combust+1","PowerPotion","Membership Card","Ancient Tea Set","Vajra","Corruption+1","True Grit","Secret Technique","Weak Potion","Feel No Pain+1","Mango","True Grit","Seeing Red","War Paint","Toy Ornithopter","Regen Potion","Weak Potion"],"campfire_rested":2,"item_purchase_floors":[3,3,19,19,31,31,31,38,38,38,38,38,38,38,54,54,54,54,54,54,54,54],"current_hp_per_floor":[68,68,68,68,68,68,45,45,45,45,57,61,61,68,68,55,65,54,54,63,68,68,68,25,25,32,32,54,43,65,65,65,18,61,46,46,46,46,58,58,68,59,59,71,71,71,71,71,71,71,42,64,64,78,84,0],"gold":73,"neow_bonus":"ONE_RARE_RELIC","is_prod":false,"is_daily":false,"chose_seed":false,"campfire_upgraded":8,"win_rate":0,"timestamp":1560800476,"path_taken":["M","?","$","M","M","R","E","?","T","R","M","E","R","M","R","BOSS","M","?","M","M","?","R","E","?","T","?","R","?","R","$","R","BOSS","M","?","?","$","M","R","M","E","T","M","?","E","?","M","R","BOSS","BOSS","R","$","E","BOSS"],"build_version":"2019-01-23","purchased_purges":3,"victory":false,"max_hp_per_floor":[68,68,68,68,68,68,68,68,68,68,68,68,68,68,68,68,68,68,68,68,68,68,68,68,68,75,75,75,75,75,75,75,75,75,75,75,75,75,75,75,75,75,75,75,71,71,71,71,71,71,71,71,71,85,85,85],"card_choices":[{"not_picked":["Second Wind","Cleave"],"picked":"Inflame","floor":1},{"not_picked":["True Grit","Pommel Strike"],"picked":"Shockwave","floor":4},{"not_picked":["Warcry","Cleave"],"picked":"Twin Strike","floor":5},{"not_picked":["Body Slam","Flex"],"picked":"Evolve","floor":7},{"not_picked":["Reckless Charge","Rage"],"picked":"Cleave","floor":11},{"not_picked":["Sword Boomerang","Uppercut"],"picked":"Battle Trance","floor":12},{"not_picked":["Blood for Blood","Entrench","Clash"],"picked":"Hemokinesis","floor":14},{"not_picked":["Double Tap","Brutality","Barricade"],"picked":"Exhume","floor":16},{"not_picked":["Headbutt","Fire Breathing","Rupture"],"picked":"Armaments","floor":18},{"not_picked":["Clash+1","Body Slam","Double Tap"],"picked":"Corruption","floor":20},{"not_picked":["Flex","Sword Boomerang","Clash","Hemokinesis"],"picked":"SKIP","floor":20},{"not_picked":["Carnage","Twin Strike","Power Through"],"picked":"Battle Trance","floor":21},{"not_picked":["Iron Wave","Heavy Blade","Armaments","Cleave"],"picked":"SKIP","floor":21},{"not_picked":["Havoc","Thunderclap","Searing Blow"],"picked":"Feel No Pain","floor":22},{"not_picked":["Armaments","Rupture","Searing Blow"],"picked":"Ghostly Armor+1","floor":22},{"not_picked":["Bludgeon","Uppercut","Armaments","Evolve"],"picked":"SKIP","floor":24},{"not_picked":["Berserk+1","Immolate","Offering"],"picked":"Demon Form+1","floor":33},{"not_picked":["Power Through","Searing Blow","Carnage"],"picked":"Feel No Pain+1","floor":35},{"not_picked":["Combust+1","Wild Strike","Sword Boomerang+1"],"picked":"Power Through+1","floor":35},{"not_picked":["Anger","Evolve+1","Clothesline"],"picked":"Feel No Pain+1","floor":39},{"not_picked":["Carnage","Thunderclap","Flex+1"],"picked":"Heavy Blade+1","floor":39},{"not_picked":["Armaments","Pommel Strike","Body Slam"],"picked":"Evolve+1","floor":41},{"not_picked":["Clash","Anger","Pommel Strike"],"picked":"True Grit","floor":41},{"not_picked":["Pommel Strike","Bludgeon","Iron Wave+1"],"picked":"Battle Trance+1","floor":42},{"not_picked":["Inflame+1","Blood for Blood","Searing Blow+1"],"picked":"Evolve+1","floor":44},{"not_picked":["Rampage+1","Warcry","Clothesline"],"picked":"Sentinel+1","floor":44},{"not_picked":["Flex","Headbutt+1","Combust+1","Dropkick"],"picked":"SKIP","floor":46},{"not_picked":["Pummel","Armaments","Cleave","Havoc"],"picked":"SKIP","floor":47},{"not_picked":["Rupture+1","Pommel Strike","Sword Boomerang","Havoc+1"],"picked":"SKIP","floor":47},{"not_picked":["Headbutt","Dropkick","Battle Trance"],"picked":"Armaments+1","floor":48},{"not_picked":["Sentinel","Spot Weakness+1","Cleave","Hemokinesis+1"],"picked":"SKIP","floor":48},{"not_picked":["Perfected Strike","Clash","Intimidate"],"picked":"Juggernaut+1","floor":55}],"player_experience":1396677,"relics_obtained":[{"floor":7,"key":"Magic Flower"},{"floor":9,"key":"Blood Vial"},{"floor":12,"key":"Question Card"},{"floor":24,"key":"MawBank"},{"floor":26,"key":"Strawberry"},{"floor":29,"key":"Ice Cream"},{"floor":29,"key":"Frozen Egg 2"},{"floor":42,"key":"Bag of Preparation"},{"floor":46,"key":"Gremlin Horn"},{"floor":55,"key":"Blue Candle"}],"event_choices":[{"damage_healed":0,"gold_gain":0,"player_choice":"Box","damage_taken":0,"relics_obtained":["Anchor"],"max_hp_gain":0,"max_hp_loss":0,"event_name":"Big Fish","floor":2,"gold_loss":0,"cards_obtained":["Regret"]},{"damage_healed":0,"gold_gain":50,"player_choice":"Pray","damage_taken":0,"max_hp_gain":0,"max_hp_loss":0,"event_name":"Golden Shrine","floor":8,"gold_loss":0},{"damage_healed":0,"gold_gain":0,"player_choice":"Ignored","damage_taken":0,"max_hp_gain":0,"max_hp_loss":0,"event_name":"The Mausoleum","floor":25,"gold_loss":0},{"damage_healed":0,"gold_gain":0,"player_choice":"Simplicity","damage_taken":0,"max_hp_gain":0,"max_hp_loss":0,"event_name":"Back to Basics","floor":27,"gold_loss":0,"cards_upgraded":["Strike_R","Strike_R","Strike_R","Strike_R","Strike_R","Defend_R","Defend_R","Defend_R","Defend_R"]},{"damage_healed":0,"gold_gain":0,"player_choice":"Fight","damage_taken":0,"max_hp_gain":0,"max_hp_loss":0,"event_name":"Colosseum","floor":29,"gold_loss":0},{"damage_healed":0,"gold_gain":0,"player_choice":"Fought Nobs","damage_taken":0,"max_hp_gain":0,"max_hp_loss":0,"event_name":"Colosseum","floor":29,"gold_loss":0},{"damage_healed":0,"gold_gain":0,"player_choice":"Ignored","damage_taken":0,"max_hp_gain":0,"max_hp_loss":0,"event_name":"Mysterious Sphere","floor":36,"gold_loss":0},{"damage_healed":0,"gold_gain":999,"player_choice":"Gold","damage_taken":0,"max_hp_gain":0,"max_hp_loss":0,"event_name":"MindBloom","floor":37,"gold_loss":0,"cards_obtained":["Normality","Normality"]},{"damage_healed":0,"gold_gain":0,"player_choice":"Max HP","damage_taken":0,"max_hp_gain":0,"max_hp_loss":4,"event_name":"Winding Halls","floor":45,"gold_loss":0}],"is_beta":false,"boss_relics":[{"not_picked":["Runic Pyramid","Mark of Pain"],"picked":"Velvet Choker"},{"not_picked":["Calling Bell","Busted Crown"],"picked":"Astrolabe"}],"items_purged_floors":[3,38,54],"is_endless":false,"potions_floor_spawned":[1,5,7,14,18,22,35,42,48],"killed_by":"The Heart","ascension_level":20}