{"gold_per_floor":[113,113,113,78,96,96,130,141,168,168,184,195,221,233,233,233],"floor_reached":16,"playtime":568,"items_purged":[],"score":224,"play_id":"199319cc-f5d8-4fb1-a21a-12e24002f8f0","local_time":"20181222145850","is_ascension_mode":true,"campfire_choices":[{"data":"Zap","floor":6,"key":"SMITH"},{"floor":10,"key":"REST"},{"floor":15,"key":"REST"}],"neow_cost":"NONE","seed_source_timestamp":12150174432437,"circlet_count":0,"master_deck":["AscendersBane","Strike_B","Strike_B","Strike_B","Strike_B","Defend_B","Defend_B","Defend_B","Defend_B","Zap+1","Dualcast","Defragment","Ball Lightning","Conserve Battery","Sweeping Beam","Capacitor","Conserve Battery"],"relics":["Cracked Core","Centennial Puzzle","Pear","Potion Belt","Torii"],"potions_floor_usage":[5,13,13,16,16],"damage_taken":[{"damage":12,"enemies":"Small Slimes","floor":1,"turns":4},{"damage":0,"enemies":"2 Louse","floor":5,"turns":1},{"damage":55,"enemies":"3 Sentries","floor":7,"turns":8},{"damage":0,"enemies":"Jaw Worm","floor":8,"turns":2},{"damage":15,"enemies":"Gremlin Gang","floor":11,"turns":4},{"damage":2,"enemies":"Looter","floor":12,"turns":3},{"damage":6,"enemies":"Gremlin Nob","floor":13,"turns":3},{"damage":8,"enemies":"3 Louse","floor":14,"turns":4},{"damage":45,"enemies":"Slime Boss","floor":16,"turns":5}],"seed_played":"2140496007944891209","potions_obtained":[{"floor":0,"key":"GamblersBrew"},{"floor":0,"key":"SteroidPotion"},{"floor":1,"key":"AttackPotion"},{"floor":11,"key":"AttackPotion"},{"floor":12,"key":"Strength Potion"},{"floor":14,"key":"Swift Potion"}],"is_trial":false,"path_per_floor":["M","?","?","?","M","R","E","M","T","R","M","M","E","M","R","B"],"character_chosen":"DEFECT","items_purchased":[],"campfire_rested":2,"item_purchase_floors":[],"current_hp_per_floor":[52,41,41,58,58,58,13,13,13,37,22,20,14,6,30,0],"gold":233,"neow_bonus":"THREE_SMALL_POTIONS","is_prod":false,"is_daily":false,"chose_seed":false,"campfire_upgraded":1,"win_rate":0,"timestamp":1545487130,"path_taken":["M","?","?","?","M","R","E","M","T","R","M","M","E","M","R","BOSS"],"build_version":"2018-12-20","purchased_purges":0,"victory":false,"max_hp_per_floor":[71,71,71,71,71,71,81,81,81,81,81,81,81,81,81,81],"card_choices":[{"not_picked":["Blizzard","Conserve Battery"],"picked":"Defragment","floor":1},{"not_picked":["Turbo","Beam Cell"],"picked":"Ball Lightning","floor":5},{"not_picked":["Genetic Algorithm","Hyperbeam"],"picked":"Conserve Battery","floor":7},{"not_picked":["Hello World","Gash","Streamline"],"picked":"SKIP","floor":8},{"not_picked":["Compile Driver","Steam"],"picked":"Sweeping Beam","floor":11},{"not_picked":["Consume","Compile Driver"],"picked":"Capacitor","floor":12},{"not_picked":["Thunder Strike","Barrage"],"picked":"Conserve Battery","floor":13},{"not_picked":["Fusion","Static Discharge","Rebound"],"picked":"SKIP","floor":14}],"player_experience":678447,"relics_obtained":[{"floor":7,"key":"Pear"},{"floor":9,"key":"Potion Belt"},{"floor":13,"key":"Torii"}],"event_choices":[{"damage_healed":0,"gold_gain":0,"player_choice":"Success","damage_taken":11,"relics_obtained":["Centennial Puzzle"],"max_hp_gain":0,"max_hp_loss":0,"event_name":"Scrap Ooze","floor":2,"gold_loss":0},{"damage_healed":0,"gold_gain":0,"player_choice":"Ignored","damage_taken":0,"max_hp_gain":0,"max_hp_loss":0,"event_name":"Liars Game","floor":3,"gold_loss":0},{"damage_healed":17,"gold_gain":0,"player_choice":"Healed","damage_taken":0,"max_hp_gain":0,"max_hp_loss":0,"event_name":"The Cleric","floor":4,"gold_loss":35}],"is_beta":false,"boss_relics":[],"items_purged_floors":[],"is_endless":false,"potions_floor_spawned":[1,11,12,14],"killed_by":"Slime Boss","ascension_level":20}