{"gold_per_floor":[109,122,172,73,87,115,115,147,192,192,7,24,51,51,51,122,122,136,155,55,68,86,86,97,124,424,424,438,463,463,478,478,552,552,562,574,449,464,481,481,481,481,507,507,527,527],"floor_reached":46,"playtime":3073,"items_purged":["Defend_R","Strike_R","Perfected Strike"],"score":1014,"play_id":"172df167-9829-4b87-ad87-7b33562be522","local_time":"20190130170755","is_ascension_mode":true,"campfire_choices":[{"data":"Bash","floor":7,"key":"SMITH"},{"data":"Bludgeon","floor":15,"key":"SMITH"},{"data":"Brutality","floor":23,"key":"SMITH"},{"data":"Limit Break","floor":27,"key":"SMITH"},{"data":"Inflame","floor":30,"key":"SMITH"},{"data":"Shockwave","floor":32,"key":"SMITH"},{"data":"Battle Trance","floor":40,"key":"SMITH"},{"data":"Disarm","floor":42,"key":"SMITH"},{"floor":44,"key":"RECALL"}],"neow_cost":"NONE","seed_source_timestamp":13763324677723,"circlet_count":0,"master_deck":["AscendersBane","Bash+1","Iron Wave","Anger","Pommel Strike","Battle Trance+1","Bludgeon+1","Armaments","Intimidate","Limit Break+1","Brutality+1","Inflame+1","Headbutt","Evolve+1","Shockwave+1","Exhume","Fiend Fire","Rampage","Fire Breathing","Disarm+1","Brutality","Shrug It Off+1","Spot Weakness+1","Inflame+1","True Grit","Pommel Strike+1","Reaper","Reaper","Disarm"],"relics":["Burning Blood","Mummified Hand","Oddly Smooth Stone","Pen Nib","Bag of Marbles","Bottled Flame","Coffee Dripper","Vajra","Old Coin","Prayer Wheel","Pandora\u0027s Box"],"potions_floor_usage":[5,6,16,22,33,39],"damage_taken":[{"damage":8,"enemies":"2 Louse","floor":1,"turns":4},{"damage":2,"enemies":"Cultist","floor":2,"turns":4},{"damage":0,"enemies":"Small Slimes","floor":5,"turns":2},{"damage":10,"enemies":"3 Sentries","floor":6,"turns":7},{"damage":20,"enemies":"Lagavulin","floor":8,"turns":5},{"damage":0,"enemies":"Exordium Thugs","floor":12,"turns":2},{"damage":11,"enemies":"3 Sentries","floor":13,"turns":6},{"damage":11,"enemies":"The Guardian","floor":16,"turns":13},{"damage":0,"enemies":"Chosen","floor":18,"turns":3},{"damage":16,"enemies":"Shell Parasite","floor":19,"turns":2},{"damage":2,"enemies":"3 Cultists","floor":21,"turns":3},{"damage":4,"enemies":"Snecko","floor":22,"turns":3},{"damage":2,"enemies":"Cultist and Chosen","floor":24,"turns":3},{"damage":26,"enemies":"Slavers","floor":25,"turns":4},{"damage":20,"enemies":"Shelled Parasite and Fungi","floor":28,"turns":2},{"damage":5,"enemies":"Book of Stabbing","floor":29,"turns":2},{"damage":0,"enemies":"Snake Plant","floor":31,"turns":1},{"damage":44,"enemies":"Automaton","floor":33,"turns":6},{"damage":13,"enemies":"3 Shapes","floor":35,"turns":5},{"damage":5,"enemies":"Orb Walker","floor":36,"turns":2},{"damage":32,"enemies":"Writhing Mass","floor":38,"turns":4},{"damage":17,"enemies":"4 Shapes","floor":39,"turns":5},{"damage":20,"enemies":"Jaw Worm Horde","floor":45,"turns":3},{"damage":31,"enemies":"Maw","floor":46,"turns":2}],"seed_played":"2947937351437830622","potions_obtained":[{"floor":0,"key":"AttackPotion"},{"floor":0,"key":"Explosive Potion"},{"floor":6,"key":"Fruit Juice"},{"floor":12,"key":"Strength Potion"},{"floor":16,"key":"Explosive Potion"},{"floor":18,"key":"Fire Potion"},{"floor":28,"key":"Ancient Potion"},{"floor":29,"key":"SkillPotion"},{"floor":31,"key":"Fire Potion"},{"floor":39,"key":"Dexterity Potion"},{"floor":45,"key":"FearPotion"}],"is_trial":false,"path_per_floor":["M","M","?","$","M","E","R","E","T","?","$","M","E","?","R","B",null,"M","M","$","M","M","R","M","E","T","R","M","E","R","M","R","B",null,"M","M","$","M","M","R","?","R","T","R","M","M"],"character_chosen":"IRONCLAD","items_purchased":["Anger","Bag of Marbles","Armaments"],"campfire_rested":0,"item_purchase_floors":[4,11,11],"current_hp_per_floor":[66,70,63,63,69,65,65,51,51,56,56,62,57,57,57,57,74,80,70,70,74,76,76,80,60,60,60,46,47,47,53,53,15,64,57,58,58,32,21,21,21,21,21,21,16,0],"gold":527,"neow_bonus":"THREE_SMALL_POTIONS","is_prod":false,"is_daily":false,"chose_seed":false,"campfire_upgraded":8,"win_rate":0,"timestamp":1548864475,"path_taken":["M","M","?","$","?","E","R","E","T","?","?","M","E","?","R","BOSS","M","M","?","?","?","R","?","E","T","R","M","E","R","M","R","BOSS","M","M","$","M","M","R","?","R","T","R","M","M"],"build_version":"2019-01-23","purchased_purges":3,"victory":false,"max_hp_per_floor":[75,75,75,75,75,75,75,75,75,75,75,75,75,75,75,80,80,80,80,80,80,80,80,80,80,80,80,80,80,80,80,80,80,80,80,80,80,80,80,80,80,80,80,80,80,80],"card_choices":[{"not_picked":["Sever Soul","Wild Strike"],"picked":"Iron Wave","floor":1},{"not_picked":["Whirlwind","Cleave"],"picked":"Perfected Strike","floor":2},{"not_picked":["Wild Strike","Flame Barrier"],"picked":"Pommel Strike","floor":5},{"not_picked":["Pommel Strike","Reckless Charge"],"picked":"Battle Trance","floor":6},{"not_picked":["Fire Breathing","Thunderclap"],"picked":"Bludgeon","floor":8},{"not_picked":["Heavy Blade","Clash"],"picked":"Intimidate","floor":12},{"not_picked":["Armaments","Entrench"],"picked":"Limit Break","floor":13},{"not_picked":["Demon Form","Exhume"],"picked":"Brutality","floor":16},{"not_picked":["Disarm","Rampage"],"picked":"Inflame","floor":18},{"not_picked":["Body Slam","Perfected Strike"],"picked":"Headbutt","floor":19},{"not_picked":["Iron Wave","Seeing Red","Headbutt"],"picked":"SKIP","floor":21},{"not_picked":["Iron Wave","Seeing Red","Headbutt"],"picked":"SKIP","floor":21},{"not_picked":["Seeing Red","Burning Pact","Pommel Strike"],"picked":"SKIP","floor":22},{"not_picked":["Warcry","Twin Strike"],"picked":"Evolve+1","floor":24},{"not_picked":["Rage","Iron Wave","Intimidate"],"picked":"SKIP","floor":25},{"not_picked":["Iron Wave","Double Tap","Perfected Strike"],"picked":"SKIP","floor":28},{"not_picked":["Heavy Blade","Shrug It Off"],"picked":"Shockwave","floor":29},{"not_picked":["Clothesline","Clash","Heavy Blade"],"picked":"SKIP","floor":31},{"not_picked":["Clothesline","Anger","Searing Blow"],"picked":"SKIP","floor":31},{"not_picked":["Barricade","Dark Embrace"],"picked":"Exhume","floor":33},{"not_picked":["Rupture","Cleave"],"picked":"Shrug It Off+1","floor":35},{"not_picked":["Clash+1","Thunderclap+1"],"picked":"Spot Weakness+1","floor":35},{"not_picked":["Rage","Wild Strike+1"],"picked":"Inflame+1","floor":36},{"not_picked":["Warcry+1","Fire Breathing+1"],"picked":"True Grit","floor":36},{"not_picked":["Combust","Thunderclap+1"],"picked":"Pommel Strike+1","floor":38},{"not_picked":["Entrench","Thunderclap","Twin Strike"],"picked":"SKIP","floor":38},{"not_picked":["Anger","Cleave+1"],"picked":"Reaper","floor":39},{"not_picked":["Infernal Blade","Wild Strike+1","Havoc"],"picked":"SKIP","floor":39},{"not_picked":["Infernal Blade","Wild Strike+1","Havoc"],"picked":"SKIP","floor":39},{"not_picked":["Heavy Blade+1","Iron Wave"],"picked":"Disarm","floor":45},{"not_picked":["Wild Strike+1","Dual Wield","Armaments"],"picked":"SKIP","floor":45}],"player_experience":807544,"relics_obtained":[{"floor":6,"key":"Mummified Hand"},{"floor":8,"key":"Oddly Smooth Stone"},{"floor":9,"key":"Pen Nib"},{"floor":13,"key":"Bottled Flame"},{"floor":25,"key":"Vajra"},{"floor":26,"key":"Old Coin"},{"floor":29,"key":"Prayer Wheel"}],"event_choices":[{"damage_healed":0,"gold_gain":50,"player_choice":"Touch","damage_taken":7,"max_hp_gain":0,"max_hp_loss":0,"event_name":"FaceTrader","floor":3,"gold_loss":0},{"cards_removed":["Perfected Strike"],"damage_healed":5,"gold_gain":0,"player_choice":"Offered Common","damage_taken":0,"max_hp_gain":0,"max_hp_loss":0,"event_name":"Bonfire Elementals","floor":10,"gold_loss":0},{"cards_removed":["Perfected Strike"],"damage_healed":5,"gold_gain":0,"player_choice":"Offered Special","damage_taken":0,"max_hp_gain":0,"max_hp_loss":0,"event_name":"Bonfire Elementals","floor":10,"gold_loss":0},{"cards_removed":["Strike_R"],"damage_healed":0,"gold_gain":0,"player_choice":"Purged","damage_taken":0,"max_hp_gain":0,"max_hp_loss":0,"event_name":"Purifier","floor":14,"gold_loss":0},{"damage_healed":0,"gold_gain":0,"player_choice":"Copied","damage_taken":0,"max_hp_gain":0,"max_hp_loss":0,"event_name":"Duplicator","floor":41,"gold_loss":0,"cards_obtained":["Reaper"]}],"is_beta":false,"boss_relics":[{"not_picked":["Empty Cage","Black Blood"],"picked":"Coffee Dripper"},{"not_picked":["Sozu","Calling Bell"],"picked":"Pandora\u0027s Box"}],"items_purged_floors":[4,20,37],"is_endless":false,"potions_floor_spawned":[6,12,16,18,19,28,29,31,39,45],"killed_by":"Maw","ascension_level":20}