{"gold_per_floor":[112,126,137,151,151,151,207,218,270,305,305,339,349,2,2,78,78,88,188,188,205,228,263,263,297,323,238,257,257,13,33,33,107,107,126,180,130,146,60,89,89,123,123,149,161,161,161,161,161,161,161,161,161,10,41,41],"floor_reached":57,"playtime":4002,"items_purged":["Strike_R","Thunderclap"],"score":3117,"play_id":"1edd8a4a-5702-4f03-984f-8d1fa4c1c03b","local_time":"20190215004549","is_ascension_mode":true,"campfire_choices":[{"data":"Bash","floor":6,"key":"SMITH"},{"floor":11,"key":"REST"},{"data":"Armaments","floor":15,"key":"SMITH"},{"data":"Disarm","floor":24,"key":"SMITH"},{"floor":29,"key":"REST"},{"floor":32,"key":"REST"},{"floor":41,"key":"REST"},{"floor":47,"key":"DIG"},{"floor":49,"key":"RECALL"},{"floor":53,"key":"DIG"}],"neow_cost":"NONE","seed_source_timestamp":41800092144343,"circlet_count":0,"master_deck":["AscendersBane","Defend_R","Defend_R","Defend_R","Defend_R","Bash+1","Flame Barrier","Shrug It Off","Battle Trance","Headbutt","Spot Weakness+1","Armaments+1","Feel No Pain","Impervious","Shrug It Off+1","True Grit+1","Seeing Red","Disarm+1","Juggernaut+1","Body Slam","Impervious","Demon Form+1","Evolve+1","Entrench+1","Corruption","Disarm","Shockwave","Barricade","Feel No Pain","True Grit"],"relics":["Burning Blood","Tiny Chest","Boot","Mercury Hourglass","Centennial Puzzle","Singing Bowl","Runic Pyramid","Incense Burner","Pear","Happy Flower","Turnip","Shovel","Paper Frog","War Paint","Astrolabe","Pocketwatch","Charon\u0027s Ashes","Dodecahedron","Letter Opener","Bag of Marbles","Orichalcum","Bottled Lightning","Gremlin Horn"],"potions_floor_usage":[2,7,12,13,19,23,31,55,56],"damage_taken":[{"damage":2,"enemies":"Cultist","floor":1,"turns":4},{"damage":4,"enemies":"Small Slimes","floor":2,"turns":4},{"damage":4,"enemies":"2 Louse","floor":3,"turns":4},{"damage":6,"enemies":"Blue Slaver","floor":4,"turns":6},{"damage":25,"enemies":"3 Sentries","floor":7,"turns":13},{"damage":25,"enemies":"Gremlin Gang","floor":8,"turns":5},{"damage":28,"enemies":"Gremlin Nob","floor":10,"turns":4},{"damage":10,"enemies":"3 Sentries","floor":12,"turns":5},{"damage":7,"enemies":"Exordium Thugs","floor":13,"turns":4},{"damage":18,"enemies":"The Guardian","floor":16,"turns":13},{"damage":0,"enemies":"Chosen","floor":18,"turns":4},{"damage":2,"enemies":"Colosseum Slavers","floor":19,"turns":5},{"damage":39,"enemies":"Colosseum Nobs","floor":19,"turns":5},{"damage":4,"enemies":"Spheric Guardian","floor":21,"turns":7},{"damage":7,"enemies":"Gremlin Leader","floor":23,"turns":8},{"damage":40,"enemies":"Slavers","floor":25,"turns":6},{"damage":5,"enemies":"Shelled Parasite and Fungi","floor":28,"turns":5},{"damage":2,"enemies":"Snake Plant","floor":31,"turns":5},{"damage":42,"enemies":"Champ","floor":33,"turns":16},{"damage":30,"enemies":"3 Shapes","floor":35,"turns":7},{"damage":15,"enemies":"2 Orb Walkers","floor":36,"turns":3},{"damage":1,"enemies":"Orb Walker","floor":38,"turns":4},{"damage":0,"enemies":"Nemesis","floor":40,"turns":3},{"damage":0,"enemies":"Giant Head","floor":42,"turns":3},{"damage":0,"enemies":"Nemesis","floor":44,"turns":7},{"damage":7,"enemies":"Transient","floor":45,"turns":6},{"damage":0,"enemies":"Donu and Deca","floor":50,"turns":6},{"damage":0,"enemies":"Time Eater","floor":51,"turns":10},{"damage":17,"enemies":"Shield and Spear","floor":55,"turns":10},{"damage":52,"enemies":"The Heart","floor":56,"turns":10}],"seed_played":"-5902907226181473562","potions_obtained":[{"floor":0,"key":"FearPotion"},{"floor":0,"key":"GamblersBrew"},{"floor":2,"key":"Swift Potion"},{"floor":4,"key":"Dexterity Potion"},{"floor":10,"key":"Explosive Potion"},{"floor":13,"key":"Block Potion"},{"floor":18,"key":"BloodPotion"},{"floor":20,"key":"PowerPotion"},{"floor":20,"key":"GamblersBrew"},{"floor":23,"key":"Dexterity Potion"},{"floor":25,"key":"Block Potion"},{"floor":36,"key":"Block Potion"}],"is_trial":false,"path_per_floor":["M","M","M","M","?","R","E","M","T","E","R","E","M","$","R","B",null,"M","?","?","M","T","E","R","E","T","?","M","R","$","M","R","B",null,"M","?","?","M","$","E","R","E","T","E","M","?","R","?","R","B","B",null,"R","$","E","B",null],"character_chosen":"IRONCLAD","items_purchased":["Singing Bowl","Feel No Pain","War Paint","Shockwave","True Grit"],"campfire_rested":4,"item_purchase_floors":[14,14,30,39,54],"current_hp_per_floor":[72,74,75,75,68,68,49,30,30,8,30,26,25,25,25,13,60,66,47,47,49,49,48,48,14,14,14,15,40,40,46,72,36,74,50,41,41,48,48,56,83,89,89,91,92,92,92,92,92,93,93,93,93,93,84,38],"gold":41,"neow_bonus":"THREE_SMALL_POTIONS","is_prod":false,"is_daily":false,"chose_seed":false,"campfire_upgraded":3,"win_rate":0,"timestamp":1550187949,"path_taken":["M","M","?","M","?","R","E","M","T","E","R","E","M","$","R","BOSS","M","?","?","?","?","E","R","E","T","?","M","R","?","M","R","BOSS","M","?","?","?","$","E","R","E","T","E","M","?","R","?","R","BOSS","BOSS","R","$","E","BOSS"],"build_version":"2019-01-23","purchased_purges":2,"victory":true,"max_hp_per_floor":[75,75,75,75,75,75,75,75,75,75,75,75,75,75,75,75,75,75,85,85,85,85,85,85,85,85,85,85,85,85,87,87,87,87,87,87,87,89,89,91,91,91,91,91,93,93,93,93,93,93,93,93,93,93,95,95],"card_choices":[{"not_picked":["Havoc","Headbutt"],"picked":"Flame Barrier","floor":1},{"not_picked":["Burning Pact","Sentinel"],"picked":"Shrug It Off","floor":2},{"not_picked":["Sever Soul","Fire Breathing"],"picked":"Sword Boomerang","floor":3},{"not_picked":["True Grit","Flex"],"picked":"Thunderclap","floor":4},{"not_picked":["Seeing Red","Flex"],"picked":"Battle Trance","floor":7},{"not_picked":["Armaments","Thunderclap"],"picked":"Headbutt","floor":8},{"not_picked":["Flex","Barricade"],"picked":"Spot Weakness","floor":10},{"not_picked":["Entrench","Perfected Strike","Seeing Red"],"picked":"SKIP","floor":12},{"not_picked":["True Grit","Body Slam"],"picked":"Armaments","floor":13},{"not_picked":["Berserk","Exhume"],"picked":"Impervious","floor":16},{"not_picked":["Flex","Blood for Blood"],"picked":"Shrug It Off","floor":18},{"not_picked":["Twin Strike","Sword Boomerang"],"picked":"True Grit","floor":19},{"not_picked":["Burning Pact+1","Clothesline"],"picked":"Seeing Red","floor":21},{"not_picked":["Heavy Blade","Sentinel"],"picked":"Disarm","floor":23},{"not_picked":["Cleave","Headbutt"],"picked":"Juggernaut","floor":25},{"not_picked":["True Grit","Iron Wave+1"],"picked":"Body Slam","floor":28},{"not_picked":["Thunderclap","Armaments","Twin Strike"],"picked":"Singing Bowl","floor":31},{"not_picked":["Exhume","Offering"],"picked":"Impervious","floor":33},{"not_picked":["Thunderclap","Anger"],"picked":"Corruption","floor":35},{"not_picked":["Heavy Blade","Headbutt"],"picked":"Disarm","floor":36},{"not_picked":["Blood for Blood","Rupture","Armaments"],"picked":"Singing Bowl","floor":38},{"not_picked":["Carnage","Havoc","Shockwave"],"picked":"Singing Bowl","floor":40},{"not_picked":["Headbutt+1","Intimidate"],"picked":"Barricade","floor":42},{"not_picked":["Clash+1","Anger"],"picked":"Feel No Pain","floor":44},{"not_picked":["Clash","Cleave+1","Inflame"],"picked":"Singing Bowl","floor":45},{"not_picked":["Perfected Strike","Clash","Whirlwind"],"picked":"Singing Bowl","floor":55}],"player_experience":972482,"relics_obtained":[{"floor":7,"key":"Tiny Chest"},{"floor":9,"key":"Boot"},{"floor":10,"key":"Mercury Hourglass"},{"floor":12,"key":"Centennial Puzzle"},{"floor":19,"key":"Incense Burner"},{"floor":19,"key":"Pear"},{"floor":22,"key":"Happy Flower"},{"floor":23,"key":"Turnip"},{"floor":25,"key":"Shovel"},{"floor":36,"key":"Pocketwatch"},{"floor":40,"key":"Charon\u0027s Ashes"},{"floor":42,"key":"Dodecahedron"},{"floor":43,"key":"Letter Opener"},{"floor":44,"key":"Bag of Marbles"},{"floor":47,"key":"Orichalcum"},{"floor":53,"key":"Bottled Lightning"},{"floor":55,"key":"Gremlin Horn"}],"event_choices":[{"cards_removed":["Strike_R"],"damage_healed":0,"gold_gain":0,"player_choice":"Card Removal","damage_taken":7,"max_hp_gain":0,"max_hp_loss":0,"event_name":"Golden Wing","floor":5,"gold_loss":0},{"damage_healed":0,"gold_gain":0,"player_choice":"Fight","damage_taken":0,"max_hp_gain":0,"max_hp_loss":0,"event_name":"Colosseum","floor":19,"gold_loss":0},{"damage_healed":0,"gold_gain":0,"player_choice":"Fought Nobs","damage_taken":0,"max_hp_gain":0,"max_hp_loss":0,"event_name":"Colosseum","floor":19,"gold_loss":0},{"damage_healed":0,"gold_gain":0,"player_choice":"Got Potions","damage_taken":0,"max_hp_gain":0,"max_hp_loss":0,"event_name":"Lab","floor":20,"gold_loss":0},{"damage_healed":0,"gold_gain":0,"player_choice":"Obtained Relic","damage_taken":0,"relics_obtained":["Paper Frog"],"max_hp_gain":0,"max_hp_loss":0,"event_name":"Addict","floor":27,"gold_loss":85},{"damage_healed":0,"gold_gain":0,"player_choice":"Fight","damage_taken":0,"max_hp_gain":0,"max_hp_loss":0,"event_name":"Mysterious Sphere","floor":36,"gold_loss":0},{"damage_healed":0,"gold_gain":0,"player_choice":"Upgraded Two","damage_taken":0,"max_hp_gain":0,"max_hp_loss":0,"event_name":"Designer","floor":37,"gold_loss":50,"cards_upgraded":["True Grit","Juggernaut"]},{"cards_removed":["Sword Boomerang"],"damage_healed":0,"gold_gain":0,"player_choice":"Removed Attack","damage_taken":0,"max_hp_gain":0,"max_hp_loss":0,"event_name":"Falling","floor":46,"gold_loss":0},{"damage_healed":0,"gold_gain":0,"player_choice":"Ignored","damage_taken":0,"max_hp_gain":0,"max_hp_loss":0,"event_name":"Tomb of Lord Red Mask","floor":48,"gold_loss":0}],"is_beta":false,"boss_relics":[{"not_picked":["Runic Cube","Pandora\u0027s Box"],"picked":"Runic Pyramid"},{"not_picked":["Runic Dome","Black Blood"],"picked":"Astrolabe"}],"items_purged_floors":[30,54],"is_endless":false,"potions_floor_spawned":[2,3,4,10,13,18,23,25,36,45],"ascension_level":20}