{"path_per_floor":["M","$","M","?","M","E","R","M","T","M","E","?","$","M","R","B",null,"M","M","?","M","$","R","E","R","T","M","E","R","?","M","R","B",null,"M","M","?","$","?","R","$","R","T","R","?","E","$","M","R","B"],"character_chosen":"THE_SILENT","items_purchased":["Infinite Blades","Backstab","Bronze Scales","Caltrops","Noxious Fumes","Prepared","Accuracy"],"gold_per_floor":[215,30,41,41,58,86,86,106,183,197,231,231,8,18,18,117,117,102,114,114,127,27,27,53,53,106,126,154,154,114,129,129,231,231,246,257,257,131,131,131,57,57,135,135,0,32,32,45,45,45],"floor_reached":51,"campfire_rested":1,"playtime":3396,"current_hp_per_floor":[70,70,70,70,70,61,61,60,60,58,70,52,52,52,70,49,70,70,70,62,56,56,64,62,70,70,70,64,74,74,70,77,37,77,77,77,77,77,77,77,77,77,77,77,77,77,77,76,77,53],"items_purged":["Strike_G","Strike_G"],"gold":45,"score":678,"play_id":"250fc2e2-adc0-4480-96f5-6ccfc341012b","is_prod":false,"is_daily":false,"is_ascension_mode":true,"campfire_upgraded":9,"path_taken":["M","$","M","?","M","E","R","M","T","?","E","?","$","M","R","BOSS","M","M","?","M","$","R","E","R","T","M","E","R","?","?","R","BOSS","M","M","?","$","?","R","$","R","T","R","?","E","?","M","R","BOSS"],"build_version":"2018-02-22-PROD2","purchased_purges":2,"victory":true,"master_deck":["Survivor+1","Neutralize+1","Dagger Spray+1","Infinite Blades","Backstab","Cloak And Dagger","Cloak And Dagger","Blur+1","Cloak And Dagger","Outmaneuver","Flying Knee","Caltrops+1","Predator","After Image+1","Quick Slash","Dagger Throw","After Image+1","Backflip+1","Sucker Punch+1","Tools of the Trade+1","Dodge and Roll","Setup","Caltrops+1","Masterful Stab","Quick Slash","Poisoned Stab","Flechettes","Cloak And Dagger","Crippling Poison+1","Heel Hook+1","Caltrops+1","Noxious Fumes+1","Prepared","Accuracy+1","Cloak And Dagger+1","Infinite Blades+1"],"max_hp_per_floor":[70,70,70,70,70,70,70,70,70,70,70,70,70,70,70,70,70,70,70,70,70,70,70,70,70,70,70,77,77,77,77,77,77,77,77,77,77,77,77,77,77,77,77,77,77,77,77,77,77,77],"relics":["Ring of the Snake","Bag of Marbles","Pantograph","Ice Cream","Thread and Needle","Bronze Scales","Eternal Feather","Whetstone","Tiny Chest","Strawberry","Pandora\u0027s Box","Bottled Flame","Red Mask","Art of War"],"card_choices":[{"not_picked":["Quick Slash","Skewer"],"picked":"Dagger Spray"},{"not_picked":["Slice","Poisoned Stab"],"picked":"Cloak And Dagger"},{"not_picked":["Poisoned Stab","Quick Slash"],"picked":"Cloak And Dagger"},{"not_picked":["Dagger Throw","Bullet Time"],"picked":"Blur"},{"not_picked":["Poisoned Stab","Bane"],"picked":"Cloak And Dagger"},{"not_picked":["Poisoned Stab","Malaise"],"picked":"Outmaneuver"},{"not_picked":["Outmaneuver","Underhanded Strike"],"picked":"Flying Knee"},{"not_picked":["Quick Slash","Malaise"],"picked":"Predator"},{"not_picked":["A Thousand Cuts","Night Terror"],"picked":"After Image"},{"not_picked":["Reflex","Poisoned Stab"],"picked":"Quick Slash"},{"not_picked":["Dagger Spray","Underhanded Strike"],"picked":"Dagger Throw"},{"not_picked":["Dash","Envenom"],"picked":"After Image"},{"not_picked":["Setup","Dagger Spray"],"picked":"Backflip"},{"not_picked":["Crippling Poison","Glass Knife"],"picked":"Sucker Punch"},{"not_picked":["Venomology","A Thousand Cuts"],"picked":"Tools of the Trade"},{"not_picked":["Sucker Punch","Outmaneuver"],"picked":"Crippling Poison"},{"not_picked":["Bane","Infinite Blades"],"picked":"Heel Hook"},{"not_picked":["Tools of the Trade","Bane"],"picked":"Cloak And Dagger"},{"not_picked":["Dagger Throw","Deflect"],"picked":"Infinite Blades"}],"player_experience":173639,"potions_floor_usage":[11,11,11,18,18,24,28,31,31,33,50,50,50],"damage_taken":[{"damage":0,"enemies":"Jaw Worm","floor":1,"turns":4},{"damage":0,"enemies":"Small Slimes","floor":3,"turns":1},{"damage":0,"enemies":"Cultist","floor":5,"turns":3},{"damage":9,"enemies":"3 Sentries","floor":6,"turns":8},{"damage":1,"enemies":"Exordium Wildlife","floor":8,"turns":6},{"damage":2,"enemies":"3 Louse","floor":10,"turns":3},{"damage":0,"enemies":"Lagavulin","floor":11,"turns":7},{"damage":0,"enemies":"Large Slime","floor":14,"turns":4},{"damage":21,"enemies":"Hexaghost","floor":16,"turns":9},{"damage":0,"enemies":"2 Thieves","floor":18,"turns":4},{"damage":0,"enemies":"Chosen","floor":19,"turns":6},{"damage":6,"enemies":"Sentry and Sphere","floor":21,"turns":7},{"damage":2,"enemies":"Slavers","floor":24,"turns":6},{"damage":0,"enemies":"Centurion and Healer","floor":27,"turns":7},{"damage":13,"enemies":"Gremlin Leader","floor":28,"turns":6},{"damage":4,"enemies":"Cultist and Chosen","floor":31,"turns":8},{"damage":40,"enemies":"Collector","floor":33,"turns":17},{"damage":0,"enemies":"3 Shapes","floor":35,"turns":5},{"damage":0,"enemies":"Orb Walker","floor":36,"turns":5},{"damage":0,"enemies":"Nemesis","floor":46,"turns":9},{"damage":1,"enemies":"3 Darklings","floor":48,"turns":4},{"damage":30,"enemies":"Donu and Deca","floor":50,"turns":9}],"event_choices":[{"event_name":"The Cleric","player_choice":"Leave","floor":4,"damage_taken":0},{"event_name":"Scrap Ooze","player_choice":"success","floor":12,"damage_taken":18},{"event_name":"Knowing Skull","player_choice":"","floor":20,"damage_taken":0},{"event_name":"The Woman in Blue","player_choice":"Bought 3 Potions","floor":30,"damage_taken":0},{"event_name":"Duplicator","player_choice":"One dupe","floor":37,"damage_taken":0},{"event_name":"Accursed Blacksmith","player_choice":"Forge","floor":39,"damage_taken":0},{"event_name":"Tomb of Lord Red Mask","player_choice":"Paid","floor":45,"damage_taken":0}],"boss_relics":[{"not_picked":["Philosopher\u0027s Stone","Ectoplasm"],"picked":"Eternal Feather"},{"not_picked":["Black Star","Astrolabe"],"picked":"Pandora\u0027s Box"}],"potions_floor_spawned":[5,8,10,11,16,18,27,31,33,36],"seed_played":"5411668688708494244","ascension_level":1,"is_trial":false}