{"gold_per_floor":[117,131,151,151,2,2,27,27,27,52,71,71,96,96,96,194,194,204,184,202,216,68,68],"floor_reached":23,"playtime":2145,"items_purged":[],"score":314,"play_id":"4700c4d9-3b28-4a5a-a4ad-66b4d9034713","local_time":"20190611125934","is_ascension_mode":true,"campfire_choices":[{"data":"Neutralize","floor":6,"key":"SMITH"},{"data":"Backflip","floor":8,"key":"SMITH"},{"data":"Well Laid Plans","floor":15,"key":"SMITH"}],"neow_cost":"NONE","seed_source_timestamp":2091195724986922,"circlet_count":0,"master_deck":["AscendersBane","Defend_G","Defend_G","Defend_G+1","Defend_G+1","Strike_G","Strike_G","Strike_G","Strike_G","Survivor","Neutralize+1","Slice","Backflip+1","PiercingWail","Unload","Dagger Throw","Well Laid Plans+1","Corpse Explosion","Catalyst","Deflect","Deflect","A Thousand Cuts"],"relics":["Ring of the Snake","War Paint","Bronze Scales","Paper Crane","Meat on the Bone","Oddly Smooth Stone","Torii","Empty Cage"],"potions_floor_usage":[7,7,13,20,21],"damage_taken":[{"damage":2,"enemies":"Cultist","floor":1,"turns":5},{"damage":1,"enemies":"2 Louse","floor":2,"turns":3},{"damage":6,"enemies":"Small Slimes","floor":3,"turns":4},{"damage":32,"enemies":"3 Sentries","floor":7,"turns":14},{"damage":14,"enemies":"Lagavulin","floor":10,"turns":9},{"damage":8,"enemies":"3 Louse","floor":11,"turns":3},{"damage":13,"enemies":"3 Sentries","floor":13,"turns":8},{"damage":6,"enemies":"Hexaghost","floor":16,"turns":12},{"damage":0,"enemies":"Shell Parasite","floor":18,"turns":7},{"damage":15,"enemies":"2 Thieves","floor":20,"turns":4},{"damage":0,"enemies":"Chosen and Byrds","floor":21,"turns":6},{"damage":49,"enemies":"Slavers","floor":23,"turns":3}],"seed_played":"6624438659336372226","potions_obtained":[{"floor":0,"key":"GhostInAJar"},{"floor":0,"key":"PowerPotion"},{"floor":0,"key":"Fire Potion"},{"floor":1,"key":"Regen Potion"},{"floor":10,"key":"LiquidBronze"},{"floor":19,"key":"PowerPotion"},{"floor":20,"key":"GamblersBrew"},{"floor":21,"key":"Regen Potion"}],"is_trial":false,"path_per_floor":["M","M","M","?","$","R","E","R","T","E","M","$","E","?","R","B",null,"M","?","M","M","$","E"],"character_chosen":"THE_SILENT","items_purchased":["Bronze Scales","A Thousand Cuts"],"campfire_rested":0,"item_purchase_floors":[5,22],"current_hp_per_floor":[61,60,54,54,54,54,37,37,37,35,39,39,38,38,38,44,64,64,64,49,49,49,0],"gold":68,"neow_bonus":"THREE_SMALL_POTIONS","is_prod":false,"is_daily":false,"chose_seed":false,"campfire_upgraded":3,"win_rate":0,"timestamp":1560268774,"path_taken":["M","?","M","?","$","R","E","R","T","E","M","$","E","?","R","BOSS","M","?","M","M","$","E"],"build_version":"2019-01-23","purchased_purges":0,"victory":false,"max_hp_per_floor":[70,70,70,70,70,70,70,70,70,70,70,70,70,70,70,70,70,70,70,70,70,70,70],"card_choices":[{"not_picked":["Terror","Flechettes"],"picked":"Slice","floor":1},{"not_picked":["PiercingWail","Outmaneuver"],"picked":"Backflip","floor":2},{"not_picked":["Cloak And Dagger","Tactician"],"picked":"PiercingWail","floor":3},{"not_picked":["Dagger Spray","Deadly Poison"],"picked":"Unload","floor":7},{"not_picked":["Deadly Poison","Concentrate"],"picked":"Dagger Throw","floor":10},{"not_picked":["Reflex","Backflip","Deadly Poison"],"picked":"SKIP","floor":11},{"not_picked":["Setup","Bane"],"picked":"Well Laid Plans","floor":13},{"not_picked":["Glass Knife","Malaise"],"picked":"Corpse Explosion","floor":16},{"not_picked":["Quick Slash","Prepared"],"picked":"Catalyst","floor":18},{"not_picked":["Bane","All Out Attack"],"picked":"Deflect","floor":20},{"not_picked":["Backflip","Choke"],"picked":"Deflect","floor":21}],"player_experience":977541,"relics_obtained":[{"floor":7,"key":"Paper Crane"},{"floor":9,"key":"Meat on the Bone"},{"floor":10,"key":"Oddly Smooth Stone"},{"floor":13,"key":"Torii"}],"event_choices":[{"damage_healed":0,"gold_gain":0,"player_choice":"Box","damage_taken":0,"relics_obtained":["War Paint"],"max_hp_gain":0,"max_hp_loss":0,"event_name":"Big Fish","floor":4,"gold_loss":0,"cards_obtained":["Regret"]},{"cards_removed":["Regret"],"damage_healed":0,"gold_gain":0,"player_choice":"Forget","damage_taken":0,"max_hp_gain":0,"max_hp_loss":0,"event_name":"Living Wall","floor":14,"gold_loss":0},{"damage_healed":0,"gold_gain":0,"player_choice":"Bought 1 Potion","damage_taken":0,"max_hp_gain":0,"max_hp_loss":0,"event_name":"The Woman in Blue","floor":19,"gold_loss":0}],"is_beta":false,"boss_relics":[{"not_picked":["Fusion Hammer","Cursed Key"],"picked":"Empty Cage"}],"items_purged_floors":[],"is_endless":false,"potions_floor_spawned":[1,10,20,21],"killed_by":"Slavers","ascension_level":10}