{"gold_per_floor":[117,137,137,153,170,170,199,214,214,49,49,67,67,83,83,157,157,167,167,178,178,195,195,221,221],"floor_reached":25,"playtime":1387,"items_purged":["Strike_R"],"score":394,"play_id":"a28cb16c-3b99-4b63-924d-aa2ec0bf91ec","local_time":"20190517084708","is_ascension_mode":true,"campfire_choices":[{"data":"Iron Wave","floor":6,"key":"SMITH"},{"data":"Blind","floor":11,"key":"SMITH"},{"floor":15,"key":"REST"},{"floor":23,"key":"REST"}],"neow_cost":"NONE","seed_source_timestamp":2483539022802437,"circlet_count":0,"master_deck":["AscendersBane","Strike_R","Strike_R","Strike_R","Defend_R","Defend_R+1","Defend_R+1","Bash","Offering","Spot Weakness","Shrug It Off+1","Iron Wave+1","Iron Wave","Iron Wave+1","Warcry","Blind+1","Rupture+1","Cleave+1","Offering","Ghostly Armor+1","Necronomicurse","Body Slam+1","Pommel Strike+1","Shrug It Off"],"relics":["Burning Blood","Molten Egg 2","Boot","Peace Pipe","Empty Cage","Necronomicon","War Paint"],"potions_floor_usage":[5,12,16,16,22,25],"damage_taken":[{"damage":7,"enemies":"2 Louse","floor":1,"turns":3},{"damage":12,"enemies":"Cultist","floor":2,"turns":4},{"damage":7,"enemies":"Jaw Worm","floor":4,"turns":2},{"damage":11,"enemies":"Exordium Thugs","floor":5,"turns":5},{"damage":27,"enemies":"Gremlin Nob","floor":7,"turns":5},{"damage":6,"enemies":"Looter","floor":8,"turns":2},{"damage":5,"enemies":"Lots of Slimes","floor":12,"turns":5},{"damage":2,"enemies":"Blue Slaver","floor":14,"turns":5},{"damage":61,"enemies":"Slime Boss","floor":16,"turns":15},{"damage":24,"enemies":"Chosen","floor":18,"turns":7},{"damage":18,"enemies":"Spheric Guardian","floor":20,"turns":6},{"damage":7,"enemies":"Shelled Parasite and Fungi","floor":22,"turns":9},{"damage":26,"enemies":"Book of Stabbing","floor":24,"turns":5},{"damage":15,"enemies":"Centurion and Healer","floor":25,"turns":2}],"seed_played":"382660777488691146","potions_obtained":[{"floor":1,"key":"Fruit Juice"},{"floor":2,"key":"SkillPotion"},{"floor":8,"key":"Block Potion"},{"floor":14,"key":"Poison Potion"},{"floor":18,"key":"EssenceOfSteel"},{"floor":24,"key":"Fire Potion"}],"is_trial":false,"path_per_floor":["M","M","?","M","M","R","E","M","T","$","R","M","T","M","R","B",null,"M","?","M","?","M","R","E","M"],"character_chosen":"IRONCLAD","items_purchased":["Blind"],"campfire_rested":2,"item_purchase_floors":[10],"current_hp_per_floor":[67,61,61,60,55,55,34,34,34,34,34,35,35,39,61,11,63,45,24,12,12,11,35,15,0],"gold":221,"neow_bonus":"ONE_RANDOM_RARE_CARD","is_prod":false,"is_daily":false,"chose_seed":false,"campfire_upgraded":2,"win_rate":0,"timestamp":1558093628,"path_taken":["M","M","?","M","?","R","E","M","T","?","R","M","?","M","R","BOSS","M","?","M","?","?","R","E","M"],"build_version":"2019-01-23","purchased_purges":1,"victory":false,"max_hp_per_floor":[75,75,75,75,75,75,75,75,75,75,75,75,75,75,75,80,80,80,80,80,80,80,80,80,80],"card_choices":[{"not_picked":["Wild Strike","Armaments"],"picked":"Spot Weakness","floor":1},{"not_picked":["Anger","Seeing Red"],"picked":"Shrug It Off","floor":2},{"not_picked":["Sword Boomerang","Battle Trance"],"picked":"Iron Wave","floor":4},{"not_picked":["Thunderclap","Anger"],"picked":"Iron Wave","floor":5},{"not_picked":["Whirlwind","Pummel"],"picked":"Iron Wave","floor":7},{"not_picked":["Sword Boomerang+1","Second Wind"],"picked":"Warcry","floor":8},{"not_picked":["Twin Strike+1","Shrug It Off"],"picked":"Rupture","floor":12},{"not_picked":["Pummel+1","Seeing Red"],"picked":"Cleave+1","floor":14},{"not_picked":["Berserk","Dark Embrace"],"picked":"Offering","floor":16},{"not_picked":["Battle Trance","Twin Strike+1"],"picked":"Ghostly Armor+1","floor":18},{"not_picked":["Sentinel","Armaments"],"picked":"Body Slam+1","floor":20},{"not_picked":["Carnage+1","Wild Strike+1"],"picked":"Pommel Strike+1","floor":22},{"not_picked":["Perfected Strike+1","Second Wind"],"picked":"Shrug It Off","floor":24}],"player_experience":749204,"relics_obtained":[{"floor":7,"key":"Molten Egg 2"},{"floor":9,"key":"Boot"},{"floor":13,"key":"Peace Pipe"},{"floor":19,"key":"Necronomicon"},{"floor":24,"key":"War Paint"}],"event_choices":[{"damage_healed":0,"gold_gain":0,"player_choice":"Forge","damage_taken":0,"max_hp_gain":0,"max_hp_loss":0,"event_name":"Accursed Blacksmith","floor":3,"gold_loss":0,"cards_upgraded":["Shrug It Off"]},{"damage_healed":0,"gold_gain":0,"player_choice":"Obtained Book","damage_taken":21,"max_hp_gain":0,"max_hp_loss":0,"event_name":"Cursed Tome","floor":19,"gold_loss":0},{"damage_healed":0,"gold_gain":0,"player_choice":"Upgraded","damage_taken":0,"max_hp_gain":0,"max_hp_loss":0,"event_name":"Upgrade Shrine","floor":21,"gold_loss":0,"cards_upgraded":["Rupture"]}],"is_beta":false,"boss_relics":[{"not_picked":["Orrery","Black Star"],"picked":"Empty Cage"}],"items_purged_floors":[10],"is_endless":false,"potions_floor_spawned":[1,2,8,14,18,24],"killed_by":"Centurion and Healer","ascension_level":15}