{"gold_per_floor":[118,129,129,129,143,143,161,188,242,273,273,291,21,21,21,116,116,135,135,35,54,84,84,109,208,208,83,100,118,118,145,145,145],"floor_reached":33,"playtime":1235,"items_purged":["Regret","Strike_R","Writhe"],"score":293,"play_id":"68423a7b-ba32-4a14-8bd5-65dd87f145e9","local_time":"20190325190417","is_ascension_mode":false,"campfire_choices":[{"data":"Uppercut","floor":6,"key":"SMITH"},{"data":"Rampage","floor":15,"key":"SMITH"},{"floor":23,"key":"RECALL"},{"data":"Offering","floor":30,"key":"SMITH"},{"data":"Evolve","floor":32,"key":"SMITH"}],"neow_cost":"NONE","seed_source_timestamp":118106059731270,"circlet_count":0,"master_deck":["Strike_R+1","Strike_R","Strike_R","Strike_R","Defend_R+1","Defend_R","Defend_R","Defend_R+1","Bash","Uppercut+1","Intimidate+1","Sword Boomerang","Rampage+1","Offering+1","Inflame","Inflame+1","Heavy Blade","Evolve+1"],"relics":["Burning Blood","NeowsBlessing","Matryoshka","Pantograph","War Paint","Lantern","Happy Flower","Sling","Coffee Dripper","Enchiridion","Tiny Chest","Omamori","Regal Pillow","Ornamental Fan"],"potions_floor_usage":[8,8,24,24,29],"damage_taken":[{"damage":0,"enemies":"Jaw Worm","floor":1,"turns":1},{"damage":0,"enemies":"Small Slimes","floor":2,"turns":1},{"damage":0,"enemies":"Cultist","floor":5,"turns":1},{"damage":2,"enemies":"2 Fungi Beasts","floor":7,"turns":4},{"damage":11,"enemies":"3 Sentries","floor":8,"turns":6},{"damage":24,"enemies":"Gremlin Nob","floor":10,"turns":4},{"damage":4,"enemies":"Blue Slaver","floor":12,"turns":3},{"damage":46,"enemies":"Slime Boss","floor":16,"turns":12},{"damage":6,"enemies":"Chosen","floor":18,"turns":3},{"damage":11,"enemies":"Spheric Guardian","floor":21,"turns":3},{"damage":11,"enemies":"Book of Stabbing","floor":24,"turns":3},{"damage":23,"enemies":"Shelled Parasite and Fungi","floor":28,"turns":3},{"damage":12,"enemies":"Cultist and Chosen","floor":29,"turns":3},{"damage":15,"enemies":"Slavers","floor":31,"turns":4},{"damage":65,"enemies":"Collector","floor":33,"turns":8}],"seed_played":"951819290050215154","potions_obtained":[{"floor":4,"key":"BloodPotion"},{"floor":4,"key":"SneckoOil"},{"floor":4,"key":"SkillPotion"},{"floor":5,"key":"Strength Potion"},{"floor":10,"key":"Dexterity Potion"},{"floor":16,"key":"Dexterity Potion"},{"floor":18,"key":"Strength Potion"}],"is_trial":false,"path_per_floor":["M","M","?","?","M","R","M","E","T","E","?","M","$","?","R","B",null,"M","?","$","M","?","R","E","?","T","$","M","M","R","E","R","B"],"character_chosen":"IRONCLAD","items_purchased":["Sling"],"campfire_rested":0,"item_purchase_floors":[13],"current_hp_per_floor":[80,80,64,64,70,70,74,69,69,51,51,53,53,53,53,38,80,80,64,64,59,59,59,54,54,54,54,37,39,39,30,30,0],"gold":145,"neow_bonus":"THREE_ENEMY_KILL","is_prod":false,"is_daily":false,"chose_seed":false,"campfire_upgraded":4,"win_rate":0,"timestamp":1553551457,"path_taken":["M","M","?","?","M","R","?","E","T","E","?","M","$","?","R","BOSS","M","?","$","M","?","R","E","?","T","?","M","?","R","E","R","BOSS"],"build_version":"2019-01-23","purchased_purges":3,"victory":false,"max_hp_per_floor":[80,80,80,80,80,80,80,80,80,80,80,80,80,80,80,80,80,80,80,80,80,80,80,80,80,80,80,80,80,80,80,80,80],"card_choices":[{"not_picked":["Clash","Pommel Strike"],"picked":"Uppercut","floor":1},{"not_picked":["Bloodletting","Warcry"],"picked":"Intimidate","floor":2},{"not_picked":["Headbutt","Shrug It Off"],"picked":"Sword Boomerang","floor":5},{"not_picked":["Havoc","True Grit","Uppercut"],"picked":"SKIP","floor":7},{"not_picked":["Sentinel","Pommel Strike","Whirlwind"],"picked":"SKIP","floor":8},{"not_picked":["Thunderclap","Limit Break"],"picked":"Rampage","floor":10},{"not_picked":["Combust","Thunderclap","Entrench"],"picked":"SKIP","floor":12},{"not_picked":["Fiend Fire","Juggernaut"],"picked":"Offering","floor":16},{"not_picked":["Shrug It Off","Dropkick"],"picked":"Inflame","floor":18},{"not_picked":["Evolve+1","Cleave","Ghostly Armor"],"picked":"SKIP","floor":21},{"not_picked":["Heavy Blade","Uppercut+1"],"picked":"Inflame+1","floor":24},{"not_picked":["Perfected Strike","Seeing Red+1","Sever Soul"],"picked":"SKIP","floor":28},{"not_picked":["Shockwave","Second Wind+1"],"picked":"Heavy Blade","floor":29},{"not_picked":["Uppercut","Sever Soul"],"picked":"Evolve","floor":31}],"player_experience":534576,"relics_obtained":[{"floor":8,"key":"Matryoshka"},{"floor":9,"key":"Pantograph"},{"floor":9,"key":"War Paint"},{"floor":10,"key":"Lantern"},{"floor":19,"key":"Enchiridion"},{"floor":24,"key":"Omamori"},{"floor":26,"key":"Regal Pillow"},{"floor":31,"key":"Ornamental Fan"}],"event_choices":[{"damage_healed":0,"gold_gain":0,"player_choice":"Entered Light","damage_taken":16,"max_hp_gain":0,"max_hp_loss":0,"event_name":"Shining Light","floor":3,"gold_loss":0,"cards_upgraded":["Defend_R","Strike_R"]},{"damage_healed":0,"gold_gain":0,"player_choice":"Got Potions","damage_taken":0,"max_hp_gain":0,"max_hp_loss":0,"event_name":"Lab","floor":4,"gold_loss":0},{"damage_healed":0,"gold_gain":0,"player_choice":"Box","damage_taken":0,"relics_obtained":["Happy Flower"],"max_hp_gain":0,"max_hp_loss":0,"event_name":"Big Fish","floor":11,"gold_loss":0,"cards_obtained":["Regret"]},{"damage_healed":0,"gold_gain":0,"player_choice":"Leave","damage_taken":0,"max_hp_gain":0,"max_hp_loss":0,"event_name":"The Cleric","floor":14,"gold_loss":0},{"damage_healed":0,"gold_gain":0,"player_choice":"Obtained Book","damage_taken":16,"max_hp_gain":0,"max_hp_loss":0,"event_name":"Cursed Tome","floor":19,"gold_loss":0},{"damage_healed":0,"gold_gain":0,"player_choice":"Opened","damage_taken":0,"relics_obtained":["Tiny Chest"],"max_hp_gain":0,"max_hp_loss":0,"event_name":"The Mausoleum","floor":22,"gold_loss":0,"cards_obtained":["Writhe"]},{"damage_healed":0,"gold_gain":99,"player_choice":"Stole From Cult","damage_taken":0,"max_hp_gain":0,"max_hp_loss":0,"event_name":"Nest","floor":25,"gold_loss":0}],"is_beta":false,"boss_relics":[{"not_picked":["Ectoplasm","Mark of Pain"],"picked":"Coffee Dripper"}],"items_purged_floors":[13,20,27],"is_endless":false,"potions_floor_spawned":[5,7,10,16,18,21],"killed_by":"Collector","ascension_level":0}