{"gold_per_floor":[109,109,109,109,133,133,164,140,210,210,224,189,224,249,249,370,370,388,406,406,331,331,331,221,221,244,254,269,280,309,319,319,419,419,434,434,445,191,191,216,233,268,336,363,382,400,412,428,428,428,428,428,58,91,91],"floor_reached":55,"playtime":3858,"items_purged":["Strike_B","Strike_B"],"score":814,"play_id":"dcd0fbea-700c-475c-ad59-a89626e846a7","local_time":"20190415143807","is_ascension_mode":false,"campfire_choices":[{"data":"Chill","floor":6,"key":"SMITH"},{"floor":10,"key":"REST"},{"data":"Zap","floor":15,"key":"SMITH"},{"floor":23,"key":"RECALL"},{"data":"Static Discharge","floor":25,"key":"SMITH"},{"data":"Defragment","floor":32,"key":"SMITH"},{"data":"Dualcast","floor":49,"key":"SMITH"},{"data":"Creative AI","floor":52,"key":"SMITH"}],"neow_cost":"NONE","seed_source_timestamp":484284451274549,"circlet_count":0,"master_deck":["Strike_B+1","Defend_B","Defend_B","Defend_B","Zap+1","Dualcast+1","White Noise+1","Chill+1","BootSequence","Sweeping Beam","Self Repair","Ball Lightning+1","Capacitor+1","Electrodynamics","Streamline+1","Static Discharge+1","Auto Shields","Undo+1","Defragment+1","Creative AI+1","Jack Of All Trades","Bandage Up","Heatsinks","Aggregate","Barrage+1","BootSequence","Heatsinks+1","Mayhem","Leap","Chaos"],"relics":["Cracked Core","Bloody Idol","Mummified Hand","Darkstone Periapt","Singing Bowl","Ice Cream","Busted Crown","Incense Burner","Inserter","Art of War","Pen Nib","Letter Opener","Dodecahedron","Blood Vial","Whetstone","Happy Flower"],"potions_floor_usage":[7,16,28,30,33,33,37,40,40,44,50,50,55],"damage_taken":[{"damage":2,"enemies":"Jaw Worm","floor":1,"turns":5},{"damage":0,"enemies":"Small Slimes","floor":5,"turns":3},{"damage":27,"enemies":"3 Sentries","floor":7,"turns":11},{"damage":0,"enemies":"2 Louse","floor":11,"turns":1},{"damage":48,"enemies":"Gremlin Nob","floor":13,"turns":6},{"damage":1,"enemies":"Red Slaver","floor":14,"turns":3},{"damage":31,"enemies":"The Guardian","floor":16,"turns":11},{"damage":8,"enemies":"Spheric Guardian","floor":18,"turns":4},{"damage":0,"enemies":"3 Byrds","floor":19,"turns":4},{"damage":15,"enemies":"Snecko","floor":27,"turns":4},{"damage":0,"enemies":"Shelled Parasite and Fungi","floor":28,"turns":5},{"damage":0,"enemies":"Centurion and Healer","floor":29,"turns":7},{"damage":17,"enemies":"Slavers","floor":30,"turns":3},{"damage":10,"enemies":"Snake Plant","floor":31,"turns":3},{"damage":37,"enemies":"Champ","floor":33,"turns":8},{"damage":0,"enemies":"3 Shapes","floor":35,"turns":5},{"damage":0,"enemies":"3 Darklings","floor":37,"turns":4},{"damage":9,"enemies":"Giant Head","floor":40,"turns":8},{"damage":0,"enemies":"Jaw Worm Horde","floor":41,"turns":5},{"damage":59,"enemies":"Nemesis","floor":42,"turns":7},{"damage":15,"enemies":"Reptomancer","floor":44,"turns":6},{"damage":0,"enemies":"Maw","floor":45,"turns":6},{"damage":0,"enemies":"Transient","floor":46,"turns":5},{"damage":0,"enemies":"Sphere and 2 Shapes","floor":47,"turns":4},{"damage":0,"enemies":"Maw","floor":48,"turns":5},{"damage":24,"enemies":"Awakened One","floor":50,"turns":7},{"damage":18,"enemies":"Shield and Spear","floor":54,"turns":5},{"damage":105,"enemies":"The Heart","floor":55,"turns":5}],"seed_played":"-5569652417633392629","potions_obtained":[{"floor":7,"key":"Fruit Juice"},{"floor":13,"key":"SkillPotion"},{"floor":16,"key":"EssenceOfSteel"},{"floor":27,"key":"PowerPotion"},{"floor":29,"key":"GamblersBrew"},{"floor":30,"key":"Fire Potion"},{"floor":31,"key":"Explosive Potion"},{"floor":33,"key":"SpeedPotion"},{"floor":35,"key":"SpeedPotion"},{"floor":37,"key":"Swift Potion"},{"floor":42,"key":"Regen Potion"},{"floor":45,"key":"PowerPotion"},{"floor":46,"key":"Weak Potion"},{"floor":48,"key":"Swift Potion"},{"floor":54,"key":"Poison Potion"}],"is_trial":false,"path_per_floor":["M","?","?","?","M","R","E","$","T","R","M","?","E","M","R","B",null,"M","M","?","?","?","R","$","R","T","M","M","M","E","M","R","B",null,"M","?","M","$","?","E","M","E","T","E","M","M","M","M","R","B",null,"R","$","E","B"],"character_chosen":"DEFECT","items_purchased":["Sweeping Beam","Static Discharge","Art of War","Mayhem","Whetstone","Leap"],"campfire_rested":1,"item_purchase_floors":[8,24,38,53,53,53],"current_hp_per_floor":[80,80,60,60,60,60,38,38,38,64,64,85,44,50,50,26,87,88,89,89,89,89,89,89,89,89,86,89,91,91,88,88,63,93,95,90,95,95,95,97,99,58,63,64,82,100,103,105,105,92,105,105,105,103,0],"gold":91,"neow_bonus":"TEN_PERCENT_HP_BONUS","is_prod":false,"is_daily":false,"chose_seed":false,"campfire_upgraded":6,"win_rate":0,"timestamp":1555349887,"path_taken":["M","?","?","?","?","R","E","?","T","R","?","?","E","M","R","BOSS","M","M","?","?","?","R","$","R","T","M","M","M","E","?","R","BOSS","M","?","M","$","?","E","M","E","T","E","?","M","M","M","R","BOSS","R","$","E","BOSS"],"build_version":"2019-01-23","purchased_purges":2,"victory":false,"max_hp_per_floor":[82,82,82,82,82,82,87,87,87,87,87,87,87,87,87,87,87,89,89,89,89,89,89,89,89,89,89,89,91,91,93,93,93,93,95,95,95,95,95,97,99,101,101,101,101,101,103,105,105,105,105,105,105,105,105],"card_choices":[{"not_picked":["Cold Snap","Tempest"],"picked":"White Noise","floor":1},{"not_picked":["Scrape","Hologram"],"picked":"Chill","floor":5},{"not_picked":["Ball Lightning","Beam Cell"],"picked":"BootSequence","floor":7},{"not_picked":["Chill","Turbo"],"picked":"Self Repair","floor":11},{"not_picked":["Meteor Strike","Reprogram"],"picked":"Ball Lightning","floor":13},{"not_picked":["Rebound","Turbo"],"picked":"Capacitor","floor":14},{"not_picked":["Echo Form","Multi-Cast"],"picked":"Electrodynamics","floor":16},{"not_picked":["Hologram"],"picked":"Singing Bowl","floor":18},{"not_picked":[],"picked":"Streamline+1","floor":19},{"not_picked":[],"picked":"Auto Shields","floor":27},{"not_picked":[],"picked":"Undo+1","floor":28},{"not_picked":["Sunder+1"],"picked":"Singing Bowl","floor":29},{"not_picked":[],"picked":"Defragment","floor":30},{"not_picked":["Steam"],"picked":"Singing Bowl","floor":31},{"not_picked":[],"picked":"Creative AI","floor":33},{"not_picked":["Aggregate"],"picked":"Singing Bowl","floor":35},{"not_picked":[],"picked":"Jack Of All Trades","floor":36},{"not_picked":[],"picked":"Bandage Up","floor":36},{"not_picked":[],"picked":"Heatsinks","floor":37},{"not_picked":["Steam Power+1"],"picked":"Singing Bowl","floor":40},{"not_picked":["Steam+1"],"picked":"Singing Bowl","floor":41},{"not_picked":["Gash"],"picked":"Singing Bowl","floor":42},{"not_picked":[],"picked":"Barrage+1","floor":44},{"not_picked":[],"picked":"BootSequence","floor":45},{"not_picked":[],"picked":"Heatsinks+1","floor":46},{"not_picked":["Redo"],"picked":"Singing Bowl","floor":47},{"not_picked":["Turbo"],"picked":"Singing Bowl","floor":48},{"not_picked":[],"picked":"Chaos","floor":54}],"player_experience":598817,"relics_obtained":[{"floor":4,"key":"Mummified Hand"},{"floor":7,"key":"Darkstone Periapt"},{"floor":9,"key":"Singing Bowl"},{"floor":13,"key":"Ice Cream"},{"floor":30,"key":"Incense Burner"},{"floor":40,"key":"Pen Nib"},{"floor":42,"key":"Letter Opener"},{"floor":43,"key":"Dodecahedron"},{"floor":44,"key":"Blood Vial"},{"floor":54,"key":"Happy Flower"}],"event_choices":[{"damage_healed":0,"gold_gain":0,"player_choice":"Grow","damage_taken":0,"max_hp_gain":0,"max_hp_loss":0,"event_name":"Living Wall","floor":2,"gold_loss":0,"cards_upgraded":["White Noise"]},{"damage_healed":0,"gold_gain":0,"player_choice":"Take Damage","damage_taken":20,"relics_obtained":["Golden Idol"],"max_hp_gain":0,"max_hp_loss":0,"event_name":"Golden Idol","floor":3,"gold_loss":0},{"damage_healed":0,"gold_gain":0,"player_choice":"Relic","damage_taken":0,"max_hp_gain":0,"max_hp_loss":0,"event_name":"Wheel of Change","floor":4,"gold_loss":0},{"damage_healed":21,"gold_gain":0,"player_choice":"Healed","damage_taken":0,"max_hp_gain":0,"max_hp_loss":0,"event_name":"The Cleric","floor":12,"gold_loss":35},{"damage_healed":0,"gold_gain":0,"player_choice":"Gave Idol","damage_taken":0,"relics_obtained":["Bloody Idol"],"max_hp_gain":0,"max_hp_loss":0,"event_name":"Forgotten Altar","floor":20,"relics_lost":["Golden Idol"],"gold_loss":0},{"cards_removed":["Strike_B"],"damage_healed":0,"gold_gain":0,"player_choice":"Gave Gold","damage_taken":0,"max_hp_gain":0,"max_hp_loss":0,"event_name":"Beggar","floor":21,"gold_loss":75},{"damage_healed":0,"gold_gain":0,"player_choice":"Upgraded","damage_taken":0,"max_hp_gain":0,"max_hp_loss":0,"event_name":"Upgrade Shrine","floor":22,"gold_loss":0,"cards_upgraded":["Capacitor"]},{"damage_healed":0,"gold_gain":0,"player_choice":"Memory 2","damage_taken":5,"max_hp_gain":0,"max_hp_loss":0,"event_name":"SensoryStone","floor":36,"gold_loss":0},{"damage_healed":0,"gold_gain":0,"cards_transformed":["Defend_B"],"player_choice":"Transformed","damage_taken":0,"max_hp_gain":0,"max_hp_loss":0,"event_name":"Transmorgrifier","floor":39,"gold_loss":0,"cards_obtained":["Aggregate"]}],"is_beta":false,"boss_relics":[{"not_picked":["Philosopher\u0027s Stone","Black Star"],"picked":"Busted Crown"},{"not_picked":["Tiny House","White Beast Statue"],"picked":"Inserter"}],"items_purged_floors":[24,38],"is_endless":false,"potions_floor_spawned":[7,13,16,27,29,30,31,33,35,37,42,45,46,48,54],"killed_by":"The Heart","ascension_level":0}