{"gold_per_floor":[110,110,120,2,2,31,31,45,45,45,61,61,87,101,101,178,178,198,209,228,245,245,245,272,272,340,94,110,142,159,176,176,253,253,271,11,23,23,123,156,156,190,190,190,190,205,217,32,32,32,32,32,32,32,57,57],"floor_reached":57,"playtime":4094,"items_purged":["Strike_G","Strike_G","Parasite"],"score":3074,"play_id":"43ccd174-1204-4933-a9a8-4b9019e08c87","local_time":"20190406201503","is_ascension_mode":true,"campfire_choices":[{"data":"Neutralize","floor":7,"key":"SMITH"},{"data":"Noxious Fumes","floor":10,"key":"SMITH"},{"data":"Noxious Fumes","floor":12,"key":"SMITH"},{"data":"Leg Sweep","floor":15,"key":"SMITH"},{"floor":23,"key":"REST"},{"floor":25,"key":"REST"},{"floor":32,"key":"REST"},{"floor":41,"key":"RECALL"},{"floor":45,"key":"DIG"},{"floor":49,"key":"DIG"},{"floor":53,"key":"DIG"}],"neow_cost":"NONE","seed_source_timestamp":22558964027479,"circlet_count":0,"master_deck":["AscendersBane","Defend_G","Defend_G","Defend_G","Defend_G","Defend_G","Strike_G","Survivor","Neutralize+1","Flying Knee","Noxious Fumes+1","Noxious Fumes+1","Dash","Leg Sweep+1","PiercingWail","Escape Plan","Burst","Backflip+1","PiercingWail","Well Laid Plans","Backflip+1","Well Laid Plans","Catalyst+1","Wraith Form v2","Footwork","Blur+1","Dodge and Roll","Deflect","Footwork+1","Footwork","Backflip","Footwork"],"relics":["Ring of the Snake","Incense Burner","Snake Skull","Fusion Hammer","FaceOfCleric","Bag of Preparation","Pear","Potion Belt","Tingsha","Runic Pyramid","Shovel","War Paint","The Courier","Dream Catcher","Ancient Tea Set","Centennial Puzzle","Letter Opener","Unceasing Top"],"potions_floor_usage":[13,16,19,24,56,56,56,56],"damage_taken":[{"damage":0,"enemies":"Jaw Worm","floor":1,"turns":5},{"damage":6,"enemies":"Cultist","floor":3,"turns":5},{"damage":10,"enemies":"Lagavulin","floor":6,"turns":7},{"damage":0,"enemies":"2 Louse","floor":8,"turns":4},{"damage":0,"enemies":"Exordium Thugs","floor":11,"turns":5},{"damage":3,"enemies":"3 Sentries","floor":13,"turns":5},{"damage":13,"enemies":"Gremlin Gang","floor":14,"turns":6},{"damage":1,"enemies":"Hexaghost","floor":16,"turns":9},{"damage":6,"enemies":"Chosen","floor":18,"turns":6},{"damage":2,"enemies":"2 Thieves","floor":19,"turns":5},{"damage":27,"enemies":"3 Cultists","floor":20,"turns":6},{"damage":14,"enemies":"Sentry and Sphere","floor":21,"turns":5},{"damage":0,"enemies":"Gremlin Leader","floor":24,"turns":8},{"damage":0,"enemies":"Centurion and Healer","floor":28,"turns":6},{"damage":0,"enemies":"Book of Stabbing","floor":29,"turns":8},{"damage":0,"enemies":"Snake Plant","floor":30,"turns":5},{"damage":9,"enemies":"Chosen and Byrds","floor":31,"turns":4},{"damage":0,"enemies":"Collector","floor":33,"turns":7},{"damage":0,"enemies":"3 Shapes","floor":35,"turns":3},{"damage":1,"enemies":"3 Darklings","floor":37,"turns":6},{"damage":0,"enemies":"Mind Bloom Boss Battle","floor":39,"turns":6},{"damage":4,"enemies":"Giant Head","floor":40,"turns":9},{"damage":0,"enemies":"Nemesis","floor":42,"turns":7},{"damage":0,"enemies":"Sphere and 2 Shapes","floor":46,"turns":4},{"damage":0,"enemies":"Writhing Mass","floor":47,"turns":6},{"damage":4,"enemies":"Time Eater","floor":50,"turns":7},{"damage":0,"enemies":"Donu and Deca","floor":51,"turns":15},{"damage":6,"enemies":"Shield and Spear","floor":55,"turns":9},{"damage":47,"enemies":"The Heart","floor":56,"turns":12}],"seed_played":"-1007222897967146264","potions_obtained":[{"floor":6,"key":"Poison Potion"},{"floor":8,"key":"EssenceOfSteel"},{"floor":13,"key":"SpeedPotion"},{"floor":20,"key":"SkillPotion"},{"floor":28,"key":"FairyPotion"},{"floor":29,"key":"LiquidBronze"},{"floor":30,"key":"FearPotion"},{"floor":31,"key":"PowerPotion"},{"floor":35,"key":"LiquidBronze"},{"floor":40,"key":"Regen Potion"},{"floor":47,"key":"Dexterity Potion"}],"is_trial":false,"path_per_floor":["M","?","M","$","?","E","R","M","T","R","M","R","E","M","R","B",null,"M","M","M","M","?","R","E","R","T","$","M","E","M","M","R","B",null,"M","$","M","$","?","E","R","E","T","?","R","M","M","$","R","B","B",null,"R","$","E","B",null],"character_chosen":"THE_SILENT","items_purchased":["Noxious Fumes","Dash","Potion Belt","Footwork","Blur","Footwork","Backflip"],"campfire_rested":3,"item_purchase_floors":[4,4,27,36,36,48,48],"current_hp_per_floor":[65,65,59,59,52,42,42,42,42,42,42,42,39,26,26,25,60,54,52,25,11,11,32,33,54,64,64,65,66,67,59,85,86,88,89,89,89,89,90,87,87,88,88,88,88,89,90,90,90,87,88,93,93,93,88,57],"gold":57,"neow_bonus":"TEN_PERCENT_HP_BONUS","is_prod":false,"is_daily":false,"chose_seed":false,"campfire_upgraded":4,"win_rate":0,"timestamp":1554574503,"path_taken":["M","?","M","?","?","E","R","?","T","R","M","R","E","M","R","BOSS","M","M","?","M","?","R","E","R","T","$","M","E","M","M","R","BOSS","M","$","M","?","?","E","R","E","T","?","R","M","M","$","R","BOSS","BOSS","R","$","E","BOSS"],"build_version":"2019-01-23","purchased_purges":3,"victory":true,"max_hp_per_floor":[72,72,72,72,72,72,72,72,72,72,72,72,72,72,72,72,72,72,72,72,72,72,72,73,73,83,83,84,85,86,87,87,88,88,89,89,90,90,91,92,92,93,93,93,93,94,95,92,92,93,94,94,94,94,95,96],"card_choices":[{"not_picked":["Bane","Slice"],"picked":"Flying Knee","floor":1},{"not_picked":["Leg Sweep","Sucker Punch"],"picked":"Noxious Fumes","floor":3},{"not_picked":["Poisoned Stab","Crippling Poison"],"picked":"Leg Sweep","floor":6},{"not_picked":["Dagger Throw","Expertise"],"picked":"PiercingWail","floor":8},{"not_picked":["Deadly Poison","Poisoned Stab"],"picked":"Escape Plan","floor":11},{"not_picked":["Venomology","Flechettes","Endless Agony"],"picked":"SKIP","floor":13},{"not_picked":["Deadly Poison","Slice","Sucker Punch"],"picked":"SKIP","floor":14},{"not_picked":["Envenom","Glass Knife"],"picked":"Burst","floor":16},{"not_picked":["Acrobatics","Quick Slash"],"picked":"Backflip","floor":18},{"not_picked":["Sucker Punch","All Out Attack","Cloak And Dagger"],"picked":"SKIP","floor":19},{"not_picked":["Underhanded Strike","Setup"],"picked":"PiercingWail","floor":20},{"not_picked":["Outmaneuver+1","Blur"],"picked":"Well Laid Plans","floor":21},{"not_picked":["Choke","Corpse Explosion"],"picked":"Backflip+1","floor":24},{"not_picked":["Sucker Punch","Poisoned Stab"],"picked":"Well Laid Plans","floor":28},{"not_picked":["Deadly Poison","Terror"],"picked":"Catalyst+1","floor":29},{"not_picked":["Flying Knee","Terror","Deadly Poison"],"picked":"SKIP","floor":30},{"not_picked":["Backstab+1","Distraction","Prepared"],"picked":"SKIP","floor":31},{"not_picked":["Phantasmal Killer","Envenom"],"picked":"Wraith Form v2","floor":33},{"not_picked":["Bane","Backstab","Flying Knee"],"picked":"SKIP","floor":35},{"not_picked":["Underhanded Strike+1","Dagger Spray","Expertise"],"picked":"SKIP","floor":37},{"not_picked":["Skewer+1","Sucker Punch+1"],"picked":"Dodge and Roll","floor":39},{"not_picked":["Underhanded Strike","Dagger Throw+1","Terror"],"picked":"SKIP","floor":40},{"not_picked":["Skewer","Backflip"],"picked":"Deflect","floor":42},{"not_picked":["Poisoned Stab","Outmaneuver+1"],"picked":"Footwork+1","floor":46},{"not_picked":["Cloak And Dagger","Poisoned Stab","Tactician"],"picked":"SKIP","floor":47},{"not_picked":["Blur","Concentrate"],"picked":"Footwork","floor":55}],"player_experience":1087257,"relics_obtained":[{"floor":6,"key":"Incense Burner"},{"floor":13,"key":"Snake Skull"},{"floor":24,"key":"Bag of Preparation"},{"floor":26,"key":"Pear"},{"floor":29,"key":"Tingsha"},{"floor":39,"key":"Shovel"},{"floor":40,"key":"War Paint"},{"floor":42,"key":"The Courier"},{"floor":43,"key":"Dream Catcher"},{"floor":45,"key":"Ancient Tea Set"},{"floor":49,"key":"Centennial Puzzle"},{"floor":53,"key":"Letter Opener"},{"floor":55,"key":"Unceasing Top"}],"event_choices":[{"cards_removed":["Strike_G"],"damage_healed":0,"gold_gain":0,"player_choice":"Offered Basic","damage_taken":0,"max_hp_gain":0,"max_hp_loss":0,"event_name":"Bonfire Elementals","floor":2,"gold_loss":0},{"cards_removed":["Strike_G"],"damage_healed":0,"gold_gain":0,"player_choice":"Card Removal","damage_taken":7,"max_hp_gain":0,"max_hp_loss":0,"event_name":"Golden Wing","floor":5,"gold_loss":0},{"damage_healed":0,"gold_gain":0,"player_choice":"Trade","damage_taken":0,"relics_obtained":["FaceOfCleric"],"max_hp_gain":0,"max_hp_loss":0,"event_name":"FaceTrader","floor":22,"gold_loss":0},{"damage_healed":0,"gold_gain":0,"player_choice":"Fight","damage_taken":0,"max_hp_gain":0,"max_hp_loss":0,"event_name":"MindBloom","floor":39,"gold_loss":0},{"damage_healed":0,"gold_gain":0,"player_choice":"Ignored","damage_taken":0,"max_hp_gain":0,"max_hp_loss":0,"event_name":"Mysterious Sphere","floor":44,"gold_loss":0}],"is_beta":false,"boss_relics":[{"not_picked":["Calling Bell","Velvet Choker"],"picked":"Fusion Hammer"},{"not_picked":["Lizard Tail","Runic Dome"],"picked":"Runic Pyramid"}],"items_purged_floors":[27,36,48],"is_endless":false,"potions_floor_spawned":[6,8,13,20,28,29,30,31,35,40,46,47],"ascension_level":20}