{"gold_per_floor":[117,392,405,3,3,34,34,34,34,34,34,34,51,76,76,151,151,151,151,76,76,76,76,76,76,76,76,76,76,76,76,76,76],"floor_reached":33,"playtime":1405,"items_purged":["Regret"],"score":693,"play_id":"96aaa868-407b-4dff-833c-5b0380674743","local_time":"20190522224900","is_ascension_mode":true,"campfire_choices":[{"data":"Zap","floor":7.0,"key":"SMITH"},{"data":"Defragment","floor":10.0,"key":"SMITH"},{"data":"Ball Lightning","floor":12.0,"key":"SMITH"},{"data":"Conserve Battery","floor":15.0,"key":"SMITH"},{"data":"Sweeping Beam","floor":23,"key":"SMITH"},{"data":"Shame","floor":32,"key":"PURGE"}],"neow_cost":"NONE","seed_source_timestamp":41988807622045,"circlet_count":0,"master_deck":["AscendersBane","Defend_B","Defend_B","Defend_B","Defend_B","Zap+1","Dualcast","Defragment+1","Ball Lightning+1","Rip and Tear+1","Conserve Battery+1","Seek","Sweeping Beam+1","Glacier","Bite","Bite","Bite","Bite","Bite","Self Repair+1","Chill","Genetic Algorithm+1","Compile Driver+1"],"special_seed":0,"relics":["Cracked Core","NeowsBlessing","FossilizedHelix","Bag of Marbles","Ectoplasm","MutagenicStrength","Peace Pipe","Molten Egg 2","Potion Belt","Art of War","Happy Flower"],"potions_floor_usage":[24,27,31,31],"damage_taken":[{"damage":0.0,"enemies":"Small Slimes","floor":1.0,"turns":1.0},{"damage":0.0,"enemies":"Cultist","floor":3.0,"turns":1.0},{"damage":0.0,"enemies":"3 Sentries","floor":6.0,"turns":1.0},{"damage":0.0,"enemies":"Jaw Worm","floor":13.0,"turns":2.0},{"damage":3.0,"enemies":"Lagavulin","floor":14.0,"turns":6.0},{"damage":3.0,"enemies":"Slime Boss","floor":16.0,"turns":8.0},{"damage":0,"enemies":"Spheric Guardian","floor":18,"turns":3},{"damage":0,"enemies":"Shell Parasite","floor":22,"turns":3},{"damage":22,"enemies":"Book of Stabbing","floor":24,"turns":5},{"damage":31,"enemies":"Snake Plant","floor":25,"turns":8},{"damage":42,"enemies":"Slavers","floor":27,"turns":5},{"damage":0,"enemies":"Chosen and Byrds","floor":28,"turns":7},{"damage":23,"enemies":"Book of Stabbing","floor":31,"turns":5},{"damage":76,"enemies":"Collector","floor":33,"turns":7}],"seed_played":"-1404463564103175382","potions_obtained":[{"floor":3.0,"key":"Dexterity Potion"},{"floor":14.0,"key":"EssenceOfSteel"},{"floor":24,"key":"Energy Potion"},{"floor":25,"key":"Poison Potion"},{"floor":28,"key":"Explosive Potion"}],"is_trial":false,"path_per_floor":["M","?","M","$","$","E","R","?","T","R","?","R","M","E","R","B",null,"M","?","$","?","M","R","E","M","T","E","M","?","?","E","R","B"],"character_chosen":"DEFECT","items_purchased":["FossilizedHelix","Glacier"],"campfire_rested":0,"item_purchase_floors":[4,20],"current_hp_per_floor":[64,64,64,64,64,64,64,64,64,64,64,64,64,61,61,60,68,70,70,70,70,71,71,57,62,62,42,64,64,44,39,39,0],"gold":76,"neow_bonus":"THREE_ENEMY_KILL","is_prod":false,"is_daily":false,"chose_seed":false,"campfire_upgraded":5,"win_rate":0,"timestamp":1558558140,"path_taken":["M","?","?","?","$","E","R","?","T","R","?","R","?","E","R","BOSS","M","?","$","?","M","R","E","M","T","E","M","?","?","E","R","BOSS"],"build_version":"2019-01-23","purchased_purges":1,"victory":false,"max_hp_per_floor":[71,71,71,71,71,71,71,71,71,71,71,71,71,71,71,71,71,71,71,71,71,71,71,71,71,71,71,71,71,76,76,76,76],"card_choices":[{"not_picked":["Turbo","Steam"],"picked":"Defragment","floor":1.0},{"not_picked":["Sunder","Capacitor"],"picked":"Ball Lightning","floor":3.0},{"not_picked":["Compile Driver","Streamline"],"picked":"Rip and Tear","floor":6.0},{"not_picked":["Stack","Gash"],"picked":"Conserve Battery","floor":13.0},{"not_picked":["Auto Shields","Skim","Aggregate"],"picked":"SKIP","floor":14.0},{"not_picked":["All For One","Rainbow"],"picked":"Seek","floor":16.0},{"not_picked":["Rebound","Self Repair"],"picked":"Sweeping Beam","floor":18},{"not_picked":["Double Energy","Reprogram"],"picked":"Self Repair+1","floor":22},{"not_picked":["Barrage","Steam"],"picked":"Chill","floor":24},{"not_picked":["Beam Cell","Consume","Barrage"],"picked":"SKIP","floor":25},{"not_picked":["Compile Driver+1","Sunder+1"],"picked":"Genetic Algorithm+1","floor":27},{"not_picked":["Streamline+1","Sweeping Beam+1"],"picked":"Compile Driver+1","floor":28},{"not_picked":["Blizzard+1","Consume","Fusion"],"picked":"SKIP","floor":31}],"player_experience":1236688,"relics_obtained":[{"floor":6.0,"key":"Bag of Marbles"},{"floor":14.0,"key":"Blood Vial"},{"floor":24,"key":"Peace Pipe"},{"floor":26,"key":"Molten Egg 2"},{"floor":27,"key":"Potion Belt"},{"floor":31,"key":"Happy Flower"}],"event_choices":[{"damage_healed":0.0,"max_hp_gain":0.0,"max_hp_loss":0.0,"gold_gain":275.0,"event_name":"Golden Shrine","player_choice":"Desecrate","floor":2.0,"gold_loss":0.0,"damage_taken":0.0,"cards_obtained":["Regret"]},{"cards_removed":["Strike_B"],"damage_healed":0.0,"max_hp_gain":0.0,"max_hp_loss":0.0,"gold_gain":0.0,"event_name":"Living Wall","player_choice":"Forget","floor":8.0,"gold_loss":0.0,"damage_taken":0.0},{"damage_healed":0.0,"max_hp_gain":0.0,"max_hp_loss":0.0,"gold_gain":0.0,"event_name":"Accursed Blacksmith","player_choice":"Forge","floor":11.0,"gold_loss":0.0,"damage_taken":0.0,"cards_upgraded":["Rip and Tear"]},{"damage_healed":0,"gold_gain":0,"player_choice":"Inject Mutagens","damage_taken":0,"relics_obtained":["MutagenicStrength"],"max_hp_gain":0,"max_hp_loss":0,"event_name":"Drug Dealer","floor":19,"gold_loss":0},{"damage_healed":0,"gold_gain":0,"player_choice":"Became a vampire (Vial)","damage_taken":0,"max_hp_gain":0,"max_hp_loss":0,"event_name":"Vampires","floor":21,"relics_lost":["Blood Vial"],"gold_loss":0,"cards_obtained":["Bite","Bite","Bite","Bite","Bite"]},{"damage_healed":0,"gold_gain":0,"player_choice":"Stole Relic","damage_taken":0,"relics_obtained":["Art of War"],"max_hp_gain":0,"max_hp_loss":0,"event_name":"Addict","floor":29,"gold_loss":0,"cards_obtained":["Shame"]},{"damage_healed":0,"gold_gain":0,"player_choice":"Shed Blood","damage_taken":25,"max_hp_gain":5,"max_hp_loss":0,"event_name":"Forgotten Altar","floor":30,"gold_loss":0}],"is_beta":false,"boss_relics":[{"not_picked":["Inserter","Snecko Eye"],"picked":"Ectoplasm"}],"items_purged_floors":[4],"is_endless":false,"potions_floor_spawned":[3,14,24,25,28],"killed_by":"Collector","ascension_level":20}