{"gold_per_floor":[115,39,56,56,56,85,102,102,102,102,129,25,25,39,39,39],"floor_reached":16,"playtime":606,"items_purged":["Defend_R"],"score":194,"play_id":"721c1acf-b6cc-4ec9-ae4c-b81740db97f5","local_time":"20190519175023","is_ascension_mode":true,"campfire_choices":[{"data":"Iron Wave","floor":8,"key":"SMITH"},{"floor":13,"key":"REST"},{"data":"Bash","floor":15,"key":"SMITH"}],"neow_cost":"NONE","seed_source_timestamp":123001914374304,"circlet_count":0,"master_deck":["AscendersBane","Strike_R","Strike_R","Strike_R","Strike_R","Strike_R","Defend_R","Defend_R","Bash+1","Iron Wave+1","Immolate","Shrug It Off","Warcry","Rampage","Cleave","Inflame","Clash"],"relics":["Burning Blood","Omamori","Blue Candle","Potion Belt","Dream Catcher","Boot","The Courier"],"potions_floor_usage":[3,6,11],"damage_taken":[{"damage":1,"enemies":"Cultist","floor":1,"turns":4},{"damage":3,"enemies":"2 Louse","floor":3,"turns":3},{"damage":10,"enemies":"3 Sentries","floor":6,"turns":4},{"damage":2,"enemies":"Jaw Worm","floor":7,"turns":4},{"damage":24,"enemies":"Gremlin Nob","floor":11,"turns":5},{"damage":0,"enemies":"2 Fungi Beasts","floor":14,"turns":2},{"damage":52,"enemies":"Slime Boss","floor":16,"turns":7}],"seed_played":"5618763607066609558","potions_obtained":[{"floor":1,"key":"EssenceOfSteel"},{"floor":3,"key":"Explosive Potion"},{"floor":7,"key":"Swift Potion"}],"is_trial":false,"path_per_floor":["M","$","M","?","T","E","M","R","T","?","E","$","R","M","R","B"],"character_chosen":"IRONCLAD","items_purchased":["Immolate","Cleave"],"campfire_rested":1,"item_purchase_floors":[2,12],"current_hp_per_floor":[73,73,75,68,68,64,68,68,68,33,15,15,37,43,43,0],"gold":39,"neow_bonus":"RANDOM_COMMON_RELIC","is_prod":false,"is_daily":false,"chose_seed":false,"campfire_upgraded":2,"win_rate":0,"timestamp":1558299023,"path_taken":["M","?","M","?","?","E","M","R","T","?","E","$","R","M","R","BOSS"],"build_version":"2019-01-23","purchased_purges":1,"victory":false,"max_hp_per_floor":[75,75,75,75,75,75,75,75,75,75,75,75,75,75,75,75],"card_choices":[{"not_picked":["Reckless Charge","Perfected Strike"],"picked":"Iron Wave","floor":1},{"not_picked":["Anger","Heavy Blade"],"picked":"Shrug It Off","floor":3},{"not_picked":["Perfected Strike","Entrench"],"picked":"Warcry","floor":6},{"not_picked":["Second Wind","True Grit","Infernal Blade"],"picked":"SKIP","floor":7},{"not_picked":["Metallicize","Flame Barrier"],"picked":"Rampage","floor":11},{"not_picked":["Heavy Blade","Wild Strike"],"picked":"Inflame","floor":13},{"not_picked":["Havoc","Entrench"],"picked":"Clash","floor":14}],"player_experience":765082,"relics_obtained":[{"floor":5,"key":"Blue Candle"},{"floor":6,"key":"Potion Belt"},{"floor":9,"key":"Dream Catcher"},{"floor":11,"key":"The Courier"}],"event_choices":[{"cards_removed":["Defend_R"],"damage_healed":0,"gold_gain":0,"player_choice":"Card Removal","damage_taken":7,"max_hp_gain":0,"max_hp_loss":0,"event_name":"Golden Wing","floor":4,"gold_loss":0},{"damage_healed":0,"gold_gain":0,"player_choice":"Success","damage_taken":35,"relics_obtained":["Boot"],"max_hp_gain":0,"max_hp_loss":0,"event_name":"Scrap Ooze","floor":10,"gold_loss":0}],"is_beta":false,"boss_relics":[],"items_purged_floors":[12],"is_endless":false,"potions_floor_spawned":[1,3,7],"killed_by":"Slime Boss","ascension_level":16}