{"gold_per_floor":[117,134,134,134,144,179,195,195,195,195,220,220,70,87,87,186,186,198,198,208,208,226,254,254,289,289,308,324,344,370,382,382,481,481,494,304,304,315,315],"floor_reached":39,"playtime":6406,"items_purged":["Neutralize"],"score":805,"play_id":"f6d04c1d-f147-49b2-ac84-ff88fb967a73","local_time":"20190611162122","is_ascension_mode":true,"campfire_choices":[{"data":"Night Terror","floor":8.0,"key":"SMITH"},{"data":"Catalyst","floor":10.0,"key":"SMITH"},{"floor":15.0,"key":"REST"},{"floor":24.0,"key":"REST"},{"floor":32,"key":"REST"}],"neow_cost":"NONE","seed_source_timestamp":0,"circlet_count":0,"master_deck":["AscendersBane","Defend_G+1","Defend_G+1","Defend_G+1","Defend_G+1","Defend_G+1","Strike_G+1","Strike_G+1","Strike_G+1","Strike_G+1","Strike_G+1","Survivor","Noxious Fumes+1","Backflip+1","Night Terror+1","Catalyst+1","Escape Plan","Adrenaline+1","Footwork+1","Catalyst+1","Infinite Blades+1","Die Die Die","Adrenaline","Caltrops+1","Accuracy","Leg Sweep","Accuracy+1"],"special_seed":0,"relics":["Ring of the Snake","Ornamental Fan","Gremlin Horn","Singing Bowl","Regal Pillow","WristBlade","Bronze Scales","Potion Belt","Bottled Tornado","Prayer Wheel","Velvet Choker"],"potions_floor_usage":[],"damage_taken":[{"damage":1.0,"enemies":"Cultist","floor":1.0,"turns":5.0},{"damage":7.0,"enemies":"2 Louse","floor":2.0,"turns":3.0},{"damage":11.0,"enemies":"Small Slimes","floor":5.0,"turns":6.0},{"damage":18.0,"enemies":"Lagavulin","floor":6.0,"turns":8.0},{"damage":4.0,"enemies":"2 Fungi Beasts","floor":7.0,"turns":4.0},{"damage":7.0,"enemies":"3 Sentries","floor":11.0,"turns":7.0},{"damage":0.0,"enemies":"Red Slaver","floor":14.0,"turns":4.0},{"damage":37.0,"enemies":"Hexaghost","floor":16.0,"turns":9.0},{"damage":2.0,"enemies":"3 Byrds","floor":18.0,"turns":6.0},{"damage":1.0,"enemies":"Chosen","floor":20.0,"turns":6.0},{"damage":2.0,"enemies":"Snake Plant","floor":22.0,"turns":3.0},{"damage":51.0,"enemies":"Slavers","floor":23.0,"turns":7.0},{"damage":0.0,"enemies":"Book of Stabbing","floor":25.0,"turns":4.0},{"damage":0.0,"enemies":"Centurion and Healer","floor":27.0,"turns":6.0},{"damage":9.0,"enemies":"Chosen and Byrds","floor":28.0,"turns":5.0},{"damage":28.0,"enemies":"Snake Plant","floor":29.0,"turns":4.0},{"damage":15.0,"enemies":"Slavers","floor":30.0,"turns":6.0},{"damage":2,"enemies":"3 Cultists","floor":31,"turns":4},{"damage":42,"enemies":"Collector","floor":33,"turns":8},{"damage":8,"enemies":"3 Shapes","floor":35,"turns":4},{"damage":16,"enemies":"3 Darklings","floor":38,"turns":5},{"damage":64,"enemies":"Transient","floor":39,"turns":4}],"seed_played":"-3205395209535940580","potions_obtained":[{"floor":1.0,"key":"Dexterity Potion"},{"floor":7.0,"key":"FearPotion"},{"floor":11.0,"key":"SkillPotion"},{"floor":16.0,"key":"Block Potion"},{"floor":18.0,"key":"Fire Potion"},{"floor":23.0,"key":"Block Potion"},{"floor":29.0,"key":"Dexterity Potion"},{"floor":30,"key":"Ancient Potion"}],"is_trial":false,"path_per_floor":["M","M","?","?","M","E","M","R","T","R","E","?","$","M","R","B",null,"M","?","M","?","M","E","R","E","T","M","M","M","E","M","R","B",null,"M","$","?","M","M"],"character_chosen":"THE_SILENT","items_purchased":["Regal Pillow","Accuracy","Leg Sweep"],"campfire_rested":3,"item_purchase_floors":[13,36,36],"current_hp_per_floor":[69,62,62,67,56,38,34,34,34,34,27,11,11,13,53,16,67,65,65,64,64,62,13,53,53,53,55,48,22,9,11,55,13,77,71,71,71,57,0],"gold":315,"neow_bonus":"TEN_PERCENT_HP_BONUS","is_prod":false,"is_daily":false,"chose_seed":false,"campfire_upgraded":2,"win_rate":0,"timestamp":1560280882,"path_taken":["M","M","?","?","M","E","M","R","T","R","E","?","$","M","R","BOSS","M","?","M","?","M","E","R","E","T","M","?","M","E","M","R","BOSS","M","$","?","?","M"],"build_version":"2019-01-23","purchased_purges":1,"victory":false,"max_hp_per_floor":[77,77,77,82,82,82,82,82,82,82,82,82,82,84,84,84,84,84,84,84,84,84,86,86,86,86,88,90,92,94,98,98,98,98,100,100,100,102,102],"card_choices":[{"not_picked":["Riddle With Holes","Flying Knee"],"picked":"Noxious Fumes","floor":1.0},{"not_picked":["Quick Slash","Finisher"],"picked":"Endless Agony","floor":2.0},{"not_picked":["Acrobatics","Underhanded Strike"],"picked":"Backflip","floor":5.0},{"not_picked":["Well Laid Plans","Choke"],"picked":"Night Terror","floor":6.0},{"not_picked":["Cloak And Dagger","Deflect"],"picked":"Catalyst","floor":7.0},{"not_picked":["Quick Slash","Flechettes"],"picked":"Escape Plan","floor":11.0},{"not_picked":["Deflect","Flying Knee","Predator"],"picked":"Singing Bowl","floor":14.0},{"not_picked":["Wraith Form v2","Doppelganger"],"picked":"Adrenaline","floor":16.0},{"not_picked":["Outmaneuver","Tactician"],"picked":"Footwork+1","floor":18.0},{"not_picked":["Cloak And Dagger","Backflip"],"picked":"Catalyst+1","floor":20.0},{"not_picked":["Dodge and Roll","Flechettes+1"],"picked":"Infinite Blades+1","floor":22.0},{"not_picked":["Choke","Quick Slash","Dagger Spray+1"],"picked":"Singing Bowl","floor":23.0},{"not_picked":["Dagger Throw","Bane"],"picked":"Die Die Die","floor":25.0},{"not_picked":["Masterful Stab+1","Dagger Spray","Outmaneuver"],"picked":"Singing Bowl","floor":27.0},{"not_picked":["Bouncing Flask","Dagger Throw","Backflip"],"picked":"Singing Bowl","floor":28.0},{"not_picked":["Underhanded Strike+1","Bane","Prepared"],"picked":"Singing Bowl","floor":29.0},{"not_picked":["Prepared","Tools of the Trade","Bane"],"picked":"Singing Bowl","floor":30},{"not_picked":["Backflip+1","Heel Hook+1","Poisoned Stab"],"picked":"Singing Bowl","floor":31},{"not_picked":["Slice+1","Storm of Steel","Dagger Throw"],"picked":"Singing Bowl","floor":31},{"not_picked":["Burst","Venomology"],"picked":"Adrenaline","floor":33},{"not_picked":["Finisher+1","Dagger Spray+1","Deflect"],"picked":"Singing Bowl","floor":35},{"not_picked":["Poisoned Stab","Sucker Punch"],"picked":"Caltrops+1","floor":35},{"not_picked":["Backflip","Bane"],"picked":"Accuracy+1","floor":38},{"not_picked":["Leg Sweep+1","Skewer+1","Blade Dance"],"picked":"Singing Bowl","floor":38}],"player_experience":980120,"relics_obtained":[{"floor":6.0,"key":"Ornamental Fan"},{"floor":9.0,"key":"Gremlin Horn"},{"floor":11.0,"key":"Singing Bowl"},{"floor":23.0,"key":"Bronze Scales"},{"floor":25.0,"key":"Potion Belt"},{"floor":26.0,"key":"Bottled Tornado"},{"floor":30,"key":"Prayer Wheel"}],"event_choices":[{"damage_healed":0.0,"max_hp_gain":0.0,"max_hp_loss":0.0,"gold_gain":0.0,"event_name":"Living Wall","player_choice":"Grow","floor":3.0,"gold_loss":0.0,"damage_taken":0.0,"cards_upgraded":["Noxious Fumes"]},{"damage_healed":0.0,"max_hp_gain":5.0,"max_hp_loss":0.0,"gold_gain":0.0,"event_name":"Big Fish","player_choice":"Donut","floor":4.0,"gold_loss":0.0,"damage_taken":0.0},{"damage_healed":0.0,"max_hp_gain":0.0,"max_hp_loss":0.0,"gold_gain":0.0,"event_name":"Shining Light","player_choice":"Entered Light","floor":12.0,"gold_loss":0.0,"damage_taken":16.0,"cards_upgraded":["Backflip","Strike_G"]},{"damage_healed":0.0,"max_hp_gain":0.0,"max_hp_loss":0.0,"gold_gain":0.0,"event_name":"Back to Basics","player_choice":"Simplicity","floor":19.0,"gold_loss":0.0,"damage_taken":0.0,"cards_upgraded":["Defend_G","Defend_G","Defend_G","Defend_G","Defend_G","Strike_G","Strike_G","Strike_G","Strike_G"]},{"damage_healed":0.0,"max_hp_gain":0.0,"max_hp_loss":0.0,"gold_gain":0.0,"event_name":"Upgrade Shrine","player_choice":"Upgraded","floor":21.0,"gold_loss":0.0,"damage_taken":0.0,"cards_upgraded":["Adrenaline"]},{"cards_removed":["Endless Agony"],"damage_healed":0,"gold_gain":0,"player_choice":"Purged","damage_taken":0,"max_hp_gain":0,"max_hp_loss":0,"event_name":"Purifier","floor":37,"gold_loss":0}],"is_beta":false,"boss_relics":[{"not_picked":["Black Star","Orrery"],"picked":"WristBlade"},{"not_picked":["Coffee Dripper","HoveringKite"],"picked":"Velvet Choker"}],"items_purged_floors":[36],"is_endless":false,"potions_floor_spawned":[1,7,11,16,18,23,29,30],"killed_by":"Transient","ascension_level":10}