{"gold_per_floor":[118,118,135,135,153,183,183,33,87,115,130,130,160,176,176,253,253,271,290,306,306],"floor_reached":21,"playtime":1093,"items_purged":["Strike_G"],"score":402,"play_id":"40aae701-2ba2-4b33-8c50-9f038d2265a8","local_time":"20190202232159","is_ascension_mode":true,"campfire_choices":[{"floor":7,"key":"REST"},{"data":"Crippling Poison","floor":15,"key":"SMITH"}],"neow_cost":"NONE","seed_source_timestamp":39590260839898,"circlet_count":0,"master_deck":["AscendersBane","Defend_G","Defend_G","Defend_G","Defend_G","Defend_G","Strike_G","Strike_G","Strike_G","Survivor","Neutralize","Cloak And Dagger","Masterful Stab","Poisoned Stab","Well Laid Plans","Crippling Poison+1","Crippling Poison","Dagger Spray","Backstab","Backstab","Adrenaline","Bouncing Flask","Bane+1","PiercingWail"],"relics":["Ring of the Snake","NeowsBlessing","Singing Bowl","Anchor","Smiling Mask","Sundial","NlothsMask","Blood Vial","Velvet Choker"],"potions_floor_usage":[10,16,21],"damage_taken":[{"damage":0,"enemies":"2 Louse","floor":1,"turns":1},{"damage":0,"enemies":"Cultist","floor":3,"turns":1},{"damage":0,"enemies":"Jaw Worm","floor":5,"turns":1},{"damage":40,"enemies":"3 Sentries","floor":6,"turns":17},{"damage":21,"enemies":"Lagavulin","floor":10,"turns":9},{"damage":1,"enemies":"Lots of Slimes","floor":11,"turns":3},{"damage":12,"enemies":"3 Sentries","floor":13,"turns":11},{"damage":2,"enemies":"2 Fungi Beasts","floor":14,"turns":3},{"damage":18,"enemies":"The Guardian","floor":16,"turns":13},{"damage":9,"enemies":"Shell Parasite","floor":18,"turns":4},{"damage":0,"enemies":"3 Byrds","floor":19,"turns":3},{"damage":35,"enemies":"Shelled Parasite and Fungi","floor":20,"turns":6},{"damage":15,"enemies":"Snecko","floor":21,"turns":3}],"seed_played":"5104374011496358855","potions_obtained":[{"floor":6,"key":"Regen Potion"},{"floor":11,"key":"SkillPotion"},{"floor":13,"key":"Ancient Potion"},{"floor":14,"key":"AttackPotion"},{"floor":16,"key":"GamblersBrew"},{"floor":20,"key":"FearPotion"}],"is_trial":false,"path_per_floor":["M","?","M","T","M","E","R","$","T","E","M","?","E","M","R","B",null,"M","M","M","M"],"character_chosen":"THE_SILENT","items_purchased":["Crippling Poison"],"campfire_rested":1,"item_purchase_floors":[8],"current_hp_per_floor":[59,59,59,59,59,19,38,38,38,32,31,31,19,19,19,3,50,43,45,12,0],"gold":306,"neow_bonus":"THREE_ENEMY_KILL","is_prod":false,"is_daily":false,"chose_seed":false,"campfire_upgraded":1,"win_rate":0,"timestamp":1549146119,"path_taken":["M","?","?","?","?","E","R","$","T","E","M","?","E","M","R","BOSS","M","M","M","M"],"build_version":"2019-01-23","purchased_purges":1,"victory":false,"max_hp_per_floor":[66,66,66,66,66,66,66,66,66,66,66,66,66,66,66,66,66,66,66,66,66],"card_choices":[{"not_picked":["Blade Dance","PiercingWail"],"picked":"Cloak And Dagger","floor":1},{"not_picked":["Acrobatics","Caltrops"],"picked":"Masterful Stab","floor":3},{"not_picked":["Deadly Poison","Blade Dance"],"picked":"Poisoned Stab","floor":5},{"not_picked":["Wraith Form v2","Accuracy"],"picked":"Well Laid Plans","floor":6},{"not_picked":["Blade Dance","Quick Slash"],"picked":"Crippling Poison","floor":10},{"not_picked":["PiercingWail","Deflect"],"picked":"Dagger Spray","floor":11},{"not_picked":["Quick Slash","Flying Knee"],"picked":"Backstab","floor":13},{"not_picked":["Backflip","Infinite Blades"],"picked":"Backstab","floor":14},{"not_picked":["Corpse Explosion","Night Terror"],"picked":"Adrenaline","floor":16},{"not_picked":["Terror","Dagger Throw"],"picked":"Bouncing Flask","floor":18},{"not_picked":["Flechettes","Choke"],"picked":"Bane+1","floor":19},{"not_picked":["Endless Agony","Reflex"],"picked":"PiercingWail","floor":20}],"player_experience":848526,"relics_obtained":[{"floor":4,"key":"Singing Bowl"},{"floor":6,"key":"Anchor"},{"floor":9,"key":"Smiling Mask"},{"floor":10,"key":"Sundial"},{"floor":13,"key":"Blood Vial"}],"event_choices":[{"cards_removed":["Strike_G"],"damage_healed":0,"gold_gain":0,"player_choice":"Card Removal","damage_taken":0,"max_hp_gain":0,"max_hp_loss":0,"event_name":"Wheel of Change","floor":2,"gold_loss":0},{"damage_healed":0,"gold_gain":0,"player_choice":"Trade","damage_taken":0,"relics_obtained":["NlothsMask"],"max_hp_gain":0,"max_hp_loss":0,"event_name":"FaceTrader","floor":12,"gold_loss":0}],"is_beta":false,"boss_relics":[{"not_picked":["Snecko Eye","Runic Dome"],"picked":"Velvet Choker"}],"items_purged_floors":[8],"is_endless":false,"potions_floor_spawned":[6,11,13,14,16,20],"killed_by":"Snecko","ascension_level":20}