{"gold_per_floor":[114,114,131,142,159,159,189,189,189,223,223,240,259,289,289,366,366,386,13,33,5,5,40,40,75,100,80,93,124,124,134,134,134],"floor_reached":33,"playtime":2584,"items_purged":["Strike_R"],"score":650,"play_id":"494b688d-347f-4995-9f17-bedb84563b20","local_time":"20190522233422","is_ascension_mode":true,"campfire_choices":[{"data":"Bash","floor":6,"key":"SMITH"},{"floor":8,"key":"REST"},{"data":"Cleave","floor":11,"key":"SMITH"},{"data":"Uppercut","floor":15,"key":"SMITH"},{"data":"Whirlwind","floor":24,"key":"SMITH"},{"data":"Rage","floor":30,"key":"SMITH"},{"floor":32,"key":"REST"}],"neow_cost":"NONE","seed_source_timestamp":43585581299429,"circlet_count":0,"master_deck":["AscendersBane","Strike_R","Strike_R+1","Strike_R","Defend_R+1","Defend_R+1","Defend_R","Defend_R","Bash+1","Cleave+1","Anger+1","Double Tap","Metallicize","Whirlwind+1","Uppercut+1","Flame Barrier","Feed","Headbutt+1","Shrug It Off","Armaments","Spot Weakness","Rage+1"],"relics":["Burning Blood","Orichalcum","WingedGreaves","Self Forming Clay","Paper Frog","Shuriken","Busted Crown","Membership Card","Whetstone","Bag of Preparation","Regal Pillow","Red Skull","War Paint"],"potions_floor_usage":[10,12,16,23,29],"damage_taken":[{"damage":25,"enemies":"Small Slimes","floor":1,"turns":7},{"damage":0,"enemies":"Cultist","floor":3,"turns":3},{"damage":8,"enemies":"Jaw Worm","floor":4,"turns":4},{"damage":15,"enemies":"3 Louse","floor":5,"turns":3},{"damage":34,"enemies":"3 Sentries","floor":7,"turns":9},{"damage":11,"enemies":"Gremlin Nob","floor":10,"turns":4},{"damage":6,"enemies":"Lots of Slimes","floor":12,"turns":3},{"damage":4,"enemies":"Blue Slaver","floor":13,"turns":3},{"damage":19,"enemies":"3 Sentries","floor":14,"turns":5},{"damage":11,"enemies":"Hexaghost","floor":16,"turns":9},{"damage":18,"enemies":"Shell Parasite","floor":18,"turns":4},{"damage":6,"enemies":"3 Byrds","floor":20,"turns":4},{"damage":4,"enemies":"Gremlin Leader","floor":23,"turns":4},{"damage":10,"enemies":"Book of Stabbing","floor":25,"turns":3},{"damage":9,"enemies":"Centurion and Healer","floor":28,"turns":7},{"damage":12,"enemies":"Slavers","floor":29,"turns":9},{"damage":26,"enemies":"Snake Plant","floor":31,"turns":7},{"damage":84,"enemies":"Automaton","floor":33,"turns":8}],"seed_played":"3350439095406750435","potions_obtained":[{"floor":4,"key":"BloodPotion"},{"floor":7,"key":"Block Potion"},{"floor":10,"key":"SkillPotion"},{"floor":12,"key":"SteroidPotion"},{"floor":13,"key":"Poison Potion"},{"floor":25,"key":"Dexterity Potion"},{"floor":28,"key":"Fire Potion"},{"floor":31,"key":"Weak Potion"}],"is_trial":false,"path_per_floor":["M","?","M","M","M","R","E","R","T","E","R","M","M","E","R","B",null,"M","$","M","$","?","E","R","E","T","?","M","E","R","M","R","B"],"character_chosen":"IRONCLAD","items_purchased":["Membership Card","Whetstone","Shrug It Off","Strength Potion"],"campfire_rested":2,"item_purchase_floors":[19,19,19,21],"current_hp_per_floor":[49,49,55,53,44,44,16,38,38,33,33,40,42,29,29,24,62,53,53,56,56,56,58,58,54,54,54,54,51,51,34,76,0],"gold":134,"neow_bonus":"REMOVE_CARD","is_prod":false,"is_daily":false,"chose_seed":false,"campfire_upgraded":5,"win_rate":0,"timestamp":1558560862,"path_taken":["M","?","M","M","M","R","E","R","T","E","R","?","M","E","R","BOSS","M","$","M","?","?","E","R","E","T","?","M","E","R","M","R","BOSS"],"build_version":"2019-01-23","purchased_purges":1,"victory":false,"max_hp_per_floor":[75,75,75,75,75,75,75,75,75,75,75,75,75,75,75,75,75,78,78,81,81,81,81,81,81,81,81,84,87,87,90,90,90],"card_choices":[{"not_picked":["Searing Blow","Flex"],"picked":"Perfected Strike","floor":1},{"not_picked":["Blood for Blood","Corruption","Shrug It Off"],"picked":"SKIP","floor":3},{"not_picked":["Blood for Blood","Clash"],"picked":"Cleave","floor":4},{"not_picked":["Clash","Body Slam"],"picked":"Anger","floor":5},{"not_picked":["Reckless Charge","Bloodletting"],"picked":"Double Tap","floor":7},{"not_picked":["Clash","Seeing Red"],"picked":"Metallicize","floor":10},{"not_picked":["Cleave","Pommel Strike"],"picked":"Whirlwind","floor":12},{"not_picked":["Thunderclap","Heavy Blade"],"picked":"Uppercut","floor":13},{"not_picked":["Heavy Blade","True Grit"],"picked":"Flame Barrier","floor":14},{"not_picked":["Fiend Fire","Barricade"],"picked":"Feed","floor":16},{"not_picked":[],"picked":"Headbutt+1","floor":18},{"not_picked":["Infernal Blade"],"picked":"SKIP","floor":20},{"not_picked":["Bludgeon"],"picked":"SKIP","floor":23},{"not_picked":["Anger"],"picked":"SKIP","floor":25},{"not_picked":[],"picked":"Spot Weakness","floor":28},{"not_picked":[],"picked":"Rage","floor":29},{"not_picked":["Second Wind"],"picked":"SKIP","floor":31}],"player_experience":1238093,"relics_obtained":[{"floor":7,"key":"WingedGreaves"},{"floor":9,"key":"Self Forming Clay"},{"floor":10,"key":"Paper Frog"},{"floor":14,"key":"Shuriken"},{"floor":23,"key":"Bag of Preparation"},{"floor":25,"key":"Regal Pillow"},{"floor":26,"key":"Red Skull"},{"floor":29,"key":"War Paint"}],"event_choices":[{"cards_removed":["Perfected Strike"],"damage_healed":0,"gold_gain":0,"player_choice":"Gave Card","damage_taken":0,"relics_obtained":["Orichalcum"],"max_hp_gain":0,"max_hp_loss":0,"event_name":"WeMeetAgain","floor":2,"gold_loss":0},{"damage_healed":0,"gold_gain":0,"player_choice":"Read","damage_taken":0,"max_hp_gain":0,"max_hp_loss":0,"event_name":"The Library","floor":22,"gold_loss":0,"cards_obtained":["Armaments"]},{"damage_healed":0,"gold_gain":0,"player_choice":"Bought 1 Potion","damage_taken":0,"max_hp_gain":0,"max_hp_loss":0,"event_name":"The Woman in Blue","floor":27,"gold_loss":0}],"is_beta":false,"boss_relics":[{"not_picked":["Coffee Dripper","Astrolabe"],"picked":"Busted Crown"}],"items_purged_floors":[19],"is_endless":false,"potions_floor_spawned":[4,7,10,12,13,25,28,31],"killed_by":"Automaton","ascension_level":20}