{"gold_per_floor":[368,518,518,535,406,406,156,156,238,565,565,583,618,632,632,707,707,727,746,766,798,134,134,150,150,150,184,200,226,246,281,281,358,358,376,376,392,614,131,164,164,193,218,232,242,261,261,241,241,241,241,241,241,21,54,54],"floor_reached":56,"playtime":3861,"items_purged":["Strike_B","Strike_B","Strike_B","Strike_B"],"score":2024,"play_id":"5c95e2ac-a7ed-4921-bbb1-c00dc8fd036b","local_time":"20190304182449","is_ascension_mode":true,"campfire_choices":[{"data":"Zap","floor":6,"key":"SMITH"},{"data":"Rip and Tear","floor":8,"key":"SMITH"},{"data":"Static Discharge","floor":11,"key":"SMITH"},{"data":"Defragment","floor":15,"key":"SMITH"},{"data":"Biased Cognition","floor":23,"key":"SMITH"},{"data":"Seek","floor":25,"key":"SMITH"},{"data":"Loop","floor":32,"key":"SMITH"},{"data":"Defragment","floor":41,"key":"SMITH"},{"floor":47,"key":"RECALL"},{"data":"Skim","floor":49,"key":"SMITH"},{"data":"Hologram","floor":53,"key":"SMITH"}],"neow_cost":"TEN_PERCENT_HP_LOSS","seed_source_timestamp":18262995474562,"circlet_count":0,"master_deck":["AscendersBane","Defend_B","Defend_B+1","Defend_B","Defend_B","Zap+1","Dualcast+1","Cold Snap","Rip and Tear+1","Flash of Steel","Static Discharge+1","Defragment+1","Biased Cognition+1","Skim+1","Heatsinks+1","Cold Snap","Undo","Seek+1","Storm","White Noise","Loop+1","Recycle","Reinforced Body+1","Undo+1","Core Surge","Loop+1","Defragment+1","Hologram+1","Capacitor","Reinforced Body","Glacier+1"],"relics":["Cracked Core","Spirit Poop","Meat on the Bone","Old Coin","Pen Nib","Coffee Dripper","Red Mask","Thread and Needle","Cables","Bronze Scales","Pear","Cursed Key","Anchor","Boot","Omamori","Bag of Marbles","War Paint"],"potions_floor_usage":[13,18,19,31,33,40,42,50,50,56,56],"damage_taken":[{"damage":7,"enemies":"Jaw Worm","floor":1,"turns":4},{"damage":0,"enemies":"Small Slimes","floor":4,"turns":2},{"damage":7,"enemies":"Gremlin Nob","floor":10,"turns":3},{"damage":0,"enemies":"Cultist","floor":12,"turns":3},{"damage":12,"enemies":"3 Sentries","floor":13,"turns":6},{"damage":6,"enemies":"Gremlin Gang","floor":14,"turns":3},{"damage":20,"enemies":"Hexaghost","floor":16,"turns":7},{"damage":9,"enemies":"2 Thieves","floor":18,"turns":3},{"damage":17,"enemies":"Shell Parasite","floor":19,"turns":4},{"damage":19,"enemies":"Centurion and Healer","floor":20,"turns":3},{"damage":11,"enemies":"Masked Bandits","floor":21,"turns":2},{"damage":9,"enemies":"Snake Plant","floor":24,"turns":2},{"damage":14,"enemies":"Book of Stabbing","floor":27,"turns":4},{"damage":6,"enemies":"Snecko","floor":28,"turns":3},{"damage":8,"enemies":"Gremlin Leader","floor":29,"turns":4},{"damage":3,"enemies":"Centurion and Healer","floor":30,"turns":3},{"damage":2,"enemies":"Book of Stabbing","floor":31,"turns":5},{"damage":0,"enemies":"Champ","floor":33,"turns":8},{"damage":0,"enemies":"Orb Walker","floor":35,"turns":3},{"damage":0,"enemies":"3 Shapes","floor":37,"turns":3},{"damage":9,"enemies":"Nemesis","floor":40,"turns":5},{"damage":47,"enemies":"Reptomancer","floor":42,"turns":4},{"damage":0,"enemies":"Transient","floor":44,"turns":6},{"damage":8,"enemies":"Maw","floor":45,"turns":5},{"damage":0,"enemies":"Sphere and 2 Shapes","floor":46,"turns":3},{"damage":34,"enemies":"Awakened One","floor":50,"turns":24},{"damage":1,"enemies":"Donu and Deca","floor":51,"turns":9},{"damage":45,"enemies":"Shield and Spear","floor":55,"turns":3},{"damage":30,"enemies":"The Heart","floor":56,"turns":3}],"seed_played":"-3855632945798384672","potions_obtained":[{"floor":4,"key":"EssenceOfSteel"},{"floor":16,"key":"Energy Potion"},{"floor":18,"key":"FearPotion"},{"floor":21,"key":"Strength Potion"},{"floor":28,"key":"Poison Potion"},{"floor":31,"key":"Block Potion"},{"floor":33,"key":"Explosive Potion"},{"floor":40,"key":"Swift Potion"},{"floor":45,"key":"SneckoOil"},{"floor":46,"key":"GamblersBrew"},{"floor":55,"key":"Explosive Potion"}],"is_trial":false,"path_per_floor":["M","?","?","M","$","R","$","R","T","E","R","M","E","M","R","B",null,"M","M","M","?","$","R","M","R","T","E","M","E","M","E","R","B",null,"M","?","M","?","$","E","R","E","T","M","M","M","R","?","R","B","B",null,"R","$","E","B"],"character_chosen":"DEFECT","items_purchased":["Fire Potion","Rip and Tear","Flash of Steel","Thread and Needle","Seek","Storm","Anchor","Defragment","Ancient Potion","Capacitor","Reinforced Body","Energy Potion"],"campfire_rested":0,"item_purchase_floors":[5,7,7,22,22,22,39,39,39,54,54,54],"current_hp_per_floor":[57,57,57,57,57,57,57,57,57,50,50,50,38,44,44,36,57,48,43,36,37,37,37,40,40,40,38,44,36,33,53,53,53,69,69,69,69,69,69,60,60,25,25,37,41,41,41,41,41,19,30,63,63,63,30,0],"gold":54,"neow_bonus":"TWO_FIFTY_GOLD","is_prod":false,"is_daily":false,"chose_seed":false,"campfire_upgraded":10,"win_rate":0,"timestamp":1551720289,"path_taken":["M","?","?","?","$","R","$","R","T","E","R","?","E","M","R","BOSS","M","M","M","?","$","R","M","R","T","E","M","E","M","E","R","BOSS","M","?","?","?","$","E","R","E","T","M","M","M","R","?","R","BOSS","BOSS","R","$","E","BOSS"],"build_version":"2019-01-23","purchased_purges":4,"victory":false,"max_hp_per_floor":[64,64,64,64,64,64,64,64,64,64,64,64,64,64,64,64,64,64,64,64,64,64,64,64,64,64,64,64,64,64,74,74,74,74,74,74,74,74,74,74,74,74,74,74,74,74,74,74,74,74,74,74,74,74,74,74],"card_choices":[{"not_picked":["Steam","Turbo","Aggregate"],"picked":"SKIP","floor":1},{"not_picked":["Coolheaded","Heatsinks"],"picked":"Cold Snap","floor":4},{"not_picked":["Double Energy","Steam"],"picked":"Static Discharge","floor":10},{"not_picked":["Beam Cell","Storm"],"picked":"Defragment","floor":12},{"not_picked":["Streamline","Lockon","Compile Driver"],"picked":"SKIP","floor":13},{"not_picked":["Barrage","Scrape","BootSequence"],"picked":"SKIP","floor":14},{"not_picked":["Seek","Buffer"],"picked":"Biased Cognition","floor":16},{"not_picked":["Turbo","Melter"],"picked":"Skim","floor":18},{"not_picked":["Hologram","Consume"],"picked":"Heatsinks+1","floor":19},{"not_picked":["Rebound","Ball Lightning"],"picked":"Cold Snap","floor":20},{"not_picked":["Gash","Leap"],"picked":"Undo","floor":21},{"not_picked":["Turbo","Force Field"],"picked":"White Noise","floor":24},{"not_picked":["Auto Shields","Barrage"],"picked":"Loop","floor":27},{"not_picked":["Ball Lightning","Barrage","Heatsinks"],"picked":"SKIP","floor":28},{"not_picked":["Rebound","Stack"],"picked":"Recycle","floor":29},{"not_picked":["Beam Cell","Streamline"],"picked":"Reinforced Body+1","floor":30},{"not_picked":["All For One","Melter"],"picked":"Undo+1","floor":31},{"not_picked":["Multi-Cast","Electrodynamics"],"picked":"Core Surge","floor":33},{"not_picked":["Recycle+1","Skim"],"picked":"Loop+1","floor":35},{"not_picked":["Rip and Tear","Auto Shields","Redo+1"],"picked":"SKIP","floor":37},{"not_picked":["Barrage","Redo+1","Force Field"],"picked":"SKIP","floor":40},{"not_picked":["Static Discharge","Undo"],"picked":"Hologram","floor":42},{"not_picked":["Rebound","Steam","Consume"],"picked":"SKIP","floor":44},{"not_picked":["Gash","Melter","Recycle+1"],"picked":"SKIP","floor":45},{"not_picked":["Rebound","Go for the Eyes","Heatsinks"],"picked":"SKIP","floor":46},{"not_picked":["BootSequence","Genetic Algorithm+1"],"picked":"Glacier+1","floor":55}],"player_experience":1003341,"relics_obtained":[{"floor":9,"key":"Meat on the Bone"},{"floor":10,"key":"Old Coin"},{"floor":13,"key":"Pen Nib"},{"floor":21,"key":"Red Mask"},{"floor":27,"key":"Cables"},{"floor":29,"key":"Bronze Scales"},{"floor":31,"key":"Pear"},{"floor":40,"key":"Boot"},{"floor":42,"key":"Omamori"},{"floor":43,"key":"Bag of Marbles"},{"floor":55,"key":"War Paint"}],"event_choices":[{"damage_healed":0,"gold_gain":150,"player_choice":"AGREE","damage_taken":0,"max_hp_gain":0,"max_hp_loss":0,"event_name":"Liars Game","floor":2,"gold_loss":0,"cards_obtained":["Doubt"]},{"cards_removed":["Doubt"],"damage_healed":0,"gold_gain":0,"player_choice":"Offered Curse","damage_taken":0,"relics_obtained":["Spirit Poop"],"max_hp_gain":0,"max_hp_loss":0,"event_name":"Bonfire Elementals","floor":3,"gold_loss":0},{"damage_healed":0,"gold_gain":0,"player_choice":"Fought Bandits","damage_taken":0,"max_hp_gain":0,"max_hp_loss":0,"event_name":"Masked Bandits","floor":21,"gold_loss":0},{"damage_healed":0,"gold_gain":0,"player_choice":"Ignored","damage_taken":0,"max_hp_gain":0,"max_hp_loss":0,"event_name":"SecretPortal","floor":36,"gold_loss":0},{"damage_healed":0,"gold_gain":222,"player_choice":"Wore Mask","damage_taken":0,"max_hp_gain":0,"max_hp_loss":0,"event_name":"Tomb of Lord Red Mask","floor":38,"gold_loss":0},{"damage_healed":0,"gold_gain":0,"player_choice":"Bought 1 Potion","damage_taken":0,"max_hp_gain":0,"max_hp_loss":0,"event_name":"The Woman in Blue","floor":48,"gold_loss":0}],"is_beta":false,"boss_relics":[{"not_picked":["Astrolabe","Pandora\u0027s Box"],"picked":"Coffee Dripper"},{"not_picked":["Busted Crown","Eternal Feather"],"picked":"Cursed Key"}],"items_purged_floors":[5,7,22,39],"is_endless":false,"potions_floor_spawned":[4,12,16,18,21,28,31,33,40,45,46,55],"killed_by":"The Heart","ascension_level":20}