{"gold_per_floor":[116,116,116,266,284,318,318,350,350,350],"floor_reached":10,"playtime":395,"items_purged":[],"score":198,"play_id":"6fd45587-beea-48d7-a302-65a42aa38aa5","local_time":"20190207202013","is_ascension_mode":true,"campfire_choices":[{"data":"Neutralize","floor":7,"key":"SMITH"}],"neow_cost":"NONE","seed_source_timestamp":29136295829419,"circlet_count":0,"master_deck":["AscendersBane","Defend_G","Defend_G","Defend_G","Defend_G","Defend_G","Strike_G","Strike_G","Strike_G","Strike_G","Survivor","Neutralize+1","Sucker Punch","Doubt","Terror","Footwork"],"relics":["Ring of the Snake","NeowsBlessing","Shuriken","Dream Catcher","Art of War","Sundial"],"potions_floor_usage":[8,8],"damage_taken":[{"damage":0,"enemies":"Small Slimes","floor":1,"turns":1},{"damage":0,"enemies":"Jaw Worm","floor":5,"turns":1},{"damage":0,"enemies":"Gremlin Nob","floor":6,"turns":1},{"damage":46,"enemies":"3 Sentries","floor":8,"turns":16},{"damage":5,"enemies":"Cultist","floor":10,"turns":4}],"seed_played":"-8111391412596030853","potions_obtained":[{"floor":5,"key":"SneckoOil"},{"floor":6,"key":"PowerPotion"},{"floor":8,"key":"FearPotion"}],"is_trial":false,"path_per_floor":["M","?","?","?","M","E","R","E","T","M"],"character_chosen":"THE_SILENT","items_purchased":[],"campfire_rested":0,"item_purchase_floors":[],"current_hp_per_floor":[59,54,47,47,47,47,47,1,1,0],"gold":350,"neow_bonus":"THREE_ENEMY_KILL","is_prod":false,"is_daily":false,"chose_seed":false,"campfire_upgraded":1,"win_rate":0,"timestamp":1549567213,"path_taken":["M","?","?","?","?","E","R","E","T","M"],"build_version":"2019-01-23","purchased_purges":0,"victory":false,"max_hp_per_floor":[66,66,66,66,66,66,66,66,66,66],"card_choices":[{"not_picked":["Deflect","Underhanded Strike"],"picked":"Sucker Punch","floor":1},{"not_picked":["Crippling Poison","Dodge and Roll"],"picked":"Terror","floor":5},{"not_picked":["Acrobatics","Crippling Poison","Dodge and Roll"],"picked":"SKIP","floor":6},{"not_picked":["All Out Attack","Unload"],"picked":"Footwork","floor":8}],"player_experience":917371,"relics_obtained":[{"floor":6,"key":"Dream Catcher"},{"floor":8,"key":"Art of War"},{"floor":9,"key":"Sundial"}],"event_choices":[{"damage_healed":0,"gold_gain":0,"player_choice":"Success","damage_taken":5,"relics_obtained":["Shuriken"],"max_hp_gain":0,"max_hp_loss":0,"event_name":"Scrap Ooze","floor":2,"gold_loss":0},{"cards_removed":["Strike_G"],"damage_healed":0,"gold_gain":0,"player_choice":"Card Removal","damage_taken":7,"max_hp_gain":0,"max_hp_loss":0,"event_name":"Golden Wing","floor":3,"gold_loss":0},{"damage_healed":0,"gold_gain":150,"player_choice":"AGREE","damage_taken":0,"max_hp_gain":0,"max_hp_loss":0,"event_name":"Liars Game","floor":4,"gold_loss":0,"cards_obtained":["Doubt"]}],"is_beta":false,"boss_relics":[],"items_purged_floors":[],"is_endless":false,"potions_floor_spawned":[5,6,8],"killed_by":"Cultist","ascension_level":20}