{"gold_per_floor":[109,6,6,6,6,45,45,78,78,3,46,61,101,124,124,124],"floor_reached":16,"playtime":825,"items_purged":["Strike_R"],"score":317,"play_id":"deb1c29a-7f03-43c3-9c96-683db3aa5f67","local_time":"20190519160626","is_ascension_mode":true,"campfire_choices":[{"data":"Fiend Fire","floor":7,"key":"SMITH"},{"data":"Uppercut","floor":15,"key":"SMITH"}],"neow_cost":"NONE","seed_source_timestamp":116545302588935,"circlet_count":0,"master_deck":["AscendersBane","Strike_R","Strike_R","Strike_R","Strike_R","Defend_R+1","Defend_R","Bash","Cleave","Shrug It Off+1","Fiend Fire+1","Uppercut+1","Cleave","Shrug It Off","Warcry"],"relics":["Burning Blood","NeowsBlessing","Golden Idol","Bag of Preparation","Gambling Chip","PreservedInsect","WingedGreaves","War Paint"],"potions_floor_usage":[11,16],"damage_taken":[{"damage":0,"enemies":"Cultist","floor":1,"turns":1},{"damage":0,"enemies":"3 Sentries","floor":6,"turns":1},{"damage":0,"enemies":"Gremlin Nob","floor":8,"turns":1},{"damage":7,"enemies":"Lagavulin","floor":11,"turns":4},{"damage":0,"enemies":"Small Slimes","floor":12,"turns":2},{"damage":17,"enemies":"3 Sentries","floor":13,"turns":5},{"damage":0,"enemies":"2 Louse","floor":14,"turns":2},{"damage":61,"enemies":"Hexaghost","floor":16,"turns":15}],"seed_played":"6734178083913946770","potions_obtained":[{"floor":6,"key":"BloodPotion"},{"floor":8,"key":"Poison Potion"},{"floor":13,"key":"SpeedPotion"}],"is_trial":false,"path_per_floor":["M","$","?","$","?","E","R","E","T","?","E","M","E","M","R","B"],"character_chosen":"IRONCLAD","items_purchased":["Shrug It Off"],"campfire_rested":0,"item_purchase_floors":[2],"current_hp_per_floor":[74,74,74,74,48,54,54,60,60,60,59,65,54,60,60,0],"gold":124,"neow_bonus":"THREE_ENEMY_KILL","is_prod":false,"is_daily":false,"chose_seed":false,"campfire_upgraded":2,"win_rate":0,"timestamp":1558292786,"path_taken":["M","?","?","$","?","E","R","E","T","?","E","M","E","M","R","BOSS"],"build_version":"2019-01-23","purchased_purges":1,"victory":false,"max_hp_per_floor":[75,75,75,75,75,75,75,75,75,75,75,75,75,75,75,75],"card_choices":[{"not_picked":["Flex","Perfected Strike"],"picked":"Cleave","floor":1},{"not_picked":["Thunderclap","Entrench"],"picked":"Fiend Fire","floor":6},{"not_picked":["Sever Soul","Evolve"],"picked":"Uppercut","floor":11},{"not_picked":["Armaments","Clash"],"picked":"Cleave","floor":12},{"not_picked":["Thunderclap","Flex"],"picked":"Shrug It Off","floor":13},{"not_picked":["Clothesline","Carnage"],"picked":"Warcry","floor":14}],"player_experience":761743,"relics_obtained":[{"floor":6,"key":"Bag of Preparation"},{"floor":8,"key":"Gambling Chip"},{"floor":9,"key":"PreservedInsect"},{"floor":11,"key":"WingedGreaves"},{"floor":13,"key":"War Paint"}],"event_choices":[{"cards_removed":["Defend_R"],"damage_healed":0,"gold_gain":0,"player_choice":"Forget","damage_taken":0,"max_hp_gain":0,"max_hp_loss":0,"event_name":"Living Wall","floor":3,"gold_loss":0},{"damage_healed":0,"gold_gain":0,"player_choice":"Take Damage","damage_taken":26,"relics_obtained":["Golden Idol"],"max_hp_gain":0,"max_hp_loss":0,"event_name":"Golden Idol","floor":5,"gold_loss":0},{"cards_removed":["Defend_R"],"damage_healed":0,"gold_gain":0,"player_choice":"Card Removal","damage_taken":0,"max_hp_gain":0,"max_hp_loss":0,"event_name":"The Cleric","floor":10,"gold_loss":75}],"is_beta":false,"boss_relics":[],"items_purged_floors":[2],"is_endless":false,"potions_floor_spawned":[6,8,13],"killed_by":"Hexaghost","ascension_level":16}