{"gold_per_floor":[118,118,130,130,144,144,179,179,204,239,257,257,257,278,278,376,376,390,390,98,111,136,170,295,328,328,243,243,262,187,87,87,192,204,236,373,718,730,818,830,867,899,911,923,963,975,1014,421,421,421,421,421,421,42,69,69],"floor_reached":57,"playtime":4481,"items_purged":["Strike_B","Strike_B","Injury","Dualcast"],"score":2989,"play_id":"a94bc800-5242-42a8-a429-bd740c8c3488","local_time":"20190410153327","is_ascension_mode":true,"campfire_choices":[{"data":"Defragment","floor":6,"key":"SMITH"},{"data":"Ball Lightning","floor":8,"key":"SMITH"},{"data":"Static Discharge","floor":12,"key":"SMITH"},{"data":"Creative AI","floor":15,"key":"SMITH"},{"data":"Electrodynamics","floor":28,"key":"SMITH"},{"floor":32,"key":"DIG"},{"data":"Recycle","floor":40,"key":"SMITH"},{"data":"Loop","floor":44,"key":"SMITH"},{"floor":46,"key":"RECALL"},{"data":"Recycle","floor":49,"key":"SMITH"},{"floor":53,"key":"DIG"}],"neow_cost":"NONE","seed_source_timestamp":13303664184948,"circlet_count":0,"master_deck":["AscendersBane","Defend_B","Defend_B","Defend_B","Defend_B","Zap+1","Cold Snap","Genetic Algorithm","Defragment+1","Ball Lightning+1","Static Discharge+1","Hologram","Creative AI+1","Electrodynamics+1","Recycle+1","Cold Snap","Compile Driver","Core Surge","Skim","Machine Learning","Reinforced Body+1","Heatsinks+1","Loop+1","Recycle+1","Meteor Strike","Dark Shackles"],"relics":["Cracked Core","Oddly Smooth Stone","Art of War","Bag of Preparation","Cursed Key","Shovel","DataDisk","Bottled Flame","Girya","Dodecahedron","Blood Vial","Pantograph","Anchor","MawBank","Runic Pyramid","StoneCalendar","Regal Pillow","Darkstone Periapt","Calipers","Pear","Toy Ornithopter","Bottled Lightning","Mercury Hourglass"],"potions_floor_usage":[23,23,24,50,55,56],"damage_taken":[{"damage":3,"enemies":"2 Louse","floor":1,"turns":3},{"damage":0,"enemies":"Jaw Worm","floor":3,"turns":3},{"damage":0,"enemies":"Cultist","floor":5,"turns":4},{"damage":20,"enemies":"3 Sentries","floor":7,"turns":9},{"damage":10,"enemies":"Lagavulin","floor":10,"turns":5},{"damage":0,"enemies":"Exordium Wildlife","floor":11,"turns":3},{"damage":6,"enemies":"Lots of Slimes","floor":14,"turns":4},{"damage":15,"enemies":"Hexaghost","floor":16,"turns":8},{"damage":0,"enemies":"Spheric Guardian","floor":18,"turns":3},{"damage":1,"enemies":"3 Byrds","floor":21,"turns":3},{"damage":2,"enemies":"Cultist and Chosen","floor":22,"turns":4},{"damage":17,"enemies":"Book of Stabbing","floor":23,"turns":4},{"damage":16,"enemies":"Colosseum Slavers","floor":24,"turns":4},{"damage":1,"enemies":"Colosseum Nobs","floor":24,"turns":3},{"damage":0,"enemies":"Gremlin Leader","floor":25,"turns":6},{"damage":0,"enemies":"Centurion and Healer","floor":29,"turns":4},{"damage":0,"enemies":"Champ","floor":33,"turns":9},{"damage":0,"enemies":"Orb Walker","floor":35,"turns":3},{"damage":0,"enemies":"Mind Bloom Boss Battle","floor":36,"turns":6},{"damage":0,"enemies":"Nemesis","floor":41,"turns":7},{"damage":0,"enemies":"3 Darklings","floor":42,"turns":4},{"damage":0,"enemies":"Reptomancer","floor":45,"turns":5},{"damage":0,"enemies":"Giant Head","floor":47,"turns":9},{"damage":38,"enemies":"Time Eater","floor":50,"turns":14},{"damage":4,"enemies":"Donu and Deca","floor":51,"turns":8},{"damage":21,"enemies":"Shield and Spear","floor":55,"turns":6},{"damage":15,"enemies":"The Heart","floor":56,"turns":10}],"seed_played":"-7809712329881153668","potions_obtained":[{"floor":5,"key":"SteroidPotion"},{"floor":7,"key":"Dexterity Potion"},{"floor":11,"key":"PowerPotion"},{"floor":18,"key":"LiquidBronze"},{"floor":22,"key":"Regen Potion"},{"floor":23,"key":"GamblersBrew"},{"floor":41,"key":"Weak Potion"},{"floor":42,"key":"SmokeBomb"}],"is_trial":false,"path_per_floor":["M","?","M","?","M","R","E","R","T","E","M","R","?","M","R","B",null,"M","?","$","M","M","E","?","E","T","?","R","M","?","$","R","B",null,"M","?","?","?","T","R","E","M","T","R","E","R","E","$","R","B","B",null,"R","$","E","B",null],"character_chosen":"DEFECT","items_purchased":["DataDisk","Cold Snap","Pear","Toy Ornithopter","Dark Shackles","Swift Potion","GamblersBrew"],"campfire_rested":0,"item_purchase_floors":[20,20,48,48,54,54,54],"current_hp_per_floor":[61,61,61,61,61,61,41,41,41,31,31,31,31,25,25,10,51,51,51,51,50,48,45,28,28,28,28,28,30,30,30,30,57,62,64,64,64,64,64,64,64,64,64,64,64,64,64,74,74,41,64,72,72,72,58,59],"gold":69,"neow_bonus":"UPGRADE_CARD","is_prod":false,"is_daily":false,"chose_seed":false,"campfire_upgraded":8,"win_rate":0,"timestamp":1554903207,"path_taken":["M","?","M","?","M","R","E","R","T","E","M","R","?","?","R","BOSS","M","?","$","?","M","E","?","E","T","?","R","M","?","$","R","BOSS","M","?","?","?","?","R","E","?","T","R","E","R","E","$","R","BOSS","BOSS","R","$","E","BOSS"],"build_version":"2019-01-23","purchased_purges":4,"victory":true,"max_hp_per_floor":[71,71,71,64,64,64,64,64,64,64,64,64,64,64,64,64,64,64,64,64,64,64,64,64,64,64,64,64,64,64,64,64,64,64,64,64,64,64,64,64,64,64,64,64,64,64,64,74,74,74,74,74,74,74,74,74],"card_choices":[{"not_picked":["Streamline","Rebound"],"picked":"Cold Snap","floor":1},{"not_picked":["Tempest","Hologram"],"picked":"Genetic Algorithm","floor":3},{"not_picked":["Steam","Rip and Tear"],"picked":"Defragment","floor":5},{"not_picked":["Leap","Gash"],"picked":"Ball Lightning","floor":7},{"not_picked":["Gash","Beam Cell"],"picked":"Static Discharge","floor":10},{"not_picked":["Barrage","Steam"],"picked":"Hologram","floor":11},{"not_picked":["Conserve Battery","Chaos","Steam Power"],"picked":"SKIP","floor":14},{"not_picked":["Multi-Cast","Seek"],"picked":"Electrodynamics","floor":16},{"not_picked":["Leap","Auto Shields"],"picked":"Recycle","floor":18},{"not_picked":["Gash","Beam Cell","Redo"],"picked":"SKIP","floor":21},{"not_picked":["Leap","Steam"],"picked":"Compile Driver","floor":22},{"not_picked":["Leap","Lockon"],"picked":"Core Surge","floor":23},{"not_picked":["Reinforced Body","Darkness"],"picked":"Skim","floor":24},{"not_picked":["Sunder","Leap","Rebound"],"picked":"SKIP","floor":25},{"not_picked":["Streamline","FTL","Conserve Battery"],"picked":"SKIP","floor":29},{"not_picked":["Hyperbeam","Rainbow"],"picked":"Machine Learning","floor":33},{"not_picked":["Redo","Conserve Battery+1"],"picked":"Reinforced Body+1","floor":35},{"not_picked":["BootSequence","Conserve Battery"],"picked":"Heatsinks+1","floor":36},{"not_picked":["Steam","Ball Lightning"],"picked":"Loop","floor":41},{"not_picked":["Chaos","Skim","Redo"],"picked":"SKIP","floor":42},{"not_picked":["Redo","Ball Lightning"],"picked":"Recycle","floor":45},{"not_picked":["Heatsinks+1","Loop"],"picked":"Meteor Strike","floor":47},{"not_picked":["Redo","Stack","Consume"],"picked":"SKIP","floor":55}],"player_experience":1103891,"relics_obtained":[{"floor":7,"key":"Oddly Smooth Stone"},{"floor":9,"key":"Art of War"},{"floor":10,"key":"Bag of Preparation"},{"floor":23,"key":"Bottled Flame"},{"floor":24,"key":"Girya"},{"floor":24,"key":"Dodecahedron"},{"floor":25,"key":"Blood Vial"},{"floor":26,"key":"Pantograph"},{"floor":32,"key":"MawBank"},{"floor":36,"key":"StoneCalendar"},{"floor":41,"key":"Regal Pillow"},{"floor":45,"key":"Darkstone Periapt"},{"floor":47,"key":"Calipers"},{"floor":53,"key":"Bottled Lightning"},{"floor":55,"key":"Mercury Hourglass"}],"event_choices":[{"cards_removed":["Strike_B"],"damage_healed":0,"gold_gain":0,"player_choice":"Forget","damage_taken":0,"max_hp_gain":0,"max_hp_loss":0,"event_name":"Living Wall","floor":2,"gold_loss":0},{"damage_healed":0,"gold_gain":0,"player_choice":"Lose Max HP","damage_taken":0,"relics_obtained":["Golden Idol"],"max_hp_gain":0,"max_hp_loss":7,"event_name":"Golden Idol","floor":4,"gold_loss":0},{"damage_healed":0,"gold_gain":0,"cards_transformed":["Strike_B"],"player_choice":"Transformed","damage_taken":0,"max_hp_gain":0,"max_hp_loss":0,"event_name":"Transmorgrifier","floor":13,"gold_loss":0,"cards_obtained":["Creative AI"]},{"damage_healed":0,"gold_gain":0,"player_choice":"Gave Potion","damage_taken":0,"relics_obtained":["Shovel"],"max_hp_gain":0,"max_hp_loss":0,"event_name":"WeMeetAgain","floor":19,"gold_loss":0},{"damage_healed":0,"gold_gain":0,"player_choice":"Fight","damage_taken":0,"max_hp_gain":0,"max_hp_loss":0,"event_name":"Colosseum","floor":24,"gold_loss":0},{"damage_healed":0,"gold_gain":0,"player_choice":"Fought Nobs","damage_taken":0,"max_hp_gain":0,"max_hp_loss":0,"event_name":"Colosseum","floor":24,"gold_loss":0},{"damage_healed":0,"gold_gain":0,"player_choice":"Obtained Relic","damage_taken":0,"relics_obtained":["Anchor"],"max_hp_gain":0,"max_hp_loss":0,"event_name":"Addict","floor":27,"gold_loss":85},{"cards_removed":["Shame"],"damage_healed":0,"gold_gain":0,"player_choice":"Gave Gold","damage_taken":0,"max_hp_gain":0,"max_hp_loss":0,"event_name":"Beggar","floor":30,"gold_loss":75},{"damage_healed":0,"gold_gain":0,"player_choice":"Fight","damage_taken":0,"max_hp_gain":0,"max_hp_loss":0,"event_name":"MindBloom","floor":36,"gold_loss":0},{"damage_healed":0,"gold_gain":333,"player_choice":"Gave Idol","damage_taken":0,"max_hp_gain":0,"max_hp_loss":0,"event_name":"The Moai Head","floor":37,"relics_lost":["Golden Idol"],"gold_loss":0},{"damage_healed":0,"gold_gain":0,"player_choice":"Ignored","damage_taken":0,"max_hp_gain":0,"max_hp_loss":0,"event_name":"Tomb of Lord Red Mask","floor":38,"gold_loss":0}],"is_beta":false,"boss_relics":[{"not_picked":["Orrery","Astrolabe"],"picked":"Cursed Key"},{"not_picked":["Fusion Hammer","Calling Bell"],"picked":"Runic Pyramid"}],"items_purged_floors":[20,31,48,54],"is_endless":false,"potions_floor_spawned":[5,7,11,18,22,23,41,42],"ascension_level":20}