{"gold_per_floor":[114,114,189,189,207,242,299,326,351,362,382,382,61,72,72,72],"floor_reached":16,"playtime":520,"items_purged":[],"score":230,"play_id":"82ae09cc-0ef9-438d-8311-207b19fc6ac2","local_time":"20190509095101","is_ascension_mode":true,"campfire_choices":[{"data":"Intimidate","floor":12,"key":"SMITH"},{"data":"Searing Blow+1","floor":15,"key":"SMITH"}],"neow_cost":"NONE","seed_source_timestamp":1797044878381447,"circlet_count":0,"master_deck":["AscendersBane","Strike_R","Strike_R","Strike_R+1","Strike_R","Strike_R","Defend_R","Defend_R","Defend_R","Defend_R","Bash+1","Cleave","Intimidate+1","Shrug It Off","Ghostly Armor","Dropkick","Rage","Searing Blow+2"],"relics":["Burning Blood","NeowsBlessing","Omamori","Oddly Smooth Stone","Bronze Scales","Anchor","Molten Egg 2"],"potions_floor_usage":[7,8,16],"damage_taken":[{"damage":0,"enemies":"Small Slimes","floor":1,"turns":1},{"damage":0,"enemies":"2 Louse","floor":5,"turns":1},{"damage":0,"enemies":"Gremlin Nob","floor":6,"turns":1},{"damage":35,"enemies":"Lagavulin Event","floor":7,"turns":4},{"damage":20,"enemies":"3 Sentries","floor":8,"turns":9},{"damage":0,"enemies":"Jaw Worm","floor":10,"turns":2},{"damage":3,"enemies":"3 Louse","floor":11,"turns":3},{"damage":0,"enemies":"Blue Slaver","floor":14,"turns":3},{"damage":40,"enemies":"The Guardian","floor":16,"turns":11}],"seed_played":"3342021502584715182","potions_obtained":[{"floor":6,"key":"AttackPotion"},{"floor":7,"key":"SkillPotion"},{"floor":11,"key":"GamblersBrew"},{"floor":14,"key":"Fire Potion"}],"is_trial":false,"path_per_floor":["M","?","?","?","M","E","?","E","T","M","M","R","$","M","R","B"],"character_chosen":"IRONCLAD","items_purchased":["Molten Egg 2","Rage"],"campfire_rested":0,"item_purchase_floors":[13,13],"current_hp_per_floor":[74,79,68,52,58,64,35,21,21,27,30,30,30,36,36,0],"gold":72,"neow_bonus":"THREE_ENEMY_KILL","is_prod":false,"is_daily":false,"chose_seed":false,"campfire_upgraded":2,"win_rate":0,"timestamp":1557406261,"path_taken":["M","?","?","?","M","E","?","E","T","M","M","R","$","M","R","BOSS"],"build_version":"2019-01-23","purchased_purges":0,"victory":false,"max_hp_per_floor":[75,80,80,80,80,80,80,80,80,80,80,80,80,80,80,80],"card_choices":[{"not_picked":["Flex","Burning Pact","Corruption"],"picked":"SKIP","floor":1},{"not_picked":["Pommel Strike","Havoc","Armaments"],"picked":"SKIP","floor":5},{"not_picked":["Intimidate","Limit Break"],"picked":"Cleave","floor":6},{"not_picked":["Spot Weakness","Flex"],"picked":"Intimidate","floor":7},{"not_picked":["Clothesline","Thunderclap"],"picked":"Shrug It Off","floor":8},{"not_picked":["Uppercut","Flame Barrier"],"picked":"Ghostly Armor","floor":10},{"not_picked":["Headbutt","Heavy Blade"],"picked":"Dropkick","floor":11},{"not_picked":["Combust","Burning Pact","Searing Blow+1"],"picked":"SKIP","floor":14},{"not_picked":["Combust","Burning Pact"],"picked":"Searing Blow+1","floor":14}],"player_experience":714530,"relics_obtained":[{"floor":6,"key":"Omamori"},{"floor":8,"key":"Bronze Scales"},{"floor":9,"key":"Anchor"}],"event_choices":[{"damage_healed":0,"gold_gain":0,"player_choice":"Donut","damage_taken":0,"max_hp_gain":5,"max_hp_loss":0,"event_name":"Big Fish","floor":2,"gold_loss":0},{"damage_healed":0,"gold_gain":75,"player_choice":"Gather Gold","damage_taken":11,"max_hp_gain":0,"max_hp_loss":0,"event_name":"World of Goop","floor":3,"gold_loss":0},{"damage_healed":0,"gold_gain":0,"player_choice":"Entered Light","damage_taken":16,"max_hp_gain":0,"max_hp_loss":0,"event_name":"Shining Light","floor":4,"gold_loss":0,"cards_upgraded":["Strike_R","Bash"]},{"damage_healed":0,"gold_gain":0,"player_choice":"Searched \u00272\u0027 times","damage_taken":0,"relics_obtained":["Oddly Smooth Stone"],"max_hp_gain":0,"max_hp_loss":0,"event_name":"Dead Adventurer","floor":7,"gold_loss":0}],"is_beta":false,"boss_relics":[],"items_purged_floors":[],"is_endless":false,"potions_floor_spawned":[6,7,11,14],"killed_by":"The Guardian","ascension_level":14}