{"gold_per_floor":[116,126,145,164,184,184,184,184,207,225,237,271,271,299,299,395,395,413,413,56,76,96,131,131,143,143,157,257,257,257,29,29,128,128,148,3,13,29,29,29,129,129,129,129,142,155,155,167,167,167,167,167,11,39,39],"floor_reached":55,"playtime":5500,"items_purged":["Strike_G"],"score":741,"play_id":"53bbeb49-a044-4386-8a46-2ef10ed35b54","local_time":"20190611232146","is_ascension_mode":true,"campfire_choices":[{"data":"Predator","floor":6,"key":"SMITH"},{"data":"Blade Dance","floor":8,"key":"SMITH"},{"floor":13,"key":"REST"},{"data":"Venomology","floor":15,"key":"SMITH"},{"floor":29,"key":"REST"},{"data":"Envenom","floor":32,"key":"SMITH"},{"data":"Wraith Form v2","floor":40,"key":"SMITH"},{"floor":44,"key":"RECALL"},{"data":"Malaise","floor":49,"key":"SMITH"},{"data":"PiercingWail","floor":52,"key":"SMITH"}],"neow_cost":"NONE","seed_source_timestamp":5357418259491703,"circlet_count":0,"master_deck":["Defend_G","Defend_G","Defend_G","Defend_G","Defend_G","Strike_G","Strike_G","Strike_G+1","Strike_G","Survivor","Neutralize+1","Prepared","Predator+1","Blade Dance+1","Dagger Spray","Sucker Punch","Venomology+1","Slice","Dagger Spray","Unload","Burst+1","Terror+1","Accuracy","All Out Attack+1","PiercingWail+1","Outmaneuver","Envenom+1","Dash","Expertise+1","Wraith Form v2+1","Malaise+1","Prepared+1","Poisoned Stab+1","Madness","Madness","Bouncing Flask","Purity","Deflect+1","Slice+1","Blade Dance+1","Infinite Blades","Blade Dance","A Thousand Cuts"],"relics":["Ring of the Snake","Happy Flower","Potion Belt","Regal Pillow","Runic Pyramid","Nloth\u0027s Gift","FossilizedHelix","Orichalcum","Shuriken","Thread and Needle","The Specimen","Paper Crane","Coffee Dripper","Bronze Scales","Peace Pipe","Dodecahedron","Gremlin Horn"],"potions_floor_usage":[12,12,16,18,21,22,23,23,25,27,27,28,28,28,28,28,33,33,41,46,46,50,50,50,50,54,55,55,55,55,55],"damage_taken":[{"damage":3,"enemies":"Cultist","floor":1,"turns":4},{"damage":1,"enemies":"2 Louse","floor":2,"turns":4},{"damage":0,"enemies":"Small Slimes","floor":3,"turns":3},{"damage":6,"enemies":"Looter","floor":4,"turns":3},{"damage":9,"enemies":"Gremlin Gang","floor":5,"turns":6},{"damage":1,"enemies":"Exordium Wildlife","floor":10,"turns":3},{"damage":23,"enemies":"Large Slime","floor":11,"turns":5},{"damage":13,"enemies":"Lagavulin","floor":12,"turns":5},{"damage":10,"enemies":"Gremlin Nob","floor":14,"turns":3},{"damage":19,"enemies":"Slime Boss","floor":16,"turns":10},{"damage":8,"enemies":"Chosen","floor":18,"turns":2},{"damage":0,"enemies":"Shell Parasite","floor":21,"turns":3},{"damage":1,"enemies":"Snecko","floor":22,"turns":5},{"damage":30,"enemies":"Book of Stabbing","floor":23,"turns":6},{"damage":8,"enemies":"Cultist and Chosen","floor":25,"turns":5},{"damage":0,"enemies":"3 Cultists","floor":27,"turns":4},{"damage":0,"enemies":"Colosseum Slavers","floor":28,"turns":3},{"damage":0,"enemies":"Colosseum Nobs","floor":28,"turns":5},{"damage":23,"enemies":"Champ","floor":33,"turns":8},{"damage":9,"enemies":"3 Darklings","floor":35,"turns":3},{"damage":0,"enemies":"Orb Walker","floor":37,"turns":4},{"damage":1,"enemies":"4 Shapes","floor":38,"turns":7},{"damage":0,"enemies":"Mind Bloom Boss Battle","floor":41,"turns":5},{"damage":0,"enemies":"Transient","floor":45,"turns":5},{"damage":5,"enemies":"Spire Growth","floor":46,"turns":5},{"damage":13,"enemies":"3 Darklings","floor":48,"turns":4},{"damage":1,"enemies":"Donu and Deca","floor":50,"turns":8},{"damage":30,"enemies":"Shield and Spear","floor":54,"turns":6},{"damage":47,"enemies":"The Heart","floor":55,"turns":8}],"seed_played":"-3659755628426646303","potions_obtained":[{"floor":2,"key":"AttackPotion"},{"floor":3,"key":"Strength Potion"},{"floor":4,"key":"Dexterity Potion"},{"floor":14,"key":"SpeedPotion"},{"floor":23,"key":"Weak Potion"},{"floor":25,"key":"Strength Potion"},{"floor":27,"key":"Regen Potion"},{"floor":28,"key":"SkillPotion"},{"floor":37,"key":"PowerPotion"},{"floor":45,"key":"EssenceOfSteel"},{"floor":54,"key":"Explosive Potion"}],"is_trial":false,"path_per_floor":["M","M","M","M","M","R","?","R","T","M","M","E","R","E","R","B",null,"M","?","$","M","M","E","T","M","T","M","?","R","?","$","R","B",null,"M","$","M","M","?","R","?","?","T","R","M","M","T","M","R","B",null,"R","$","E","B"],"character_chosen":"THE_SILENT","items_purchased":["FossilizedHelix","Accuracy","Wraith Form v2","Bronze Scales","Infinite Blades","Blade Dance","SpeedPotion"],"campfire_rested":2,"item_purchase_floors":[20,20,31,36,53,53,53],"current_hp_per_floor":[74,73,73,67,58,58,55,55,55,54,31,18,56,46,46,27,77,69,69,69,69,68,38,38,30,30,30,39,77,77,77,77,54,77,68,68,68,67,57,57,57,57,57,57,57,61,61,48,48,47,77,77,77,47,0],"gold":39,"neow_bonus":"TEN_PERCENT_HP_BONUS","is_prod":false,"is_daily":false,"chose_seed":false,"campfire_upgraded":7,"win_rate":0,"timestamp":1560309706,"path_taken":["M","M","M","M","M","R","?","R","T","M","M","E","R","E","R","BOSS","M","?","$","?","M","E","?","?","T","M","?","R","?","$","R","BOSS","M","$","M","?","?","R","?","?","T","R","M","M","?","M","R","BOSS","R","$","E","BOSS"],"build_version":"2019-01-23","purchased_purges":1,"victory":false,"max_hp_per_floor":[77,77,77,77,77,77,77,77,77,77,77,77,77,77,77,77,77,77,77,77,77,77,77,77,77,77,77,77,77,77,77,77,77,77,77,77,77,77,77,77,77,77,77,77,77,77,77,77,77,77,77,77,77,77,77],"card_choices":[{"not_picked":["Reflex","Setup"],"picked":"Prepared","floor":1},{"not_picked":["Poisoned Stab","Sucker Punch"],"picked":"Predator","floor":2},{"not_picked":["Flying Knee","Outmaneuver"],"picked":"Blade Dance","floor":3},{"not_picked":["Prepared","Deflect"],"picked":"Dagger Spray","floor":4},{"not_picked":["Skewer","Prepared"],"picked":"Sucker Punch","floor":5},{"not_picked":["Sucker Punch","Underhanded Strike"],"picked":"Venomology","floor":10},{"not_picked":["Quick Slash","Bane"],"picked":"Slice","floor":11},{"not_picked":["Quick Slash","Crippling Poison"],"picked":"Dagger Spray","floor":12},{"not_picked":["Outmaneuver","Storm of Steel"],"picked":"Unload","floor":14},{"not_picked":["Storm of Steel","Malaise"],"picked":"Burst","floor":16},{"not_picked":["Dodge and Roll","Underhanded Strike"],"picked":"Terror+1","floor":18},{"not_picked":["Deflect","Outmaneuver"],"picked":"All Out Attack+1","floor":21},{"not_picked":["Deadly Poison","Setup+1"],"picked":"PiercingWail","floor":22},{"not_picked":["Riddle With Holes+1","Dagger Throw"],"picked":"Outmaneuver","floor":23},{"not_picked":["Skewer+1","Bane"],"picked":"Envenom","floor":25},{"not_picked":["Acrobatics","Choke"],"picked":"Dash","floor":27},{"not_picked":["Outmaneuver","Catalyst"],"picked":"Expertise+1","floor":28},{"not_picked":["Unload","Burst"],"picked":"Malaise","floor":33},{"not_picked":["Masterful Stab+1","Dagger Throw","Choke+1"],"picked":"SKIP","floor":35},{"not_picked":["Sucker Punch","Outmaneuver"],"picked":"Prepared+1","floor":37},{"not_picked":["Dagger Throw","Doppelganger"],"picked":"Poisoned Stab+1","floor":38},{"not_picked":["Poisoned Stab","Prepared"],"picked":"Bouncing Flask","floor":41},{"not_picked":["Finesse","Trip"],"picked":"Purity","floor":42},{"not_picked":["Backflip","Dodge and Roll"],"picked":"Deflect+1","floor":45},{"not_picked":["Glass Knife","Outmaneuver"],"picked":"Slice+1","floor":46},{"not_picked":["Poisoned Stab","Footwork+1"],"picked":"Blade Dance+1","floor":48},{"not_picked":["Doppelganger","Poisoned Stab"],"picked":"A Thousand Cuts","floor":54}],"player_experience":230025,"relics_obtained":[{"floor":9,"key":"Potion Belt"},{"floor":12,"key":"Regal Pillow"},{"floor":14,"key":"Whetstone"},{"floor":23,"key":"Orichalcum"},{"floor":24,"key":"Shuriken"},{"floor":26,"key":"Thread and Needle"},{"floor":28,"key":"The Specimen"},{"floor":28,"key":"Paper Crane"},{"floor":41,"key":"Peace Pipe"},{"floor":47,"key":"Dodecahedron"},{"floor":54,"key":"Gremlin Horn"}],"event_choices":[{"damage_healed":0,"gold_gain":0,"player_choice":"Success","damage_taken":3,"relics_obtained":["Happy Flower"],"max_hp_gain":0,"max_hp_loss":0,"event_name":"Scrap Ooze","floor":7,"gold_loss":0},{"damage_healed":0,"gold_gain":0,"player_choice":"Traded Relic","damage_taken":0,"relics_obtained":["Nloth\u0027s Gift"],"max_hp_gain":0,"max_hp_loss":0,"event_name":"N\u0027loth","floor":19,"relics_lost":["Whetstone"],"gold_loss":0},{"damage_healed":0,"gold_gain":0,"player_choice":"Fight","damage_taken":0,"max_hp_gain":0,"max_hp_loss":0,"event_name":"Colosseum","floor":28,"gold_loss":0},{"damage_healed":0,"gold_gain":0,"player_choice":"Fought Nobs","damage_taken":0,"max_hp_gain":0,"max_hp_loss":0,"event_name":"Colosseum","floor":28,"gold_loss":0},{"damage_healed":0,"gold_gain":0,"player_choice":"Forge","damage_taken":0,"max_hp_gain":0,"max_hp_loss":0,"event_name":"Accursed Blacksmith","floor":30,"gold_loss":0,"cards_upgraded":["Burst"]},{"damage_healed":0,"gold_gain":0,"player_choice":"Embrace Madness","damage_taken":10,"max_hp_gain":0,"max_hp_loss":0,"event_name":"Winding Halls","floor":39,"gold_loss":0,"cards_obtained":["Madness","Madness"]},{"damage_healed":0,"gold_gain":0,"player_choice":"Fight","damage_taken":0,"max_hp_gain":0,"max_hp_loss":0,"event_name":"MindBloom","floor":41,"gold_loss":0},{"damage_healed":0,"gold_gain":0,"player_choice":"Memory 1","damage_taken":0,"max_hp_gain":0,"max_hp_loss":0,"event_name":"SensoryStone","floor":42,"gold_loss":0}],"is_beta":false,"boss_relics":[{"not_picked":["Calling Bell","Astrolabe"],"picked":"Runic Pyramid"},{"not_picked":["Snecko Eye","Runic Dome"],"picked":"Coffee Dripper"}],"items_purged_floors":[31],"is_endless":false,"potions_floor_spawned":[2,3,4,14,23,25,27,28,37,45,54],"killed_by":"The Heart","ascension_level":2}