{"gold_per_floor":[119,134,59,59,59,59,79,107,107,107,137,52,62,24,24,126,126],"floor_reached":17,"playtime":685,"items_purged":["Havoc"],"score":153,"play_id":"e506b0a5-faa0-4a88-9813-52ca68f12286","local_time":"20190212192839","daily_mods":["Draft","Time Dilation"],"is_ascension_mode":false,"campfire_choices":[{"data":"Flame Barrier","floor":6.0,"key":"SMITH"},{"data":"Armaments","floor":10.0,"key":"SMITH"},{"floor":15.0,"key":"REST"}],"neow_cost":"","seed_source_timestamp":0,"circlet_count":0,"master_deck":["Pommel Strike","Clothesline+1","Inflame","Warcry","Uppercut","Carnage","Iron Wave","Iron Wave","Headbutt","Armaments+1","Flame Barrier+1","Headbutt","Spot Weakness","Pommel Strike","Flame Barrier+1","Flash of Steel","Corruption"],"special_seed":0,"relics":["Burning Blood","WingedGreaves","Lantern","Potion Belt","Odd Mushroom"],"potions_floor_usage":[],"damage_taken":[{"damage":0.0,"enemies":"Small Slimes","floor":1.0,"turns":2.0},{"damage":2.0,"enemies":"Jaw Worm","floor":2.0,"turns":4.0},{"damage":0.0,"enemies":"Cultist","floor":7.0,"turns":4.0},{"damage":11.0,"enemies":"Gremlin Nob","floor":8.0,"turns":4.0},{"damage":32.0,"enemies":"The Mushroom Lair","floor":11.0,"turns":4.0},{"damage":6.0,"enemies":"Exordium Wildlife","floor":13.0,"turns":2.0},{"damage":6.0,"enemies":"Slime Boss","floor":16.0,"turns":10.0}],"seed_played":"9052517361888146435","potions_obtained":[{"floor":7.0,"key":"Block Potion"},{"floor":8.0,"key":"Strength Potion"}],"is_trial":true,"path_per_floor":["M","M","$","?","T","R","M","E","T","R","?","$","M","$","R","B",null],"character_chosen":"IRONCLAD","items_purchased":["Flash of Steel","Corruption"],"campfire_rested":1,"item_purchase_floors":[12,14],"current_hp_per_floor":[80,80,80,64,64,64,70,65,65,65,39,39,39,39,63,63,63],"gold":126,"neow_bonus":"","is_prod":false,"is_daily":false,"chose_seed":false,"campfire_upgraded":2,"win_rate":0,"timestamp":1550017719,"path_taken":["M","M","$","?","?","R","?","E","T","R","?","$","M","$","R","BOSS"],"build_version":"2019-01-23","purchased_purges":1,"victory":false,"max_hp_per_floor":[80,80,80,80,80,80,80,80,80,80,80,80,80,80,80,80,80],"card_choices":[{"not_picked":["Body Slam","Clothesline"],"picked":"Pommel Strike","floor":0.0},{"not_picked":["Ghostly Armor","Sever Soul"],"picked":"Clothesline","floor":0.0},{"not_picked":["Headbutt","Pommel Strike"],"picked":"Inflame","floor":0.0},{"not_picked":["Seeing Red","Clash"],"picked":"Warcry","floor":0.0},{"not_picked":["Power Through","Perfected Strike"],"picked":"Uppercut","floor":0.0},{"not_picked":["Thunderclap","Cleave"],"picked":"Carnage","floor":0.0},{"not_picked":["Clash","Thunderclap"],"picked":"Iron Wave","floor":0.0},{"not_picked":["Heavy Blade","Hemokinesis"],"picked":"Iron Wave","floor":0.0},{"not_picked":["Clash","Combust"],"picked":"Headbutt","floor":0.0},{"not_picked":["Clash","Flex"],"picked":"Havoc","floor":0.0},{"not_picked":["Clash","Thunderclap"],"picked":"Armaments","floor":0.0},{"not_picked":["Warcry","Armaments"],"picked":"Flame Barrier","floor":0.0},{"not_picked":["Pommel Strike","Power Through"],"picked":"Headbutt","floor":0.0},{"not_picked":["Thunderclap","Corruption"],"picked":"Spot Weakness","floor":0.0},{"not_picked":["Infernal Blade","Body Slam"],"picked":"Pommel Strike","floor":0.0},{"not_picked":["Clothesline","Iron Wave","Perfected Strike"],"picked":"SKIP","floor":1.0},{"not_picked":["Metallicize","Thunderclap"],"picked":"Flame Barrier","floor":2.0},{"not_picked":["Flame Barrier","Twin Strike","Rage"],"picked":"SKIP","floor":7.0},{"not_picked":["Havoc","Hemokinesis","Power Through"],"picked":"SKIP","floor":8.0},{"not_picked":["Infernal Blade","Metallicize","Combust"],"picked":"SKIP","floor":13.0}],"player_experience":297807,"relics_obtained":[{"floor":5.0,"key":"WingedGreaves"},{"floor":8.0,"key":"Lantern"},{"floor":9.0,"key":"Potion Belt"},{"floor":11.0,"key":"Odd Mushroom"}],"event_choices":[{"damage_healed":0.0,"max_hp_gain":0.0,"max_hp_loss":0.0,"gold_gain":0.0,"event_name":"Shining Light","player_choice":"Entered Light","floor":4.0,"gold_loss":0.0,"damage_taken":16.0,"cards_upgraded":["Flame Barrier","Clothesline"]},{"damage_healed":0.0,"max_hp_gain":0.0,"max_hp_loss":0.0,"gold_gain":0.0,"event_name":"Mushrooms","player_choice":"Fought Mushrooms","floor":11.0,"gold_loss":0.0,"damage_taken":0.0}],"is_beta":false,"boss_relics":[],"items_purged_floors":[3],"is_endless":false,"potions_floor_spawned":[7,8],"ascension_level":0}