{"gold_per_floor":[118,19,35,35,46,103,128,128,155,55,55,71,106,56,56,185,185,205,56,69,89,4,4,42,58,107,107,123,144,169,169,169,297,297,311,166,166,166,189,189,213,279,302,315,315,315],"floor_reached":46,"playtime":2191,"items_purged":["Defend_R","Defend_R","Strike_R"],"score":613,"play_id":"d66f32f7-7ef7-4acb-864b-f8d048fba809","local_time":"20181123192847","is_ascension_mode":true,"campfire_choices":[{"data":"Infernal Blade","floor":8,"key":"SMITH"},{"data":"Inflame","floor":15,"key":"SMITH"},{"floor":23,"key":"REST"},{"floor":27,"key":"REST"},{"floor":32,"key":"REST"},{"data":"Bash","floor":40,"key":"SMITH"},{"floor":45,"key":"REST"}],"neow_cost":"NONE","seed_source_timestamp":443242578911054,"circlet_count":0,"master_deck":["Strike_R","Strike_R","Strike_R","Strike_R","Bash+1","Clash","Clothesline","Infernal Blade+1","Clash","Bludgeon","Inflame+1","Clash","Feed","Thunderclap","Heavy Blade","Dropkick","Shrug It Off","Rage","Clash","Pommel Strike","Perfected Strike+1","J.A.X.","Flash of Steel","Violence","Perfected Strike"],"relics":["Burning Blood","NeowsBlessing","Tiny Chest","Odd Mushroom","Strawberry","Golden Idol","Red Skull","Orrery","Bag of Marbles","Dodecahedron","Smiling Mask","Art of War","Empty Cage","Turnip","Blood Vial"],"potions_floor_usage":[13,16,18,24,25,33,42,42,46],"damage_taken":[{"damage":0,"enemies":"Cultist","floor":1,"turns":1},{"damage":0,"enemies":"Jaw Worm","floor":3,"turns":1},{"damage":0,"enemies":"Small Slimes","floor":5,"turns":1},{"damage":10,"enemies":"3 Sentries","floor":6,"turns":6},{"damage":13,"enemies":"The Mushroom Lair","floor":7,"turns":3},{"damage":3,"enemies":"Blue Slaver","floor":12,"turns":2},{"damage":8,"enemies":"Lagavulin","floor":13,"turns":4},{"damage":43,"enemies":"The Guardian","floor":16,"turns":5},{"damage":22,"enemies":"3 Byrds","floor":18,"turns":4},{"damage":20,"enemies":"2 Thieves","floor":20,"turns":3},{"damage":18,"enemies":"Snake Plant","floor":21,"turns":3},{"damage":23,"enemies":"Gremlin Leader","floor":24,"turns":6},{"damage":18,"enemies":"Shelled Parasite and Fungi","floor":25,"turns":4},{"damage":7,"enemies":"Chosen and Byrds","floor":28,"turns":4},{"damage":0,"enemies":"Snake Plant","floor":29,"turns":1},{"damage":23,"enemies":"Centurion and Healer","floor":30,"turns":3},{"damage":74,"enemies":"Automaton","floor":33,"turns":8},{"damage":13,"enemies":"Orb Walker","floor":35,"turns":3},{"damage":8,"enemies":"3 Darklings","floor":39,"turns":4},{"damage":11,"enemies":"Transient","floor":41,"turns":5},{"damage":58,"enemies":"2 Orb Walkers","floor":42,"turns":4},{"damage":7,"enemies":"Sphere and 2 Shapes","floor":44,"turns":2},{"damage":46,"enemies":"Reptomancer","floor":46,"turns":4}],"seed_played":"-7211268003003154076","potions_obtained":[{"floor":7,"key":"Block Potion"},{"floor":13,"key":"Strength Potion"},{"floor":16,"key":"Fire Potion"},{"floor":20,"key":"Strength Potion"},{"floor":21,"key":"Ancient Potion"},{"floor":24,"key":"Regen Potion"},{"floor":30,"key":"EssenceOfSteel"},{"floor":39,"key":"Dexterity Potion"},{"floor":41,"key":"FearPotion"},{"floor":44,"key":"SteroidPotion"}],"is_trial":false,"path_per_floor":["M","$","M","?","M","E","?","R","T","$","?","M","E","?","R","B",null,"M","$","M","M","?","R","E","M","T","R","M","M","M","?","R","B",null,"M","$","?","?","M","R","M","?","T","M","R","E"],"character_chosen":"IRONCLAD","items_purchased":["Clothesline","Bag of Marbles","Flash of Steel"],"campfire_rested":4,"item_purchase_floors":[2,19,36],"current_hp_per_floor":[80,80,80,85,85,81,74,74,81,81,81,84,82,82,82,45,80,64,64,53,41,41,69,52,52,52,80,79,85,68,68,95,27,78,71,71,71,71,69,69,64,12,12,13,41,0],"gold":315,"neow_bonus":"THREE_ENEMY_KILL","is_prod":false,"is_daily":false,"chose_seed":false,"campfire_upgraded":3,"win_rate":0,"timestamp":1543015727,"path_taken":["M","$","?","?","M","E","?","R","T","$","?","?","E","?","R","BOSS","M","$","M","M","?","R","E","M","T","R","M","M","M","?","R","BOSS","M","$","?","?","M","R","M","?","T","M","R","E"],"build_version":"2018-11-15","purchased_purges":3,"victory":false,"max_hp_per_floor":[80,80,80,85,85,85,85,85,92,92,92,92,92,92,92,92,92,92,92,95,95,95,95,95,95,95,95,95,95,95,95,95,95,95,95,95,95,95,95,95,95,95,95,95,95,95],"card_choices":[{"not_picked":["Thunderclap","Flex"],"picked":"Clash","floor":1},{"not_picked":["Power Through","Burning Pact"],"picked":"Infernal Blade","floor":3},{"not_picked":["Sever Soul","Anger"],"picked":"Clash","floor":5},{"not_picked":["Rupture","Body Slam"],"picked":"Bludgeon","floor":6},{"not_picked":["Wild Strike","Flame Barrier"],"picked":"Inflame","floor":7},{"not_picked":["True Grit","Feel No Pain"],"picked":"Clash","floor":12},{"not_picked":["Perfected Strike","Sword Boomerang","Warcry"],"picked":"SKIP","floor":13},{"not_picked":["Berserk","Double Tap"],"picked":"Feed","floor":16},{"not_picked":["Iron Wave","Warcry"],"picked":"Thunderclap","floor":17},{"not_picked":["Iron Wave","Clothesline"],"picked":"Heavy Blade","floor":17},{"not_picked":["Havoc","Shrug It Off"],"picked":"Dropkick","floor":17},{"not_picked":["Armaments","Iron Wave"],"picked":"Shrug It Off","floor":18},{"not_picked":["Armaments","Dual Wield"],"picked":"Rage","floor":20},{"not_picked":["Second Wind+1","Power Through+1"],"picked":"Clash","floor":21},{"not_picked":["Rage","Armaments"],"picked":"Pommel Strike","floor":24},{"not_picked":["Power Through","Pummel"],"picked":"Perfected Strike+1","floor":25},{"not_picked":["Clothesline+1","Spot Weakness","Warcry"],"picked":"SKIP","floor":28},{"not_picked":["Havoc+1","Reaper","Anger"],"picked":"SKIP","floor":29},{"not_picked":["Heavy Blade+1","Fire Breathing","Shrug It Off"],"picked":"SKIP","floor":30},{"not_picked":["Havoc+1","Warcry+1","Rampage+1"],"picked":"SKIP","floor":35},{"not_picked":["Flash of Steel","Chrysalis"],"picked":"Violence","floor":38},{"not_picked":["Blood for Blood+1","Wild Strike"],"picked":"Perfected Strike","floor":39},{"not_picked":["Flex+1","Armaments","Havoc+1"],"picked":"SKIP","floor":41},{"not_picked":["Bloodletting","Body Slam+1","Warcry+1"],"picked":"SKIP","floor":44}],"player_experience":363488,"relics_obtained":[{"floor":6,"key":"Tiny Chest"},{"floor":7,"key":"Odd Mushroom"},{"floor":9,"key":"Strawberry"},{"floor":13,"key":"Red Skull"},{"floor":24,"key":"Smiling Mask"},{"floor":26,"key":"Art of War"},{"floor":42,"key":"Turnip"},{"floor":43,"key":"Blood Vial"}],"event_choices":[{"damage_healed":0,"gold_gain":0,"player_choice":"Donut","damage_taken":0,"max_hp_gain":5,"max_hp_loss":0,"event_name":"Big Fish","floor":4,"gold_loss":0},{"damage_healed":0,"gold_gain":0,"player_choice":"Fought Mushrooms","damage_taken":0,"max_hp_gain":0,"max_hp_loss":0,"event_name":"Mushrooms","floor":7,"gold_loss":0},{"damage_healed":0,"gold_gain":0,"player_choice":"Take Wound","damage_taken":0,"relics_obtained":["Golden Idol"],"max_hp_gain":0,"max_hp_loss":0,"event_name":"Golden Idol","floor":11,"gold_loss":0,"cards_obtained":["Injury"]},{"cards_removed":["Injury"],"damage_healed":0,"gold_gain":0,"player_choice":"Card Removal","damage_taken":0,"max_hp_gain":0,"max_hp_loss":0,"event_name":"The Cleric","floor":14,"gold_loss":50},{"damage_healed":0,"gold_gain":0,"player_choice":"Obtained Relic","damage_taken":0,"relics_obtained":["Dodecahedron"],"max_hp_gain":0,"max_hp_loss":0,"event_name":"Addict","floor":22,"gold_loss":85},{"damage_healed":0,"gold_gain":0,"player_choice":"Obtain J.A.X.","damage_taken":0,"max_hp_gain":0,"max_hp_loss":0,"event_name":"Drug Dealer","floor":31,"gold_loss":0,"cards_obtained":["J.A.X."]},{"damage_healed":0,"gold_gain":0,"player_choice":"Ignored","damage_taken":0,"max_hp_gain":0,"max_hp_loss":0,"event_name":"Tomb of Lord Red Mask","floor":37,"gold_loss":0},{"damage_healed":0,"gold_gain":0,"player_choice":"Memory 1","damage_taken":0,"max_hp_gain":0,"max_hp_loss":0,"event_name":"SensoryStone","floor":38,"gold_loss":0},{"damage_healed":0,"gold_gain":0,"player_choice":"Fight","damage_taken":0,"max_hp_gain":0,"max_hp_loss":0,"event_name":"Mysterious Sphere","floor":42,"gold_loss":0}],"is_beta":false,"boss_relics":[{"not_picked":["Runic Dome","Coffee Dripper"],"picked":"Orrery"},{"not_picked":["Lizard Tail","Runic Pyramid"],"picked":"Empty Cage"}],"items_purged_floors":[2,10,36],"is_endless":false,"potions_floor_spawned":[7,13,16,20,21,24,30,39,41,44],"killed_by":"Reptomancer","ascension_level":5}