{"gold_per_floor":[113,139,64,94,146,146,46,59,59,99,136,167,186,201,201,321,321,355,21,0,0,39,39,73,73,73,73,19,19,19,32,32,127,127,185,201,321,91,107,107,107],"floor_reached":41,"playtime":3383,"items_purged":["Strike_R","Strike_R","Strike_R","Defend_R"],"score":661,"play_id":"f1e13d93-dc85-40dd-8761-2f55333a2d10","local_time":"20190503114941","is_ascension_mode":true,"campfire_choices":[{"data":"Cleave","floor":6,"key":"SMITH"},{"data":"Inflame","floor":15,"key":"SMITH"},{"data":"Mayhem","floor":23,"key":"SMITH"},{"data":"Demon Form","floor":25,"key":"SMITH"},{"data":"Cleave","floor":27,"key":"SMITH"},{"data":"Whirlwind","floor":32,"key":"SMITH"},{"data":"Heavy Blade","floor":40,"key":"SMITH"}],"neow_cost":"TEN_PERCENT_HP_LOSS","seed_source_timestamp":1282905417365821,"circlet_count":0,"master_deck":["AscendersBane","Strike_R","Strike_R","Defend_R","Defend_R","Bash","HandOfGreed","Deep Breath","Cleave+1","Inflame+1","Cleave+1","Shrug It Off","Whirlwind+1","Disarm","Feed","Reckless Charge+1","Mayhem+1","Evolve","Clothesline+1","Demon Form+1","Heavy Blade+1","Impervious","Body Slam+1","Shrug It Off","Dropkick"],"relics":["Burning Blood","Orichalcum","Sundial","Magic Flower","Coffee Dripper","Ornamental Fan","Peace Pipe","Torii","Empty Cage","Calipers"],"potions_floor_usage":[5,11,11,11,16,18,33,37,39,41],"damage_taken":[{"damage":6,"enemies":"Cultist","floor":1,"turns":3},{"damage":0,"enemies":"2 Louse","floor":4,"turns":3},{"damage":4,"enemies":"Small Slimes","floor":5,"turns":5},{"damage":6,"enemies":"Looter","floor":8,"turns":4},{"damage":6,"enemies":"Blue Slaver","floor":10,"turns":4},{"damage":0,"enemies":"Exordium Thugs","floor":11,"turns":4},{"damage":8,"enemies":"Gremlin Nob","floor":12,"turns":4},{"damage":2,"enemies":"Exordium Wildlife","floor":13,"turns":5},{"damage":0,"enemies":"3 Louse","floor":14,"turns":1},{"damage":23,"enemies":"Hexaghost","floor":16,"turns":11},{"damage":30,"enemies":"2 Thieves","floor":18,"turns":4},{"damage":0,"enemies":"3 Byrds","floor":22,"turns":4},{"damage":13,"enemies":"Book of Stabbing","floor":24,"turns":6},{"damage":19,"enemies":"3 Cultists","floor":31,"turns":5},{"damage":63,"enemies":"Automaton","floor":33,"turns":7},{"damage":12,"enemies":"3 Shapes","floor":35,"turns":8},{"damage":30,"enemies":"Orb Walker","floor":36,"turns":4},{"damage":0,"enemies":"Mind Bloom Boss Battle","floor":37,"turns":6},{"damage":15,"enemies":"Sphere and 2 Shapes","floor":39,"turns":3},{"damage":71,"enemies":"Reptomancer","floor":41,"turns":4}],"seed_played":"-2212528651229895053","potions_obtained":[{"floor":1,"key":"Weak Potion"},{"floor":5,"key":"EntropicBrew"},{"floor":13,"key":"SpeedPotion"},{"floor":14,"key":"GamblersBrew"},{"floor":16,"key":"Regen Potion"},{"floor":31,"key":"Block Potion"},{"floor":36,"key":"Swift Potion"},{"floor":37,"key":"Strength Potion"},{"floor":39,"key":"Energy Potion"}],"is_trial":false,"path_per_floor":["M","T","$","M","M","R","$","M","T","M","M","E","M","M","R","B",null,"M","$","?","?","M","R","E","R","T","R","$","?","?","M","R","B",null,"M","M","?","$","M","R","E"],"character_chosen":"IRONCLAD","items_purchased":["Mayhem","Evolve","Heavy Blade","Dropkick"],"campfire_rested":0,"item_purchase_floors":[19,19,28,38],"current_hp_per_floor":[72,72,72,72,72,72,72,72,72,72,72,70,72,72,72,58,69,48,48,48,41,50,50,51,51,51,51,51,75,75,65,65,11,59,56,35,44,44,43,43,0],"gold":107,"neow_bonus":"RANDOM_COLORLESS_2","is_prod":false,"is_daily":false,"chose_seed":false,"campfire_upgraded":7,"win_rate":0,"timestamp":1556894981,"path_taken":["M","?","$","M","M","R","$","?","T","M","M","E","M","M","R","BOSS","M","$","?","?","?","R","E","R","T","R","$","?","?","M","R","BOSS","M","M","?","$","M","R","E"],"build_version":"2019-01-23","purchased_purges":4,"victory":false,"max_hp_per_floor":[72,72,72,72,72,72,72,72,72,72,72,72,72,72,72,72,72,72,72,72,72,72,72,75,75,75,75,75,75,75,75,75,75,75,75,75,75,75,78,78,78],"card_choices":[{"not_picked":["Headbutt","Thunderclap"],"picked":"Cleave","floor":1},{"not_picked":["Pommel Strike","Iron Wave"],"picked":"Inflame","floor":4},{"not_picked":["Pommel Strike","Blood for Blood"],"picked":"Cleave","floor":5},{"not_picked":["True Grit","Combust"],"picked":"Shrug It Off","floor":8},{"not_picked":["Iron Wave","Double Tap","Clothesline"],"picked":"SKIP","floor":10},{"not_picked":["Shrug It Off","Flex"],"picked":"Whirlwind","floor":11},{"not_picked":["Sword Boomerang","Iron Wave"],"picked":"Disarm","floor":12},{"not_picked":["Twin Strike","Pommel Strike","Thunderclap"],"picked":"SKIP","floor":13},{"not_picked":["Pommel Strike","Burning Pact","Flex"],"picked":"SKIP","floor":14},{"not_picked":["Exhume","Limit Break"],"picked":"Feed","floor":16},{"not_picked":["Flex","Heavy Blade"],"picked":"Reckless Charge+1","floor":18},{"not_picked":["Second Wind","Iron Wave"],"picked":"Clothesline+1","floor":22},{"not_picked":["Twin Strike+1","Heavy Blade"],"picked":"Demon Form","floor":24},{"not_picked":["Anger","Armaments","Intimidate"],"picked":"SKIP","floor":31},{"not_picked":["Double Tap","Fiend Fire"],"picked":"Impervious","floor":33},{"not_picked":["Spot Weakness+1","Hemokinesis"],"picked":"Body Slam+1","floor":35},{"not_picked":["Infernal Blade","Anger","Warcry"],"picked":"SKIP","floor":36},{"not_picked":["Flex","Burning Pact+1"],"picked":"Shrug It Off","floor":37},{"not_picked":["Rage","Clash","Iron Wave"],"picked":"SKIP","floor":39}],"player_experience":684322,"relics_obtained":[{"floor":2,"key":"Orichalcum"},{"floor":9,"key":"Sundial"},{"floor":12,"key":"Magic Flower"},{"floor":24,"key":"Ornamental Fan"},{"floor":26,"key":"Peace Pipe"},{"floor":37,"key":"Calipers"}],"event_choices":[{"damage_healed":0,"gold_gain":0,"player_choice":"Paid Fearfully","damage_taken":0,"max_hp_gain":0,"max_hp_loss":0,"event_name":"Masked Bandits","floor":20,"gold_loss":21},{"damage_healed":0,"gold_gain":0,"player_choice":"Damaged","damage_taken":7,"max_hp_gain":0,"max_hp_loss":0,"event_name":"Wheel of Change","floor":21,"gold_loss":0},{"damage_healed":25,"gold_gain":0,"player_choice":"Heal","damage_taken":0,"max_hp_gain":0,"max_hp_loss":0,"event_name":"The Library","floor":29,"gold_loss":0},{"damage_healed":0,"gold_gain":0,"player_choice":"Opened","damage_taken":0,"relics_obtained":["Torii"],"max_hp_gain":0,"max_hp_loss":0,"event_name":"The Mausoleum","floor":30,"gold_loss":0,"cards_obtained":["Writhe"]},{"damage_healed":0,"gold_gain":0,"player_choice":"Fight","damage_taken":0,"max_hp_gain":0,"max_hp_loss":0,"event_name":"MindBloom","floor":37,"gold_loss":0}],"is_beta":false,"boss_relics":[{"not_picked":["Fusion Hammer","Snecko Eye"],"picked":"Coffee Dripper"},{"not_picked":["Sozu","Runic Pyramid"],"picked":"Empty Cage"}],"items_purged_floors":[3,7,19,38],"is_endless":false,"potions_floor_spawned":[1,5,13,14,16,31,36,37,39],"killed_by":"Reptomancer","ascension_level":12}