{"gold_per_floor":[119,136,151,167,167,201,217,217,244,266,288,318,341,371,383,493,505,534,546,558,585,597,609,634,646,658,670],"floor_reached":27,"playtime":1128,"items_purged":[],"score":345,"play_id":"3a7ae62b-727d-4879-9c08-2668b80ff4fb","local_time":"20190617210426","is_ascension_mode":true,"campfire_choices":[{"floor":15,"key":"REST"},{"data":"Demon Form","floor":23,"key":"SMITH"},{"data":"Armaments","floor":25,"key":"SMITH"}],"neow_cost":"NONE","seed_source_timestamp":191881195382502,"circlet_count":0,"master_deck":["Strike_R","Strike_R","Strike_R","Defend_R","Defend_R","Defend_R","Defend_R","Bash","Heavy Blade","Ghostly Armor","Inflame","Wild Strike","Heavy Blade","Armaments+1","Demon Form+1","Headbutt","Rage","Shrug It Off","Heavy Blade","Immolate","Pommel Strike","Havoc+1","Perfected Strike","Intimidate","Heavy Blade+1"],"relics":["Burning Blood","NeowsBlessing","Strawberry","Dream Catcher","MawBank","Sozu","Sundial"],"potions_floor_usage":[14,14,16,16],"damage_taken":[{"damage":0,"enemies":"Small Slimes","floor":1,"turns":1},{"damage":0,"enemies":"Jaw Worm","floor":2,"turns":1},{"damage":0,"enemies":"Cultist","floor":3,"turns":1},{"damage":17,"enemies":"Lots of Slimes","floor":4,"turns":6},{"damage":39,"enemies":"Gremlin Nob","floor":6,"turns":5},{"damage":12,"enemies":"Looter","floor":7,"turns":3},{"damage":1,"enemies":"3 Louse","floor":10,"turns":3},{"damage":26,"enemies":"Gremlin Gang","floor":11,"turns":6},{"damage":7,"enemies":"2 Fungi Beasts","floor":12,"turns":4},{"damage":11,"enemies":"Looter","floor":13,"turns":3},{"damage":5,"enemies":"Lots of Slimes","floor":14,"turns":3},{"damage":30,"enemies":"Slime Boss","floor":16,"turns":9},{"damage":29,"enemies":"3 Byrds","floor":18,"turns":4},{"damage":2,"enemies":"Spheric Guardian","floor":21,"turns":3},{"damage":15,"enemies":"Centurion and Healer","floor":24,"turns":5},{"damage":83,"enemies":"Book of Stabbing","floor":27,"turns":5}],"seed_played":"-8899345614419889183","potions_obtained":[{"floor":3,"key":"Ancient Potion"},{"floor":7,"key":"SpeedPotion"},{"floor":11,"key":"SkillPotion"},{"floor":12,"key":"AttackPotion"},{"floor":13,"key":"AttackPotion"},{"floor":14,"key":"Block Potion"}],"is_trial":false,"path_per_floor":["M","M","M","M","?","E","M","?","T","M","M","M","M","M","R","B",null,"M","?","?","M","?","R","M","R","T","E"],"character_chosen":"IRONCLAD","items_purchased":[],"campfire_rested":1,"item_purchase_floors":[],"current_hp_per_floor":[78,80,80,69,74,48,42,42,42,47,27,26,21,22,49,25,75,52,52,92,92,92,92,83,83,83,0],"gold":670,"neow_bonus":"THREE_ENEMY_KILL","is_prod":false,"is_daily":false,"chose_seed":false,"campfire_upgraded":2,"win_rate":0,"timestamp":1560819866,"path_taken":["M","M","M","M","?","E","M","?","T","M","M","?","M","?","R","BOSS","M","?","?","?","?","R","M","R","T","E"],"build_version":"2019-01-23","purchased_purges":0,"victory":false,"max_hp_per_floor":[80,80,80,80,85,92,92,92,92,92,92,92,92,92,92,92,92,92,92,92,92,92,92,92,92,92,92],"card_choices":[{"not_picked":["True Grit","Thunderclap"],"picked":"Heavy Blade","floor":1},{"not_picked":["Anger","Shrug It Off"],"picked":"Ghostly Armor","floor":2},{"not_picked":["Warcry","Clash"],"picked":"Inflame","floor":3},{"not_picked":["Searing Blow","Dropkick"],"picked":"Wild Strike","floor":4},{"not_picked":["Clash","Dropkick"],"picked":"Infernal Blade","floor":6},{"not_picked":["Sword Boomerang","Combust"],"picked":"Heavy Blade","floor":7},{"not_picked":["Carnage","Searing Blow"],"picked":"Armaments","floor":10},{"not_picked":["Whirlwind","Headbutt"],"picked":"Demon Form","floor":11},{"not_picked":["Sword Boomerang","Clash"],"picked":"Headbutt","floor":12},{"not_picked":["Pommel Strike","Flex"],"picked":"Rage","floor":13},{"not_picked":["Anger","Intimidate"],"picked":"Shrug It Off","floor":14},{"not_picked":["Perfected Strike","Juggernaut"],"picked":"Heavy Blade","floor":15},{"not_picked":["Double Tap","Demon Form"],"picked":"Immolate","floor":16},{"not_picked":["Whirlwind","Body Slam+1"],"picked":"Pommel Strike","floor":18},{"not_picked":["Spot Weakness","Body Slam"],"picked":"Havoc+1","floor":21},{"not_picked":["Headbutt","Intimidate"],"picked":"Heavy Blade+1","floor":24}],"player_experience":277184,"relics_obtained":[{"floor":6,"key":"Strawberry"},{"floor":9,"key":"MawBank"},{"floor":26,"key":"Sundial"}],"event_choices":[{"damage_healed":0,"gold_gain":0,"player_choice":"Donut","damage_taken":0,"max_hp_gain":5,"max_hp_loss":0,"event_name":"Big Fish","floor":5,"gold_loss":0},{"damage_healed":0,"gold_gain":0,"player_choice":"Gave Potion","damage_taken":0,"relics_obtained":["Dream Catcher"],"max_hp_gain":0,"max_hp_loss":0,"event_name":"WeMeetAgain","floor":8,"gold_loss":0},{"damage_healed":0,"gold_gain":0,"player_choice":"Ignored","damage_taken":0,"max_hp_gain":0,"max_hp_loss":0,"event_name":"Cursed Tome","floor":19,"gold_loss":0},{"cards_removed":["Infernal Blade"],"damage_healed":40,"gold_gain":0,"player_choice":"Offered Uncommon","damage_taken":0,"max_hp_gain":0,"max_hp_loss":0,"event_name":"Bonfire Elementals","floor":20,"gold_loss":0},{"damage_healed":0,"gold_gain":0,"cards_transformed":["Strike_R","Strike_R"],"player_choice":"Became Test Subject","damage_taken":0,"max_hp_gain":0,"max_hp_loss":0,"event_name":"Drug Dealer","floor":22,"gold_loss":0,"cards_obtained":["Perfected Strike","Intimidate"]}],"is_beta":false,"boss_relics":[{"not_picked":["Runic Pyramid","White Beast Statue"],"picked":"Sozu"}],"items_purged_floors":[],"is_endless":false,"potions_floor_spawned":[3,7,11,12,13,14,18,24],"killed_by":"Book of Stabbing","ascension_level":9}