{"gold_per_floor":[113,288,288,308,308,308,338,338,338,338,368,213,65,81,81,179,229,240,256,181,181,106,138,166,81,81,81,96,125,125,25,25,122,122,132,7,7,27,249,249,249,275,300,125,125,138,148,148,148,148],"floor_reached":50,"playtime":2398,"items_purged":["Defend_R","Strike_R","Strike_R","Strike_R"],"score":575,"play_id":"ee77e053-a3c9-4e7d-bb85-52fcbcd0790d","local_time":"20190203131636","is_ascension_mode":false,"campfire_choices":[{"data":"Clash","floor":6,"key":"SMITH"},{"data":"Carnage","floor":8,"key":"SMITH"},{"floor":10,"key":"REST"},{"data":"Iron Wave","floor":15,"key":"SMITH"},{"data":"Dual Wield","floor":27,"key":"SMITH"},{"data":"Inflame","floor":30,"key":"SMITH"},{"data":"Iron Wave","floor":32,"key":"SMITH"},{"data":"Demon Form","floor":40,"key":"SMITH"},{"data":"Heavy Blade","floor":45,"key":"SMITH"},{"floor":49,"key":"REST"}],"neow_cost":"NONE","seed_source_timestamp":1128986383708707,"circlet_count":0,"master_deck":["Strike_R","Strike_R+1","Defend_R","Defend_R","Bash+1","Clash+1","Carnage+1","Iron Wave+1","Clash","Iron Wave+1","Dual Wield+1","Inflame+1","Intimidate+1","Demon Form+1","Seeing Red+1","Clash+1","Fire Breathing+1","Anger+1","Rampage+1","Thinking Ahead","Trip+1","Flash of Steel+1","Heavy Blade+1","Whirlwind+1","Intimidate"],"relics":["Burning Blood","Ancient Tea Set","Self Forming Clay","Matryoshka","Happy Flower","Bag of Marbles","Anchor","Tiny House","Nilry\u0027s Codex","Bottled Flame","Red Mask","Omamori","Centennial Puzzle","Question Card","Unceasing Top","Orrery","Whetstone","Bag of Preparation","Potion Belt"],"potions_floor_usage":[16,28,29,29,33,38,47,47],"damage_taken":[{"damage":5,"enemies":"Jaw Worm","floor":1,"turns":5},{"damage":4,"enemies":"Cultist","floor":4,"turns":4},{"damage":31,"enemies":"Lagavulin","floor":7,"turns":5},{"damage":0,"enemies":"2 Louse","floor":14,"turns":1},{"damage":4,"enemies":"Slime Boss","floor":16,"turns":6},{"damage":0,"enemies":"Shell Parasite","floor":18,"turns":2},{"damage":0,"enemies":"Chosen","floor":19,"turns":3},{"damage":0,"enemies":"Book of Stabbing","floor":23,"turns":3},{"damage":14,"enemies":"Masked Bandits","floor":24,"turns":4},{"damage":0,"enemies":"Snake Plant","floor":28,"turns":2},{"damage":0,"enemies":"Gremlin Leader","floor":29,"turns":4},{"damage":20,"enemies":"Automaton","floor":33,"turns":3},{"damage":0,"enemies":"Orb Walker","floor":35,"turns":2},{"damage":9,"enemies":"3 Darklings","floor":38,"turns":3},{"damage":28,"enemies":"Nemesis","floor":42,"turns":3},{"damage":9,"enemies":"4 Shapes","floor":46,"turns":3},{"damage":11,"enemies":"Maw","floor":47,"turns":4},{"damage":76,"enemies":"Donu and Deca","floor":50,"turns":6}],"seed_played":"1124819245167241595","potions_obtained":[{"floor":1,"key":"Regen Potion"},{"floor":14,"key":"AttackPotion"},{"floor":16,"key":"Dexterity Potion"},{"floor":17,"key":"FearPotion"},{"floor":24,"key":"Swift Potion"},{"floor":28,"key":"GamblersBrew"},{"floor":29,"key":"SpeedPotion"},{"floor":35,"key":"Explosive Potion"},{"floor":46,"key":"Swift Potion"}],"is_trial":false,"path_per_floor":["M","?","?","M","?","R","E","R","T","R","?","$","$","M","R","B",null,"M","M","?","?","$","E","?","?","T","R","M","E","R","$","R","B",null,"M","$","?","M","?","R","?","E","T","$","R","M","M","?","R","B"],"character_chosen":"IRONCLAD","items_purchased":["Bag of Marbles","Anchor","Heavy Blade"],"campfire_rested":2,"item_purchase_floors":[12,13,44],"current_hp_per_floor":[80,80,80,80,73,73,48,48,48,72,72,72,72,78,78,80,85,85,85,85,69,69,75,67,67,67,67,73,79,79,79,79,70,85,85,85,75,72,72,72,72,50,50,50,50,47,42,42,67,0],"gold":148,"neow_bonus":"RANDOM_COMMON_RELIC","is_prod":false,"is_daily":false,"chose_seed":false,"campfire_upgraded":8,"win_rate":0,"timestamp":1549214196,"path_taken":["M","?","?","?","?","R","E","R","T","R","?","?","$","M","R","BOSS","M","M","?","?","$","E","?","?","T","R","M","E","R","$","R","BOSS","M","$","?","M","?","R","?","E","T","$","R","M","?","?","R","BOSS"],"build_version":"2019-01-23","purchased_purges":4,"victory":false,"max_hp_per_floor":[80,80,80,80,80,80,80,80,80,80,80,80,80,80,80,80,85,85,85,85,85,85,85,85,85,85,85,85,85,85,85,85,85,85,85,85,85,85,85,85,85,85,85,85,85,85,85,85,85,85],"card_choices":[{"not_picked":["Entrench","Headbutt"],"picked":"Clash","floor":1},{"not_picked":["Sentinel","Ghostly Armor"],"picked":"Carnage","floor":4},{"not_picked":["True Grit","Sentinel","Armaments"],"picked":"SKIP","floor":7},{"not_picked":["Offering","Thunderclap"],"picked":"Iron Wave","floor":14},{"not_picked":["Perfected Strike","Evolve"],"picked":"Clash","floor":18},{"not_picked":["Intimidate","Pummel+1"],"picked":"Iron Wave","floor":19},{"not_picked":["Wild Strike+1","Feel No Pain+1"],"picked":"Dual Wield","floor":23},{"not_picked":["Wild Strike+1","Pommel Strike","True Grit"],"picked":"Inflame","floor":28},{"not_picked":["Twin Strike","Fire Breathing","Pommel Strike"],"picked":"Intimidate+1","floor":29},{"not_picked":["Impervious","Brutality","Feed"],"picked":"Demon Form","floor":33},{"not_picked":["Havoc+1","Clash","Thunderclap"],"picked":"Seeing Red+1","floor":34},{"not_picked":["True Grit+1","Clothesline","Evolve"],"picked":"Clash+1","floor":34},{"not_picked":["Pommel Strike","Evolve","Wild Strike+1"],"picked":"Fire Breathing+1","floor":34},{"not_picked":["Blood for Blood+1","Thunderclap+1","Hemokinesis"],"picked":"Anger+1","floor":34},{"not_picked":["Flame Barrier","Infernal Blade","Rupture"],"picked":"Rampage","floor":34},{"not_picked":["Perfected Strike+1","Hemokinesis+1","Uppercut","Reckless Charge"],"picked":"SKIP","floor":35},{"not_picked":["Discovery","Chrysalis","Deep Breath"],"picked":"Thinking Ahead","floor":37},{"not_picked":["Good Instincts","Deep Breath","Metamorphosis"],"picked":"Trip","floor":37},{"not_picked":["HandOfGreed","Enlightenment","Good Instincts"],"picked":"Flash of Steel","floor":37},{"not_picked":["Warcry","Shrug It Off+1","Sword Boomerang","Heavy Blade+1"],"picked":"SKIP","floor":38},{"not_picked":["Flex","Immolate","Entrench+1","Twin Strike"],"picked":"SKIP","floor":42},{"not_picked":["Havoc+1","Seeing Red+1","Corruption"],"picked":"Whirlwind+1","floor":46},{"not_picked":["Power Through+1","Sever Soul+1","Body Slam"],"picked":"Intimidate","floor":47}],"player_experience":404667,"relics_obtained":[{"floor":7,"key":"Self Forming Clay"},{"floor":9,"key":"Matryoshka"},{"floor":21,"key":"Nilry\u0027s Codex"},{"floor":23,"key":"Bottled Flame"},{"floor":24,"key":"Red Mask"},{"floor":26,"key":"Centennial Puzzle"},{"floor":26,"key":"Question Card"},{"floor":29,"key":"Unceasing Top"},{"floor":42,"key":"Whetstone"},{"floor":43,"key":"Bag of Preparation"},{"floor":43,"key":"Potion Belt"}],"event_choices":[{"damage_healed":0,"gold_gain":175,"player_choice":"AGREE","damage_taken":0,"max_hp_gain":0,"max_hp_loss":0,"event_name":"Liars Game","floor":2,"gold_loss":0,"cards_obtained":["Doubt"]},{"damage_healed":0,"gold_gain":0,"player_choice":"Upgraded","damage_taken":0,"max_hp_gain":0,"max_hp_loss":0,"event_name":"Upgrade Shrine","floor":3,"gold_loss":0,"cards_upgraded":["Bash"]},{"cards_removed":["Doubt"],"damage_healed":0,"gold_gain":0,"player_choice":"Card Removal","damage_taken":7,"max_hp_gain":0,"max_hp_loss":0,"event_name":"Golden Wing","floor":5,"gold_loss":0},{"damage_healed":0,"gold_gain":30,"player_choice":"Searched \u00273\u0027 times","damage_taken":0,"relics_obtained":["Happy Flower"],"max_hp_gain":0,"max_hp_loss":0,"event_name":"Dead Adventurer","floor":11,"gold_loss":0},{"cards_removed":["Defend_R"],"damage_healed":0,"gold_gain":0,"player_choice":"Gave Gold","damage_taken":0,"max_hp_gain":0,"max_hp_loss":0,"event_name":"Beggar","floor":20,"gold_loss":75},{"damage_healed":0,"gold_gain":0,"player_choice":"Obtained Book","damage_taken":16,"max_hp_gain":0,"max_hp_loss":0,"event_name":"Cursed Tome","floor":21,"gold_loss":0},{"damage_healed":0,"gold_gain":0,"player_choice":"Fought Bandits","damage_taken":0,"max_hp_gain":0,"max_hp_loss":0,"event_name":"Masked Bandits","floor":24,"gold_loss":0},{"damage_healed":0,"gold_gain":0,"player_choice":"Obtained Relic","damage_taken":0,"relics_obtained":["Omamori"],"max_hp_gain":0,"max_hp_loss":0,"event_name":"Addict","floor":25,"gold_loss":85},{"damage_healed":0,"gold_gain":0,"player_choice":"Memory 3","damage_taken":10,"max_hp_gain":0,"max_hp_loss":0,"event_name":"SensoryStone","floor":37,"gold_loss":0},{"damage_healed":0,"gold_gain":222,"player_choice":"Wore Mask","damage_taken":0,"max_hp_gain":0,"max_hp_loss":0,"event_name":"Tomb of Lord Red Mask","floor":39,"gold_loss":0},{"damage_healed":0,"gold_gain":0,"player_choice":"Forge","damage_taken":0,"max_hp_gain":0,"max_hp_loss":0,"event_name":"Accursed Blacksmith","floor":41,"gold_loss":0,"cards_upgraded":["Trip"]},{"damage_healed":0,"gold_gain":0,"player_choice":"Ignored","damage_taken":0,"max_hp_gain":0,"max_hp_loss":0,"event_name":"The Moai Head","floor":48,"gold_loss":0}],"is_beta":false,"boss_relics":[{"not_picked":["Astrolabe","Calling Bell"],"picked":"Tiny House"},{"not_picked":["Pandora\u0027s Box","Coffee Dripper"],"picked":"Orrery"}],"items_purged_floors":[22,31,36,44],"is_endless":false,"potions_floor_spawned":[1,14,16,19,24,28,29,35,46],"killed_by":"Donu and Deca","ascension_level":0}