{"gold_per_floor":[113,60,60,112,131,131,157,157,157,206,47,74,88,121,121,193,193,93,93,93,93,93,93,93,93],"floor_reached":25,"playtime":1199,"items_purged":["Strike_B"],"score":463,"play_id":"9aadce68-ea5f-426f-aca0-428f7c8433e5","local_time":"20181119212003","is_ascension_mode":true,"campfire_choices":[{"data":"Streamline","floor":6,"key":"SMITH"},{"floor":8,"key":"REST"},{"data":"Defragment","floor":15,"key":"SMITH"},{"data":"Sweeping Beam","floor":23,"key":"SMITH"}],"neow_cost":"NONE","seed_source_timestamp":30597393654930,"circlet_count":0,"master_deck":["AscendersBane","Defend_B+1","Defend_B+1","Defend_B+1","Defend_B+1","Zap","Dualcast","Defragment+1","Streamline+1","Compile Driver","Doom and Gloom+1","Sweeping Beam+1","Hologram","Glacier","Sweeping Beam+1","Machine Learning","Echo Form","Compile Driver","Bite","Bite","Bite","Bite","Bite","Sweeping Beam+1","FTL","Double Energy+1"],"relics":["Cracked Core","Regal Pillow","Shuriken","Symbiotic Virus","Ancient Tea Set","Strawberry","Whetstone","Ectoplasm"],"potions_floor_usage":[13,13,25,25],"damage_taken":[{"damage":12,"enemies":"Jaw Worm","floor":1,"turns":4},{"damage":7,"enemies":"Small Slimes","floor":5,"turns":3},{"damage":36,"enemies":"Gremlin Nob","floor":7,"turns":4},{"damage":30,"enemies":"Lagavulin","floor":12,"turns":4},{"damage":4,"enemies":"2 Louse","floor":13,"turns":11},{"damage":12,"enemies":"3 Sentries","floor":14,"turns":7},{"damage":33,"enemies":"Slime Boss","floor":16,"turns":6},{"damage":31,"enemies":"2 Thieves","floor":18,"turns":4},{"damage":0,"enemies":"Chosen","floor":20,"turns":3},{"damage":37,"enemies":"Shelled Parasite and Fungi","floor":22,"turns":9},{"damage":3,"enemies":"3 Cultists","floor":24,"turns":4},{"damage":58,"enemies":"Book of Stabbing","floor":25,"turns":4}],"seed_played":"7651444653910945771","potions_obtained":[{"floor":1,"key":"Regen Potion"},{"floor":7,"key":"Regen Potion"},{"floor":13,"key":"FearPotion"},{"floor":18,"key":"Swift Potion"},{"floor":20,"key":"Fruit Juice"}],"is_trial":false,"path_per_floor":["M","$","?","?","M","R","E","R","T","T","$","E","M","E","R","B",null,"M","?","M","?","M","R","M","E"],"character_chosen":"DEFECT","items_purchased":["Streamline","Sweeping Beam","Hologram"],"campfire_rested":1,"item_purchase_floors":[2,11,11],"current_hp_per_floor":[52,52,52,52,45,45,9,45,45,45,45,22,73,61,61,28,66,35,35,39,39,36,36,45,0],"gold":93,"neow_bonus":"RANDOM_COMMON_RELIC","is_prod":false,"is_daily":false,"chose_seed":false,"campfire_upgraded":3,"win_rate":0,"timestamp":1542658803,"path_taken":["M","$","?","?","M","R","E","R","T","?","$","E","M","E","R","BOSS","M","?","M","?","M","R","M","E"],"build_version":"2018-11-15","purchased_purges":1,"victory":false,"max_hp_per_floor":[71,71,71,71,71,71,71,71,71,71,71,78,78,78,78,78,78,78,54,54,54,54,54,54,59],"card_choices":[{"not_picked":["Coolheaded","Cold Snap"],"picked":"Defragment","floor":1},{"not_picked":["Double Energy","Hello World"],"picked":"Compile Driver","floor":5},{"not_picked":["Fusion","Tempest"],"picked":"Doom and Gloom","floor":7},{"not_picked":["Hyperbeam","Tempest"],"picked":"Glacier","floor":12},{"not_picked":["Lockon","Turbo"],"picked":"Sweeping Beam","floor":13},{"not_picked":["Storm","Loop"],"picked":"Machine Learning","floor":14},{"not_picked":["Core Surge","Multi-Cast"],"picked":"Echo Form","floor":16},{"not_picked":["Beam Cell","Coolheaded"],"picked":"Compile Driver","floor":18},{"not_picked":["Ball Lightning","Coolheaded"],"picked":"Sweeping Beam+1","floor":20},{"not_picked":["Stack+1","Sweeping Beam"],"picked":"FTL","floor":22},{"not_picked":["Streamline","Sunder"],"picked":"Double Energy+1","floor":24}],"player_experience":590144,"relics_obtained":[{"floor":7,"key":"Shuriken"},{"floor":9,"key":"Symbiotic Virus"},{"floor":10,"key":"Ancient Tea Set"},{"floor":12,"key":"Strawberry"},{"floor":14,"key":"Whetstone"}],"event_choices":[{"damage_healed":0,"gold_gain":0,"player_choice":"Ignored","damage_taken":0,"max_hp_gain":0,"max_hp_loss":0,"event_name":"Liars Game","floor":3,"gold_loss":0},{"damage_healed":0,"gold_gain":52,"player_choice":"Gained Gold","damage_taken":0,"max_hp_gain":0,"max_hp_loss":0,"event_name":"Golden Wing","floor":4,"gold_loss":0},{"damage_healed":0,"gold_gain":0,"player_choice":"Became a vampire","damage_taken":0,"max_hp_gain":0,"max_hp_loss":24,"event_name":"Vampires","floor":19,"gold_loss":0,"cards_obtained":["Bite","Bite","Bite","Bite","Bite"]},{"damage_healed":0,"gold_gain":0,"player_choice":"Simplicity","damage_taken":0,"max_hp_gain":0,"max_hp_loss":0,"event_name":"Back to Basics","floor":21,"gold_loss":0,"cards_upgraded":["Defend_B","Defend_B","Defend_B","Defend_B"]}],"is_beta":false,"boss_relics":[{"not_picked":["White Beast Statue","Tiny House"],"picked":"Ectoplasm"}],"items_purged_floors":[11],"is_endless":false,"potions_floor_spawned":[1,7,13,18,20],"killed_by":"Book of Stabbing","ascension_level":20}