{"gold_per_floor":[363,313,12,12,12,50,50,63,363,2,36,36,52,65,65,188,188,212,137,137,12,36,36,36,56,132,257,257,282,325,364,364,484,484,504,504,519,741,741,777,1110,1110,1110,1110,1110,1140,1140,677,677,677,677,677,145,174,174],"floor_reached":56,"playtime":2989,"items_purged":["Bash","Strike_R","Defend_R","Defend_R","Strike_R"],"score":1348,"play_id":"1bc26eaf-afa4-4775-b9ed-817846adbfe3","local_time":"20190401153915","is_ascension_mode":false,"campfire_choices":[{"data":"Uppercut","floor":7,"key":"SMITH"},{"data":"Metallicize","floor":15,"key":"SMITH"},{"data":"Barricade","floor":24,"key":"SMITH"},{"floor":28,"key":"RECALL"},{"data":"Rampage","floor":32,"key":"SMITH"},{"data":"Rampage","floor":42,"key":"SMITH"},{"data":"Evolve","floor":44,"key":"SMITH"},{"data":"Defend_R","floor":47,"key":"SMITH"},{"data":"Mayhem","floor":49,"key":"SMITH"},{"data":"Defend_R","floor":52,"key":"SMITH"}],"neow_cost":"CURSE","seed_source_timestamp":708819484862981,"circlet_count":0,"master_deck":["Strike_R","Defend_R+1","Defend_R+1","Dropkick","Uppercut+1","Rampage+1","Rampage+1","Metallicize+1","Evolve+1","Barricade+1","Warcry+1","Shrug It Off+1","Ghostly Armor+1","Battle Trance+1","Infernal Blade+1","Finesse+1","Mayhem+1","Power Through+1","Madness+1","Magnetism","Disarm+1"],"relics":["Black Blood","Bronze Scales","Letter Opener","Gremlin Horn","Old Coin","Orichalcum","Magic Flower","Juzu Bracelet","Paper Frog","Incense Burner","Toxic Egg 2","Red Mask","Omamori","Coffee Dripper","Anchor","Happy Flower","Vajra","Membership Card","Ornamental Fan","StoneCalendar","Self Forming Clay"],"potions_floor_usage":[18,25,27,27,30,46,54,55,55,55],"damage_taken":[{"damage":2,"enemies":"2 Louse","floor":1,"turns":3},{"damage":27,"enemies":"Gremlin Nob","floor":6,"turns":5},{"damage":3,"enemies":"Jaw Worm","floor":8,"turns":2},{"damage":10,"enemies":"3 Sentries","floor":11,"turns":6},{"damage":0,"enemies":"Cultist","floor":13,"turns":3},{"damage":4,"enemies":"Red Slaver","floor":14,"turns":4},{"damage":25,"enemies":"The Guardian","floor":16,"turns":8},{"damage":22,"enemies":"Spheric Guardian","floor":18,"turns":7},{"damage":17,"enemies":"2 Thieves","floor":25,"turns":4},{"damage":18,"enemies":"Colosseum Slavers","floor":27,"turns":5},{"damage":11,"enemies":"Colosseum Nobs","floor":27,"turns":5},{"damage":7,"enemies":"Chosen and Byrds","floor":29,"turns":6},{"damage":28,"enemies":"Masked Bandits","floor":30,"turns":5},{"damage":0,"enemies":"Gremlin Leader","floor":31,"turns":7},{"damage":39,"enemies":"Champ","floor":33,"turns":11},{"damage":0,"enemies":"3 Darklings","floor":35,"turns":4},{"damage":0,"enemies":"3 Shapes","floor":37,"turns":4},{"damage":2,"enemies":"Giant Head","floor":40,"turns":9},{"damage":0,"enemies":"Reptomancer","floor":46,"turns":6},{"damage":0,"enemies":"Awakened One","floor":50,"turns":10},{"damage":3,"enemies":"Shield and Spear","floor":54,"turns":7},{"damage":12,"enemies":"The Heart","floor":55,"turns":8}],"seed_played":"6890879952380470759","potions_obtained":[{"floor":6,"key":"SpeedPotion"},{"floor":14,"key":"Ancient Potion"},{"floor":16,"key":"SteroidPotion"},{"floor":25,"key":"SteroidPotion"},{"floor":29,"key":"EssenceOfSteel"},{"floor":37,"key":"Swift Potion"},{"floor":54,"key":"Swift Potion"}],"is_trial":false,"path_per_floor":["M","?","$","?","T","E","R","M","T","$","E","?","M","M","R","B",null,"M","?","?","$","T","$","R","M","T","?","R","M","?","E","R","B",null,"M","?","M","?","T","E","?","R","T","R","?","E","R","$","R","B",null,"R","$","E","B",null],"character_chosen":"IRONCLAD","items_purchased":["Bronze Scales","Uppercut","Orichalcum","Rampage","Metallicize","Membership Card","Mayhem","Power Through+1","Swift Potion","Swift Potion","Ornamental Fan","Madness+1","Magnetism","StoneCalendar","Block Potion"],"campfire_rested":0,"item_purchase_floors":[3,3,10,10,10,48,48,48,48,48,53,53,53,53,53],"current_hp_per_floor":[80,80,80,60,60,39,39,42,42,42,38,38,47,52,52,36,80,73,73,73,73,73,73,73,71,71,72,72,80,67,80,80,56,80,80,80,80,80,80,80,80,80,80,80,80,80,80,80,80,80,80,80,80,80,80],"gold":174,"neow_bonus":"TWO_FIFTY_GOLD","is_prod":false,"is_daily":false,"chose_seed":false,"campfire_upgraded":9,"win_rate":0,"timestamp":1554143955,"path_taken":["M","?","$","?","?","E","R","?","T","?","E","?","?","M","R","BOSS","M","?","?","$","?","?","R","M","T","?","R","M","?","E","R","BOSS","M","?","M","?","?","E","?","R","T","R","?","E","R","?","R","BOSS","R","$","E","BOSS"],"build_version":"2019-01-23","purchased_purges":5,"victory":true,"max_hp_per_floor":[80,80,80,80,80,80,80,80,80,80,80,80,80,80,80,80,80,80,80,80,80,80,80,80,80,80,80,80,80,80,80,80,80,80,80,80,80,80,80,80,80,80,80,80,80,80,80,80,80,80,80,80,80,80,80],"card_choices":[{"not_picked":["True Grit","Flex"],"picked":"Dropkick","floor":1},{"not_picked":["Cleave","Carnage"],"picked":"Rampage","floor":6},{"not_picked":["Second Wind","Twin Strike","Corruption"],"picked":"SKIP","floor":8},{"not_picked":["Body Slam","Perfected Strike","Armaments"],"picked":"SKIP","floor":11},{"not_picked":["Disarm","Flex"],"picked":"Evolve","floor":13},{"not_picked":["Searing Blow","Body Slam","Shrug It Off"],"picked":"SKIP","floor":14},{"not_picked":["Reaper","Immolate"],"picked":"Barricade","floor":16},{"not_picked":["Warcry","Cleave","Twin Strike"],"picked":"SKIP","floor":18},{"not_picked":["Anger+1","Feel No Pain","Sentinel"],"picked":"SKIP","floor":25},{"not_picked":["Cleave","Uppercut"],"picked":"Warcry+1","floor":29},{"not_picked":["Clash","Anger"],"picked":"Shrug It Off+1","floor":31},{"not_picked":["Sword Boomerang","Twin Strike"],"picked":"Ghostly Armor+1","floor":35},{"not_picked":["Sword Boomerang+1","Flex+1"],"picked":"Battle Trance+1","floor":37},{"not_picked":["Sever Soul","True Grit+1"],"picked":"Infernal Blade+1","floor":40},{"not_picked":["Purity+1","Secret Weapon+1"],"picked":"Finesse+1","floor":45},{"not_picked":["Iron Wave","Shockwave+1","Heavy Blade+1"],"picked":"SKIP","floor":46},{"not_picked":["Flex+1","Clothesline+1"],"picked":"Disarm+1","floor":54}],"player_experience":573591,"relics_obtained":[{"floor":5,"key":"Letter Opener"},{"floor":6,"key":"Gremlin Horn"},{"floor":9,"key":"Old Coin"},{"floor":11,"key":"Magic Flower"},{"floor":22,"key":"Juzu Bracelet"},{"floor":26,"key":"Paper Frog"},{"floor":27,"key":"Incense Burner"},{"floor":27,"key":"Toxic Egg 2"},{"floor":30,"key":"Red Mask"},{"floor":31,"key":"Omamori"},{"floor":40,"key":"Anchor"},{"floor":43,"key":"Happy Flower"},{"floor":46,"key":"Vajra"},{"floor":54,"key":"Self Forming Clay"}],"event_choices":[{"cards_removed":["Doubt"],"damage_healed":0,"gold_gain":0,"player_choice":"Card Removal","damage_taken":0,"max_hp_gain":0,"max_hp_loss":0,"event_name":"The Cleric","floor":2,"gold_loss":50},{"damage_healed":0,"gold_gain":0,"player_choice":"Take Damage","damage_taken":20,"relics_obtained":["Golden Idol"],"max_hp_gain":0,"max_hp_loss":0,"event_name":"Golden Idol","floor":4,"gold_loss":0},{"cards_removed":["Strike_R"],"damage_healed":0,"gold_gain":0,"player_choice":"Purged","damage_taken":0,"max_hp_gain":0,"max_hp_loss":0,"event_name":"Purifier","floor":12,"gold_loss":0},{"cards_removed":["Strike_R"],"damage_healed":0,"gold_gain":0,"player_choice":"Gave Gold","damage_taken":0,"max_hp_gain":0,"max_hp_loss":0,"event_name":"Beggar","floor":19,"gold_loss":75},{"damage_healed":0,"gold_gain":0,"player_choice":"Ignored","damage_taken":0,"max_hp_gain":0,"max_hp_loss":0,"event_name":"Vampires","floor":20,"gold_loss":0},{"damage_healed":0,"gold_gain":0,"player_choice":"Fight","damage_taken":0,"max_hp_gain":0,"max_hp_loss":0,"event_name":"Colosseum","floor":27,"gold_loss":0},{"damage_healed":0,"gold_gain":0,"player_choice":"Fought Nobs","damage_taken":0,"max_hp_gain":0,"max_hp_loss":0,"event_name":"Colosseum","floor":27,"gold_loss":0},{"damage_healed":0,"gold_gain":0,"player_choice":"Fought Bandits","damage_taken":0,"max_hp_gain":0,"max_hp_loss":0,"event_name":"Masked Bandits","floor":30,"gold_loss":0},{"damage_healed":0,"gold_gain":0,"player_choice":"Ignored","damage_taken":0,"max_hp_gain":0,"max_hp_loss":0,"event_name":"Mysterious Sphere","floor":36,"gold_loss":0},{"damage_healed":0,"gold_gain":222,"player_choice":"Wore Mask","damage_taken":0,"max_hp_gain":0,"max_hp_loss":0,"event_name":"Tomb of Lord Red Mask","floor":38,"gold_loss":0},{"damage_healed":0,"gold_gain":333,"player_choice":"Gave Idol","damage_taken":0,"max_hp_gain":0,"max_hp_loss":0,"event_name":"The Moai Head","floor":41,"relics_lost":["Golden Idol"],"gold_loss":0},{"damage_healed":0,"gold_gain":0,"player_choice":"Memory 1","damage_taken":0,"max_hp_gain":0,"max_hp_loss":0,"event_name":"SensoryStone","floor":45,"gold_loss":0}],"is_beta":false,"boss_relics":[{"not_picked":["Ectoplasm","Orrery"],"picked":"Black Blood"},{"not_picked":["Runic Cube","Astrolabe"],"picked":"Coffee Dripper"}],"items_purged_floors":[3,10,21,48,53],"is_endless":false,"potions_floor_spawned":[6,14,16,25,29,37,54],"ascension_level":0}