{"gold_per_floor":[109,129,109,123,72,72,85,118,118,118,146,146,14,34,34,112,112,129,129,129,129,179,179,209,209,209,224,224],"floor_reached":28,"playtime":1388,"items_purged":[],"score":488,"play_id":"fdb890b1-016e-4b52-9bb7-409f1833f9c6","local_time":"20190206231947","is_ascension_mode":true,"campfire_choices":[{"data":"Noxious Fumes","floor":6,"key":"SMITH"},{"floor":10,"key":"REST"},{"floor":15,"key":"REST"},{"floor":23,"key":"REST"},{"floor":25,"key":"REST"}],"neow_cost":"NONE","seed_source_timestamp":28579416839895,"circlet_count":0,"master_deck":["AscendersBane","Defend_G","Defend_G","Defend_G","Defend_G","Defend_G","Strike_G","Strike_G","Strike_G","Strike_G","Strike_G","Survivor","Neutralize","Cloak And Dagger","Cloak And Dagger","Noxious Fumes+1","Poisoned Stab","Dash","Adrenaline","Corpse Explosion","Parasite","Well Laid Plans","Dash","Glass Knife","PiercingWail"],"relics":["Ring of the Snake","Mummified Hand","Bottled Lightning","Bag of Marbles","Snecko Eye","Enchiridion","Boot","Torii"],"potions_floor_usage":[8,11,16,24],"damage_taken":[{"damage":5,"enemies":"Jaw Worm","floor":1,"turns":6},{"damage":0,"enemies":"Cultist","floor":2,"turns":4},{"damage":0,"enemies":"Small Slimes","floor":4,"turns":4},{"damage":28,"enemies":"Exordium Wildlife","floor":7,"turns":7},{"damage":22,"enemies":"Lagavulin","floor":8,"turns":7},{"damage":22,"enemies":"Gremlin Nob","floor":11,"turns":4},{"damage":0,"enemies":"Blue Slaver","floor":14,"turns":4},{"damage":31,"enemies":"Slime Boss","floor":16,"turns":7},{"damage":9,"enemies":"Chosen","floor":18,"turns":5},{"damage":17,"enemies":"Colosseum Slavers","floor":21,"turns":5},{"damage":22,"enemies":"Book of Stabbing","floor":24,"turns":6},{"damage":0,"enemies":"2 Thieves","floor":27,"turns":2},{"damage":21,"enemies":"Shelled Parasite and Fungi","floor":28,"turns":1}],"seed_played":"-3174082051135094555","potions_obtained":[{"floor":1,"key":"SpeedPotion"},{"floor":2,"key":"Ancient Potion"},{"floor":3,"key":"Fire Potion"},{"floor":11,"key":"Dexterity Potion"},{"floor":18,"key":"Explosive Potion"}],"is_trial":false,"path_per_floor":["M","M","?","M","$","R","M","E","T","R","E","?","$","M","R","B",null,"M","?","T","?","?","R","E","R","T","M","M"],"character_chosen":"THE_SILENT","items_purchased":["Poisoned Stab","Well Laid Plans","Fire Potion"],"campfire_rested":4,"item_purchase_floors":[5,13,13],"current_hp_per_floor":[54,54,54,54,54,54,26,4,4,23,1,17,17,17,36,5,51,42,21,21,4,4,23,1,20,20,20,0],"gold":224,"neow_bonus":"THREE_CARDS","is_prod":false,"is_daily":false,"chose_seed":false,"campfire_upgraded":1,"win_rate":0,"timestamp":1549491587,"path_taken":["M","M","?","?","$","R","M","E","T","R","E","?","?","M","R","BOSS","M","?","?","?","?","R","E","R","T","?","M"],"build_version":"2019-01-23","purchased_purges":0,"victory":false,"max_hp_per_floor":[66,66,66,66,66,66,66,66,66,66,66,66,66,66,66,66,66,66,66,66,66,66,66,66,66,66,66,66],"card_choices":[{"not_picked":["Distraction","Outmaneuver"],"picked":"Cloak And Dagger","floor":0},{"not_picked":["Eviscerate","Concentrate","Acrobatics"],"picked":"SKIP","floor":1},{"not_picked":["Outmaneuver","Deflect"],"picked":"Cloak And Dagger","floor":2},{"not_picked":["Flying Knee","All Out Attack"],"picked":"Noxious Fumes","floor":4},{"not_picked":["Reflex","Prepared"],"picked":"Dash","floor":7},{"not_picked":["Slice","Sucker Punch"],"picked":"Adrenaline","floor":8},{"not_picked":["Phantasmal Killer","Prepared"],"picked":"Corpse Explosion","floor":11},{"not_picked":["Acrobatics","Bane"],"picked":"Dash","floor":14},{"not_picked":["Storm of Steel","Burst"],"picked":"Glass Knife","floor":16},{"not_picked":["Backflip","Cloak And Dagger"],"picked":"PiercingWail","floor":18},{"not_picked":["Prepared","Calculated Gamble","Deflect"],"picked":"SKIP","floor":24},{"not_picked":["Sucker Punch","Heel Hook","Quick Slash"],"picked":"SKIP","floor":27}],"player_experience":907318,"relics_obtained":[{"floor":8,"key":"Mummified Hand"},{"floor":9,"key":"Bottled Lightning"},{"floor":11,"key":"Bag of Marbles"},{"floor":19,"key":"Enchiridion"},{"floor":24,"key":"Boot"},{"floor":26,"key":"Torii"}],"event_choices":[{"damage_healed":0,"gold_gain":0,"player_choice":"Bought 1 Potion","damage_taken":0,"max_hp_gain":0,"max_hp_loss":0,"event_name":"The Woman in Blue","floor":3,"gold_loss":0},{"damage_healed":16,"gold_gain":0,"player_choice":"Healed and dodged fight","damage_taken":0,"max_hp_gain":0,"max_hp_loss":0,"event_name":"Mushrooms","floor":12,"gold_loss":0,"cards_obtained":["Parasite"]},{"damage_healed":0,"gold_gain":0,"player_choice":"Obtained Book","damage_taken":21,"max_hp_gain":0,"max_hp_loss":0,"event_name":"Cursed Tome","floor":19,"gold_loss":0},{"damage_healed":0,"gold_gain":0,"player_choice":"Fight","damage_taken":0,"max_hp_gain":0,"max_hp_loss":0,"event_name":"Colosseum","floor":21,"gold_loss":0},{"damage_healed":0,"gold_gain":0,"player_choice":"Fled From Nobs","damage_taken":0,"max_hp_gain":0,"max_hp_loss":0,"event_name":"Colosseum","floor":21,"gold_loss":0},{"damage_healed":0,"gold_gain":50,"player_choice":"Stole From Cult","damage_taken":0,"max_hp_gain":0,"max_hp_loss":0,"event_name":"Nest","floor":22,"gold_loss":0}],"is_beta":false,"boss_relics":[{"not_picked":["Tiny House","Empty Cage"],"picked":"Snecko Eye"}],"items_purged_floors":[],"is_endless":false,"potions_floor_spawned":[1,2,11,14,18,21],"killed_by":"Shelled Parasite and Fungi","ascension_level":20}