{"gold_per_floor":[114,126,145,14,14,46,46,76,130,165,165,315,315,350,350,350],"floor_reached":16,"playtime":523,"items_purged":["Defend_R"],"score":252,"play_id":"9786d8ac-9f87-4fc7-8402-eb25ac1f610d","local_time":"20190208154915","is_ascension_mode":true,"campfire_choices":[{"data":"Perfected Strike","floor":7,"key":"SMITH"},{"floor":13,"key":"REST"},{"floor":15,"key":"REST"}],"neow_cost":"NONE","seed_source_timestamp":12008696770541,"circlet_count":0,"master_deck":["AscendersBane","Strike_R","Strike_R","Strike_R","Strike_R","Strike_R","Defend_R","Defend_R","Bash+1","Perfected Strike+1","Iron Wave","Twin Strike","Feed","Pommel Strike","Corruption+1","Uppercut"],"relics":["Burning Blood","Blue Candle","Smiling Mask","Omamori","Frozen Egg 2","Self Forming Clay","Dream Catcher"],"potions_floor_usage":[6,10,10,16],"damage_taken":[{"damage":12,"enemies":"Small Slimes","floor":1,"turns":4},{"damage":12,"enemies":"Jaw Worm","floor":2,"turns":3},{"damage":1,"enemies":"2 Louse","floor":3,"turns":3},{"damage":25,"enemies":"Lagavulin","floor":6,"turns":5},{"damage":3,"enemies":"Gremlin Nob","floor":8,"turns":3},{"damage":25,"enemies":"3 Sentries","floor":10,"turns":6},{"damage":30,"enemies":"Lagavulin","floor":14,"turns":5},{"damage":45,"enemies":"Slime Boss","floor":16,"turns":7}],"seed_played":"2152117255228856028","potions_obtained":[{"floor":6,"key":"Explosive Potion"},{"floor":8,"key":"PowerPotion"},{"floor":14,"key":"FearPotion"}],"is_trial":false,"path_per_floor":["M","M","M","$","?","E","R","E","T","E","?","?","R","E","R","B"],"character_chosen":"IRONCLAD","items_purchased":["SteroidPotion"],"campfire_rested":2,"item_purchase_floors":[4],"current_hp_per_floor":[62,56,61,61,54,35,35,38,38,22,17,17,40,16,39,0],"gold":350,"neow_bonus":"UPGRADE_CARD","is_prod":false,"is_daily":false,"chose_seed":false,"campfire_upgraded":1,"win_rate":0,"timestamp":1549637355,"path_taken":["M","M","M","$","?","E","R","E","T","E","?","?","R","E","R","BOSS"],"build_version":"2019-01-23","purchased_purges":1,"victory":false,"max_hp_per_floor":[75,75,75,75,75,75,75,75,75,78,78,78,78,78,78,78],"card_choices":[{"not_picked":["Flex","Warcry"],"picked":"Perfected Strike","floor":1},{"not_picked":["Heavy Blade","Havoc"],"picked":"Iron Wave","floor":2},{"not_picked":["Cleave","Sword Boomerang"],"picked":"Twin Strike","floor":3},{"not_picked":["Evolve","Carnage"],"picked":"Feed","floor":6},{"not_picked":["Flex","Shockwave"],"picked":"Pommel Strike","floor":8},{"not_picked":["Thunderclap","Headbutt"],"picked":"Corruption","floor":10},{"not_picked":["Corruption+1","Twin Strike"],"picked":"Uppercut","floor":14}],"player_experience":940068,"relics_obtained":[{"floor":6,"key":"Blue Candle"},{"floor":8,"key":"Smiling Mask"},{"floor":9,"key":"Omamori"},{"floor":10,"key":"Frozen Egg 2"},{"floor":14,"key":"Dream Catcher"}],"event_choices":[{"cards_removed":["Defend_R"],"damage_healed":0,"gold_gain":0,"player_choice":"Card Removal","damage_taken":7,"max_hp_gain":0,"max_hp_loss":0,"event_name":"Golden Wing","floor":5,"gold_loss":0},{"damage_healed":0,"gold_gain":0,"player_choice":"Success","damage_taken":5,"relics_obtained":["Self Forming Clay"],"max_hp_gain":0,"max_hp_loss":0,"event_name":"Scrap Ooze","floor":11,"gold_loss":0},{"damage_healed":0,"gold_gain":150,"player_choice":"AGREE","damage_taken":0,"max_hp_gain":0,"max_hp_loss":0,"event_name":"Liars Game","floor":12,"gold_loss":0,"cards_obtained":["Doubt"]}],"is_beta":false,"boss_relics":[],"items_purged_floors":[4],"is_endless":false,"potions_floor_spawned":[6,8,14],"killed_by":"Slime Boss","ascension_level":20}