{"gold_per_floor":[113,124,135,135,154,180,196,229,229,245,245,245,26,60,60,153,153,174,118,118,137,187,187],"floor_reached":23,"playtime":1208,"items_purged":[],"score":401,"play_id":"6be1f7e9-5ca1-403b-b3ce-07d53eb7eec0","local_time":"20190612175537","is_ascension_mode":true,"campfire_choices":[{"floor":11,"key":"REST"},{"floor":15,"key":"REST"}],"neow_cost":"NONE","seed_source_timestamp":2196295625606759,"circlet_count":0,"master_deck":["AscendersBane","Strike_R+1","Strike_R","Strike_R","Strike_R","Defend_R","Defend_R","Defend_R","Defend_R","Twin Strike","Headbutt","Armaments","Combust","Juggernaut","Iron Wave","Uppercut","Battle Trance","Inflame","Feed","Enlightenment"],"relics":["Burning Blood","Bronze Scales","Ancient Tea Set","Sundial","Golden Idol","PrismaticShard","Darkstone Periapt","Empty Cage","MutagenicStrength"],"potions_floor_usage":[7,8,10,14,18,21,23],"damage_taken":[{"damage":1,"enemies":"Cultist","floor":1,"turns":3},{"damage":2,"enemies":"Jaw Worm","floor":2,"turns":3},{"damage":10,"enemies":"Small Slimes","floor":3,"turns":3},{"damage":5,"enemies":"2 Fungi Beasts","floor":5,"turns":4},{"damage":37,"enemies":"3 Sentries","floor":6,"turns":8},{"damage":10,"enemies":"Lots of Slimes","floor":7,"turns":2},{"damage":34,"enemies":"Gremlin Nob","floor":8,"turns":3},{"damage":2,"enemies":"Looter","floor":10,"turns":2},{"damage":7,"enemies":"3 Sentries","floor":14,"turns":4},{"damage":30,"enemies":"Slime Boss","floor":16,"turns":8},{"damage":8,"enemies":"3 Byrds","floor":18,"turns":4},{"damage":31,"enemies":"2 Thieves","floor":21,"turns":5},{"damage":37,"enemies":"Gremlin Leader","floor":23,"turns":4}],"seed_played":"-5886270605282649887","potions_obtained":[{"floor":2,"key":"Energy Potion"},{"floor":5,"key":"FearPotion"},{"floor":8,"key":"AttackPotion"},{"floor":10,"key":"Dexterity Potion"},{"floor":16,"key":"SpeedPotion"},{"floor":21,"key":"AttackPotion"}],"is_trial":false,"path_per_floor":["M","M","M","?","M","E","M","E","T","M","R","?","$","E","R","B",null,"M","$","?","M","?","E"],"character_chosen":"IRONCLAD","items_purchased":["PrismaticShard","Block Potion"],"campfire_rested":2,"item_purchase_floors":[13,19],"current_hp_per_floor":[73,75,71,71,72,41,37,9,9,13,35,35,35,34,54,30,59,57,57,57,35,35,0],"gold":187,"neow_bonus":"UPGRADE_CARD","is_prod":false,"is_daily":false,"chose_seed":false,"campfire_upgraded":0,"win_rate":0,"timestamp":1560372937,"path_taken":["M","?","M","?","M","E","M","E","T","M","R","?","$","E","R","BOSS","M","$","?","M","?","E"],"build_version":"2019-01-23","purchased_purges":0,"victory":false,"max_hp_per_floor":[75,75,75,75,75,75,75,75,75,75,75,68,68,68,68,68,68,68,68,68,71,71,71],"card_choices":[{"not_picked":["Pommel Strike","Warcry"],"picked":"Twin Strike","floor":1},{"not_picked":["Wild Strike","Perfected Strike"],"picked":"Headbutt","floor":2},{"not_picked":["Carnage","Rage"],"picked":"Armaments","floor":3},{"not_picked":["Wild Strike","Flex"],"picked":"Combust","floor":5},{"not_picked":["Berserk","Disarm"],"picked":"Juggernaut","floor":6},{"not_picked":["Cleave","Spot Weakness"],"picked":"Iron Wave","floor":7},{"not_picked":["Thunderclap","Reckless Charge"],"picked":"Uppercut","floor":8},{"not_picked":["Shrug It Off","Headbutt"],"picked":"Battle Trance","floor":10},{"not_picked":["Cloak And Dagger","Good Instincts"],"picked":"Inflame","floor":14},{"not_picked":["Impervious","Phantasmal Killer"],"picked":"Feed","floor":16},{"not_picked":["Lockon","Heavy Blade","Cloak And Dagger"],"picked":"SKIP","floor":18},{"not_picked":["Prepared","Sweeping Beam"],"picked":"Enlightenment","floor":21}],"player_experience":1009608,"relics_obtained":[{"floor":6,"key":"Bronze Scales"},{"floor":8,"key":"Ancient Tea Set"},{"floor":9,"key":"Sundial"},{"floor":14,"key":"Darkstone Periapt"}],"event_choices":[{"damage_healed":0,"gold_gain":0,"player_choice":"Ignored","damage_taken":0,"max_hp_gain":0,"max_hp_loss":0,"event_name":"Liars Game","floor":4,"gold_loss":0},{"damage_healed":0,"gold_gain":0,"player_choice":"Lose Max HP","damage_taken":0,"relics_obtained":["Golden Idol"],"max_hp_gain":0,"max_hp_loss":7,"event_name":"Golden Idol","floor":12,"gold_loss":0},{"damage_healed":0,"gold_gain":0,"player_choice":"Inject Mutagens","damage_taken":0,"relics_obtained":["MutagenicStrength"],"max_hp_gain":0,"max_hp_loss":0,"event_name":"Drug Dealer","floor":20,"gold_loss":0},{"damage_healed":0,"gold_gain":50,"player_choice":"Stole From Cult","damage_taken":0,"max_hp_gain":0,"max_hp_loss":0,"event_name":"Nest","floor":22,"gold_loss":0}],"is_beta":false,"boss_relics":[{"not_picked":["Mark of Pain","Orrery"],"picked":"Empty Cage"}],"items_purged_floors":[],"is_endless":false,"potions_floor_spawned":[2,5,8,10,16,21],"killed_by":"Gremlin Leader","ascension_level":18}