{"gold_per_floor":[114,39,114,114,131,165,165,177,177,177,208,228,245,245,245,344,344,362,0,0,17,29,64,82,113,166,200,200],"floor_reached":28,"playtime":1656,"items_purged":["Decay","Defend_R"],"score":313,"play_id":"65775c97-b2bc-4035-a6ff-f5e6dc9b775a","local_time":"20190401112141","is_ascension_mode":false,"campfire_choices":[{"data":"Bash","floor":7,"key":"SMITH"},{"data":"Reaper","floor":10,"key":"SMITH"},{"data":"Iron Wave","floor":15,"key":"SMITH"}],"neow_cost":"CURSE","seed_source_timestamp":694723864763948,"circlet_count":0,"master_deck":["Strike_R","Strike_R","Strike_R","Strike_R","Defend_R","Defend_R","Defend_R","Bash+1","Iron Wave+1","Reaper+1","Clothesline","Feed","Impervious","Iron Wave","Metamorphosis","Fire Breathing","True Grit+1","Double Tap","Fire Breathing"],"relics":["Burning Blood","FossilizedHelix","Gambling Chip","Mercury Hourglass","PreservedInsect","Runic Pyramid","Matryoshka","Paper Frog","Tiny Chest","Juzu Bracelet","Prayer Wheel"],"potions_floor_usage":[6,11,16,16,24,25],"damage_taken":[{"damage":5,"enemies":"Small Slimes","floor":1,"turns":4},{"damage":0,"enemies":"2 Louse","floor":5,"turns":3},{"damage":40,"enemies":"Lagavulin","floor":6,"turns":8},{"damage":0,"enemies":"Cultist","floor":8,"turns":3},{"damage":13,"enemies":"3 Sentries","floor":11,"turns":5},{"damage":0,"enemies":"Blue Slaver","floor":12,"turns":4},{"damage":0,"enemies":"2 Fungi Beasts","floor":13,"turns":3},{"damage":16,"enemies":"Slime Boss","floor":16,"turns":10},{"damage":0,"enemies":"Chosen","floor":18,"turns":6},{"damage":0,"enemies":"Spheric Guardian","floor":21,"turns":4},{"damage":17,"enemies":"Snake Plant","floor":22,"turns":6},{"damage":18,"enemies":"Gremlin Leader","floor":23,"turns":5},{"damage":8,"enemies":"Centurion and Healer","floor":24,"turns":7},{"damage":51,"enemies":"Slavers","floor":25,"turns":5},{"damage":42,"enemies":"Book of Stabbing","floor":27,"turns":6},{"damage":16,"enemies":"Snecko","floor":28,"turns":6}],"seed_played":"-984920056556449839","potions_obtained":[{"floor":5,"key":"Regen Potion"},{"floor":8,"key":"PowerPotion"},{"floor":12,"key":"SteroidPotion"},{"floor":13,"key":"Strength Potion"},{"floor":21,"key":"LiquidBronze"},{"floor":22,"key":"Weak Potion"},{"floor":25,"key":"Regen Potion"}],"is_trial":false,"path_per_floor":["M","$","?","?","M","E","R","M","T","R","E","M","M","?","R","B",null,"M","$","?","M","M","E","M","E","T","E","M"],"character_chosen":"IRONCLAD","items_purchased":["Metamorphosis","Fire Breathing"],"campfire_rested":0,"item_purchase_floors":[19,19],"current_hp_per_floor":[80,80,69,74,80,60,60,66,66,66,74,82,88,88,88,91,91,94,94,85,94,83,71,82,52,52,16,0],"gold":200,"neow_bonus":"ONE_RARE_RELIC","is_prod":false,"is_daily":false,"chose_seed":false,"campfire_upgraded":3,"win_rate":0,"timestamp":1554128501,"path_taken":["M","$","?","?","M","E","R","M","T","R","E","M","M","?","R","BOSS","M","$","?","M","M","E","?","E","T","E","M"],"build_version":"2019-01-23","purchased_purges":2,"victory":false,"max_hp_per_floor":[80,80,80,85,85,85,85,85,85,85,85,85,88,88,88,91,91,94,94,94,97,97,97,100,100,100,100,100],"card_choices":[{"not_picked":["Pommel Strike","Fire Breathing","Twin Strike"],"picked":"SKIP","floor":1},{"not_picked":["Spot Weakness","Dual Wield"],"picked":"Iron Wave","floor":5},{"not_picked":["Feel No Pain","Pommel Strike"],"picked":"Reaper","floor":6},{"not_picked":["Corruption","Perfected Strike"],"picked":"Clothesline","floor":8},{"not_picked":["Anger","Thunderclap"],"picked":"Feed","floor":11},{"not_picked":["Perfected Strike","Thunderclap","Fire Breathing"],"picked":"SKIP","floor":12},{"not_picked":["Sentinel","Shrug It Off","Havoc"],"picked":"SKIP","floor":13},{"not_picked":["Dark Embrace","Brutality"],"picked":"Impervious","floor":16},{"not_picked":["Perfected Strike","Spot Weakness"],"picked":"Iron Wave","floor":18},{"not_picked":["Flex","Sword Boomerang"],"picked":"True Grit+1","floor":21},{"not_picked":["Blood for Blood","True Grit","Warcry"],"picked":"SKIP","floor":22},{"not_picked":["Seeing Red","Rampage"],"picked":"Double Tap","floor":23},{"not_picked":["Clash","Thunderclap"],"picked":"Fire Breathing","floor":24},{"not_picked":["Armaments","Heavy Blade","Corruption"],"picked":"SKIP","floor":25},{"not_picked":["Armaments","Second Wind+1","Body Slam"],"picked":"SKIP","floor":27}],"player_experience":566009,"relics_obtained":[{"floor":6,"key":"Gambling Chip"},{"floor":9,"key":"Mercury Hourglass"},{"floor":11,"key":"PreservedInsect"},{"floor":23,"key":"Matryoshka"},{"floor":25,"key":"Paper Frog"},{"floor":26,"key":"Tiny Chest"},{"floor":26,"key":"Juzu Bracelet"},{"floor":27,"key":"Prayer Wheel"}],"event_choices":[{"damage_healed":0,"gold_gain":75,"player_choice":"Gather Gold","damage_taken":11,"max_hp_gain":0,"max_hp_loss":0,"event_name":"World of Goop","floor":3,"gold_loss":0},{"damage_healed":0,"gold_gain":0,"player_choice":"Donut","damage_taken":0,"max_hp_gain":5,"max_hp_loss":0,"event_name":"Big Fish","floor":4,"gold_loss":0},{"cards_removed":["Strike_R"],"damage_healed":0,"gold_gain":0,"player_choice":"Forget","damage_taken":0,"max_hp_gain":0,"max_hp_loss":0,"event_name":"Living Wall","floor":14,"gold_loss":0},{"damage_healed":0,"gold_gain":0,"player_choice":"","damage_taken":9,"max_hp_gain":0,"max_hp_loss":0,"event_name":"Knowing Skull","floor":20,"potions_obtained":[],"gold_loss":0,"cards_obtained":[]}],"is_beta":false,"boss_relics":[{"not_picked":["Velvet Choker","Ectoplasm"],"picked":"Runic Pyramid"}],"items_purged_floors":[2,19],"is_endless":false,"potions_floor_spawned":[5,8,12,13,21,22,25],"killed_by":"Snecko","ascension_level":0}