{"gold_per_floor":[109,122,122,147,36,36,36,75,98,98,98],"floor_reached":11,"playtime":405,"items_purged":[],"score":142,"play_id":"feb9f802-f99b-4648-b71d-a7fd358862cb","local_time":"20181222000656","is_ascension_mode":true,"campfire_choices":[{"data":"Dagger Spray","floor":6,"key":"SMITH"},{"floor":10,"key":"REST"}],"neow_cost":"NONE","seed_source_timestamp":27391433276906,"circlet_count":0,"master_deck":["AscendersBane","Defend_G","Defend_G","Defend_G","Defend_G","Defend_G","Strike_G","Strike_G","Strike_G","Survivor","Neutralize","Sucker Punch+1","Dagger Spray+1","Dagger Spray","Well Laid Plans","Flying Knee+1","PiercingWail"],"relics":["Ring of the Snake","Golden Idol","Whetstone","Anchor"],"potions_floor_usage":[11],"damage_taken":[{"damage":0,"enemies":"Cultist","floor":1,"turns":5},{"damage":2,"enemies":"Jaw Worm","floor":2,"turns":5},{"damage":0,"enemies":"Small Slimes","floor":4,"turns":3},{"damage":55,"enemies":"Lagavulin","floor":8,"turns":10},{"damage":44,"enemies":"Gremlin Nob","floor":11,"turns":4}],"seed_played":"-6675627212977968516","potions_obtained":[{"floor":2,"key":"Regen Potion"}],"is_trial":false,"path_per_floor":["M","M","?","M","$","R","?","E","T","R","E"],"character_chosen":"THE_SILENT","items_purchased":["Well Laid Plans","Flying Knee"],"campfire_rested":1,"item_purchase_floors":[5,5],"current_hp_per_floor":[59,57,57,57,57,57,57,2,2,20,0],"gold":98,"neow_bonus":"TRANSFORM_CARD","is_prod":false,"is_daily":false,"chose_seed":false,"campfire_upgraded":1,"win_rate":0,"timestamp":1545433616,"path_taken":["M","?","?","M","?","R","?","E","T","R","E"],"build_version":"2018-12-20","purchased_purges":0,"victory":false,"max_hp_per_floor":[66,66,60,60,60,60,60,60,60,60,60],"card_choices":[{"not_picked":["Poisoned Stab","Blur"],"picked":"Dagger Spray","floor":1},{"not_picked":["Calculated Gamble","Cloak And Dagger"],"picked":"Dagger Spray","floor":2},{"not_picked":["Slice","Acrobatics","Cloak And Dagger"],"picked":"SKIP","floor":4},{"not_picked":["Bane","Heel Hook"],"picked":"PiercingWail","floor":8}],"player_experience":670358,"relics_obtained":[{"floor":8,"key":"Whetstone"},{"floor":9,"key":"Anchor"}],"event_choices":[{"damage_healed":0,"gold_gain":0,"player_choice":"Lose Max HP","damage_taken":0,"relics_obtained":["Golden Idol"],"max_hp_gain":0,"max_hp_loss":6,"event_name":"Golden Idol","floor":3,"gold_loss":0},{"cards_removed":["Strike_G"],"damage_healed":0,"gold_gain":0,"player_choice":"Forget","damage_taken":0,"max_hp_gain":0,"max_hp_loss":0,"event_name":"Living Wall","floor":7,"gold_loss":0}],"is_beta":false,"boss_relics":[],"items_purged_floors":[],"is_endless":false,"potions_floor_spawned":[2],"killed_by":"Gremlin Nob","ascension_level":20}