{"gold_per_floor":[213,230,310,19,19,33,67,67,67,99,99,122,122,149,149,149],"floor_reached":16,"playtime":749,"items_purged":["Strike_G"],"score":232,"play_id":"f6878dc7-a363-4889-9092-7b6625715765","local_time":"20190613010148","is_ascension_mode":true,"campfire_choices":[{"floor":8,"key":"REST"},{"floor":13,"key":"REST"},{"floor":15,"key":"REST"}],"neow_cost":"NONE","seed_source_timestamp":35668971153251,"circlet_count":0,"master_deck":["AscendersBane","Defend_G","Defend_G","Defend_G","Defend_G","Defend_G","Strike_G","Strike_G","Strike_G","Strike_G","Survivor","Neutralize","Endless Agony","Predator","Envenom","Cloak And Dagger","Dagger Spray","Footwork","Parasite"],"relics":["Ring of the Snake","Mummified Hand","Darkstone Periapt","The Specimen","Shovel","Omamori","Gambling Chip"],"potions_floor_usage":[6,14,16,16],"damage_taken":[{"damage":1,"enemies":"Cultist","floor":1,"turns":4},{"damage":0,"enemies":"Jaw Worm","floor":2,"turns":5},{"damage":5,"enemies":"Small Slimes","floor":6,"turns":7},{"damage":39,"enemies":"3 Sentries","floor":7,"turns":11},{"damage":26,"enemies":"Gremlin Nob","floor":10,"turns":4},{"damage":34,"enemies":"Lagavulin","floor":14,"turns":8},{"damage":39,"enemies":"Slime Boss","floor":16,"turns":8}],"seed_played":"-6307028714114467191","potions_obtained":[{"floor":2,"key":"Swift Potion"},{"floor":10,"key":"Dexterity Potion"},{"floor":14,"key":"Block Potion"}],"is_trial":false,"path_per_floor":["M","M","?","$","T","M","E","R","T","E","?","T","R","E","R","B"],"character_chosen":"THE_SILENT","items_purchased":["Envenom","PowerPotion"],"campfire_rested":3,"item_purchase_floors":[4,4],"current_hp_per_floor":[58,58,58,58,58,53,14,33,33,7,29,29,50,16,37,0],"gold":149,"neow_bonus":"HUNDRED_GOLD","is_prod":false,"is_daily":false,"chose_seed":false,"campfire_upgraded":0,"win_rate":0,"timestamp":1560380508,"path_taken":["M","?","?","$","?","?","E","R","T","E","?","?","R","E","R","BOSS"],"build_version":"2019-01-23","purchased_purges":1,"victory":false,"max_hp_per_floor":[66,66,66,66,66,66,66,66,66,66,72,72,72,72,72,72],"card_choices":[{"not_picked":["Outmaneuver","Tactician"],"picked":"Endless Agony","floor":1},{"not_picked":["Infinite Blades","Dagger Throw"],"picked":"Predator","floor":2},{"not_picked":["Deflect","PiercingWail"],"picked":"Cloak And Dagger","floor":6},{"not_picked":["Eviscerate","Acrobatics"],"picked":"Dagger Spray","floor":7},{"not_picked":["Quick Slash","Dagger Throw"],"picked":"Footwork","floor":10},{"not_picked":["Accuracy","Endless Agony","Reflex"],"picked":"SKIP","floor":14}],"player_experience":1350606,"relics_obtained":[{"floor":5,"key":"Mummified Hand"},{"floor":7,"key":"Darkstone Periapt"},{"floor":9,"key":"The Specimen"},{"floor":10,"key":"Shovel"},{"floor":12,"key":"Omamori"},{"floor":14,"key":"Gambling Chip"}],"event_choices":[{"damage_healed":0,"gold_gain":80,"player_choice":"Gained Gold","damage_taken":0,"max_hp_gain":0,"max_hp_loss":0,"event_name":"Golden Wing","floor":3,"gold_loss":0},{"damage_healed":16,"gold_gain":0,"player_choice":"Healed and dodged fight","damage_taken":0,"max_hp_gain":0,"max_hp_loss":0,"event_name":"Mushrooms","floor":11,"gold_loss":0,"cards_obtained":["Parasite"]}],"is_beta":false,"boss_relics":[],"items_purged_floors":[4],"is_endless":false,"potions_floor_spawned":[2,10,14],"killed_by":"Slime Boss","ascension_level":20}