{"gold_per_floor":[114,114,127,151,151,151,187,187,187,202,18,18,49,49,49,138,138,153,10,60,80,98,98,33,33,33,64,64,87,111,145,145,234,234,249,59,75,408,428,455,466,466,466,499,513,546,70,82,82,82,82,82,82,82,107,107],"floor_reached":57,"playtime":3429,"items_purged":["Strike_G","Strike_G","Strike_G","Strike_G"],"score":3330,"play_id":"d0c5e4de-1cf7-4355-8d80-5ad6289c35c0","local_time":"20190421000551","is_ascension_mode":true,"campfire_choices":[{"data":"Catalyst","floor":6,"key":"SMITH"},{"data":"Unload","floor":8,"key":"SMITH"},{"data":"Deadly Poison","floor":12,"key":"SMITH"},{"data":"Neutralize","floor":15,"key":"SMITH"},{"data":"Footwork","floor":23,"key":"SMITH"},{"floor":25,"key":"REST"},{"floor":28,"key":"REST"},{"data":"Noxious Fumes","floor":32,"key":"SMITH"},{"data":"Footwork","floor":42,"key":"SMITH"},{"floor":49,"key":"RECALL"},{"data":"Footwork","floor":53,"key":"SMITH"}],"neow_cost":"NONE","seed_source_timestamp":38970162617482,"circlet_count":0,"master_deck":["AscendersBane","Defend_G","Defend_G","Defend_G+1","Defend_G","Defend_G","Strike_G","Survivor+1","Neutralize+1","Crippling Poison+1","PiercingWail","Catalyst+1","Unload+1","Backflip","Deadly Poison+1","Die Die Die","Night Terror+1","Concentrate","Footwork+1","Concentrate","Bouncing Flask","Backflip","Deflect","Escape Plan","Deflect","Noxious Fumes+1","Corpse Explosion","Footwork+1","Footwork+1","Backflip","Dodge and Roll+1","Backflip","PiercingWail+1","PiercingWail","After Image"],"relics":["Ring of the Snake","Snake Skull","Question Card","The Courier","Runic Pyramid","Vajra","Singing Bowl","Strawberry","Coffee Dripper","Sundial","Regal Pillow","Anchor","War Paint","OrangePellets","Oddly Smooth Stone","Mercury Hourglass"],"potions_floor_usage":[27,37,55,56],"damage_taken":[{"damage":1,"enemies":"Small Slimes","floor":1,"turns":5},{"damage":5,"enemies":"2 Louse","floor":3,"turns":4},{"damage":5,"enemies":"Cultist","floor":4,"turns":5},{"damage":5,"enemies":"Lagavulin","floor":7,"turns":5},{"damage":0,"enemies":"Looter","floor":10,"turns":4},{"damage":10,"enemies":"Gremlin Nob","floor":13,"turns":3},{"damage":6,"enemies":"Hexaghost","floor":16,"turns":8},{"damage":15,"enemies":"Shell Parasite","floor":18,"turns":2},{"damage":0,"enemies":"Spheric Guardian","floor":21,"turns":3},{"damage":13,"enemies":"Snake Plant","floor":22,"turns":4},{"damage":16,"enemies":"Slavers","floor":27,"turns":3},{"damage":0,"enemies":"3 Cultists","floor":29,"turns":4},{"damage":5,"enemies":"Sentry and Sphere","floor":30,"turns":3},{"damage":9,"enemies":"Gremlin Leader","floor":31,"turns":5},{"damage":0,"enemies":"Champ","floor":33,"turns":6},{"damage":0,"enemies":"3 Shapes","floor":35,"turns":2},{"damage":11,"enemies":"3 Darklings","floor":37,"turns":3},{"damage":0,"enemies":"Transient","floor":39,"turns":6},{"damage":0,"enemies":"Giant Head","floor":40,"turns":7},{"damage":0,"enemies":"Maw","floor":41,"turns":4},{"damage":9,"enemies":"Nemesis","floor":44,"turns":7},{"damage":0,"enemies":"4 Shapes","floor":45,"turns":3},{"damage":0,"enemies":"Giant Head","floor":46,"turns":6},{"damage":0,"enemies":"3 Darklings","floor":48,"turns":4},{"damage":0,"enemies":"Time Eater","floor":50,"turns":5},{"damage":0,"enemies":"Donu and Deca","floor":51,"turns":5},{"damage":15,"enemies":"Shield and Spear","floor":55,"turns":8},{"damage":53,"enemies":"The Heart","floor":56,"turns":10}],"seed_played":"-2013445770311743930","potions_obtained":[{"floor":1,"key":"SkillPotion"},{"floor":16,"key":"PowerPotion"},{"floor":31,"key":"SkillPotion"},{"floor":39,"key":"FearPotion"},{"floor":40,"key":"FairyPotion"},{"floor":44,"key":"Swift Potion"}],"is_trial":false,"path_per_floor":["M","?","M","M","?","R","E","R","T","M","$","R","E","?","R","B",null,"M","$","?","M","M","R","$","R","T","E","R","M","M","E","R","B",null,"M","$","M","?","M","E","M","R","T","E","M","E","$","M","R","B","B",null,"R","$","E","B",null],"character_chosen":"THE_SILENT","items_purchased":["Deadly Poison","Explosive Potion","Footwork","Backflip","Deflect","Footwork","Footwork","OrangePellets","Oddly Smooth Stone","PiercingWail"],"campfire_rested":2,"item_purchase_floors":[11,11,19,24,24,36,36,47,47,47],"current_hp_per_floor":[58,58,53,48,48,48,43,43,43,43,43,43,33,15,15,9,47,32,32,32,32,19,19,19,37,37,23,41,41,36,34,34,34,60,62,62,51,51,53,53,55,55,55,48,48,48,48,50,50,50,50,72,72,72,57,4],"gold":107,"neow_bonus":"RANDOM_COMMON_RELIC","is_prod":false,"is_daily":false,"chose_seed":false,"campfire_upgraded":8,"win_rate":0,"timestamp":1555797951,"path_taken":["M","?","M","M","?","R","E","R","T","M","$","R","E","?","R","BOSS","M","$","?","M","M","R","?","R","T","E","R","M","M","E","R","BOSS","M","$","M","?","M","E","M","R","T","E","M","E","$","M","R","BOSS","BOSS","R","$","E","BOSS"],"build_version":"2019-01-23","purchased_purges":4,"victory":true,"max_hp_per_floor":[66,60,60,60,60,60,60,60,60,60,60,60,60,60,60,60,60,60,60,60,60,60,60,60,60,60,62,62,62,62,69,69,69,69,71,71,71,71,73,73,75,75,75,77,77,77,77,79,79,79,79,79,79,79,79,79],"card_choices":[{"not_picked":["Flying Knee","Dagger Throw"],"picked":"Crippling Poison","floor":1},{"not_picked":["Cloak And Dagger","Setup"],"picked":"PiercingWail","floor":3},{"not_picked":["Prepared","Cloak And Dagger"],"picked":"Catalyst","floor":4},{"not_picked":["Blade Dance","Choke"],"picked":"Unload","floor":7},{"not_picked":["Prepared","Blade Dance","Finisher"],"picked":"Backflip","floor":10},{"not_picked":["Quick Slash","Dodge and Roll","Backflip"],"picked":"Die Die Die","floor":13},{"not_picked":["Grand Finale","Venomology","A Thousand Cuts"],"picked":"Night Terror","floor":16},{"not_picked":["Infinite Blades","Flying Knee","Heel Hook"],"picked":"Concentrate","floor":18},{"not_picked":["Riddle With Holes+1","Bane","Underhanded Strike"],"picked":"Concentrate","floor":21},{"not_picked":["Riddle With Holes+1","Cloak And Dagger","Accuracy"],"picked":"Bouncing Flask","floor":22},{"not_picked":["Flechettes","Slice","Dagger Throw","Bouncing Flask"],"picked":"Singing Bowl","floor":27},{"not_picked":["Dagger Throw","Prepared","Eviscerate"],"picked":"Escape Plan","floor":29},{"not_picked":["Calculated Gamble","Flying Knee","Deadly Poison"],"picked":"Deflect","floor":30},{"not_picked":["Accuracy","Catalyst+1","Masterful Stab"],"picked":"Noxious Fumes","floor":31},{"not_picked":["Burst","After Image","Venomology"],"picked":"Corpse Explosion","floor":33},{"not_picked":["Terror","Deflect","Backstab","Endless Agony"],"picked":"Singing Bowl","floor":35},{"not_picked":["Noxious Fumes+1","Blade Dance","Acrobatics"],"picked":"Backflip","floor":37},{"not_picked":["Dagger Spray+1","Deadly Poison+1","Endless Agony","Setup"],"picked":"Singing Bowl","floor":39},{"not_picked":["Bane+1","Terror","Noxious Fumes+1"],"picked":"Dodge and Roll","floor":40},{"not_picked":["Underhanded Strike","Sucker Punch+1","Riddle With Holes","Slice+1"],"picked":"Singing Bowl","floor":41},{"not_picked":["Dagger Throw+1","Poisoned Stab","Unload","Heel Hook+1"],"picked":"Singing Bowl","floor":44},{"not_picked":["Cloak And Dagger","Setup","Deflect+1"],"picked":"Backflip","floor":45},{"not_picked":["Outmaneuver","After Image","Bouncing Flask"],"picked":"PiercingWail+1","floor":46},{"not_picked":["Cloak And Dagger+1","Finisher","Skewer+1","Underhanded Strike"],"picked":"Singing Bowl","floor":48},{"not_picked":["Dash","Bane","Predator+1"],"picked":"After Image","floor":55}],"player_experience":1193916,"relics_obtained":[{"floor":7,"key":"Question Card"},{"floor":13,"key":"The Courier"},{"floor":26,"key":"Vajra"},{"floor":27,"key":"Singing Bowl"},{"floor":31,"key":"Strawberry"},{"floor":40,"key":"Sundial"},{"floor":43,"key":"Regal Pillow"},{"floor":44,"key":"Anchor"},{"floor":46,"key":"War Paint"},{"floor":55,"key":"Mercury Hourglass"}],"event_choices":[{"damage_healed":0,"gold_gain":0,"player_choice":"Lose Max HP","damage_taken":0,"relics_obtained":["Golden Idol"],"max_hp_gain":0,"max_hp_loss":6,"event_name":"Golden Idol","floor":2,"gold_loss":0},{"damage_healed":0,"gold_gain":0,"player_choice":"Grow","damage_taken":0,"max_hp_gain":0,"max_hp_loss":0,"event_name":"Living Wall","floor":5,"gold_loss":0,"cards_upgraded":["Crippling Poison"]},{"damage_healed":0,"gold_gain":0,"player_choice":"Entered Light","damage_taken":18,"max_hp_gain":0,"max_hp_loss":0,"event_name":"Shining Light","floor":14,"gold_loss":0,"cards_upgraded":["Defend_G","Survivor"]},{"damage_healed":0,"gold_gain":50,"player_choice":"Pray","damage_taken":0,"max_hp_gain":0,"max_hp_loss":0,"event_name":"Golden Shrine","floor":20,"gold_loss":0},{"damage_healed":0,"gold_gain":333,"player_choice":"Gave Idol","damage_taken":0,"max_hp_gain":0,"max_hp_loss":0,"event_name":"The Moai Head","floor":38,"relics_lost":["Golden Idol"],"gold_loss":0}],"is_beta":false,"boss_relics":[{"not_picked":["Ring of the Serpent","Runic Dome"],"picked":"Runic Pyramid"},{"not_picked":["Snecko Eye","Eternal Feather"],"picked":"Coffee Dripper"}],"items_purged_floors":[11,19,36,47],"is_endless":false,"potions_floor_spawned":[1,16,18,21,22,31,35,39,40,44,46],"ascension_level":20}