{"gold_per_floor":[112,112,37,137,161,192,211,225,225,240,240,271,292,192,192,192],"floor_reached":16,"playtime":628,"items_purged":["Strike_R","Strike_R"],"score":168,"play_id":"73a29764-4880-434f-a1f8-e12285500937","local_time":"20190425151909","is_ascension_mode":true,"campfire_choices":[{"data":"Bash","floor":11,"key":"SMITH"},{"data":"Cleave","floor":15,"key":"SMITH"}],"neow_cost":"NONE","seed_source_timestamp":607033650453801,"circlet_count":0,"master_deck":["AscendersBane","Strike_R","Strike_R","Strike_R","Defend_R","Defend_R","Defend_R","Defend_R","Bash+1","Cleave+1","Pummel","Cleave","Reaper","Ghostly Armor","Flame Barrier","Feel No Pain"],"relics":["Burning Blood","Golden Idol","Orichalcum","Red Skull","Singing Bowl"],"potions_floor_usage":[12],"damage_taken":[{"damage":2,"enemies":"Jaw Worm","floor":1,"turns":4},{"damage":6,"enemies":"Cultist","floor":5,"turns":4},{"damage":25,"enemies":"3 Sentries","floor":6,"turns":6},{"damage":2,"enemies":"2 Louse","floor":7,"turns":3},{"damage":5,"enemies":"Looter","floor":8,"turns":2},{"damage":16,"enemies":"Exordium Thugs","floor":10,"turns":5},{"damage":15,"enemies":"Lagavulin","floor":12,"turns":7},{"damage":0,"enemies":"2 Fungi Beasts","floor":13,"turns":2},{"damage":61,"enemies":"Slime Boss","floor":16,"turns":9}],"seed_played":"-355399121568960673","potions_obtained":[{"floor":6,"key":"SkillPotion"},{"floor":12,"key":"Dexterity Potion"}],"is_trial":false,"path_per_floor":["M","?","$","?","M","E","M","M","T","M","R","E","M","$","R","B"],"character_chosen":"IRONCLAD","items_purchased":[],"campfire_rested":0,"item_purchase_floors":[],"current_hp_per_floor":[76,56,56,56,56,37,43,44,44,41,41,32,46,46,46,0],"gold":192,"neow_bonus":"THREE_CARDS","is_prod":false,"is_daily":false,"chose_seed":false,"campfire_upgraded":2,"win_rate":0,"timestamp":1556216349,"path_taken":["M","?","$","?","?","E","M","?","T","M","R","E","?","$","R","BOSS"],"build_version":"2019-01-23","purchased_purges":2,"victory":false,"max_hp_per_floor":[80,80,80,80,80,80,80,80,80,80,80,80,80,80,80,80],"card_choices":[{"not_picked":["Seeing Red","Thunderclap"],"picked":"Cleave","floor":0},{"not_picked":["Headbutt","Thunderclap"],"picked":"Pummel","floor":1},{"not_picked":["Flex","Headbutt"],"picked":"Cleave","floor":5},{"not_picked":["Hemokinesis","Armaments"],"picked":"Reaper","floor":6},{"not_picked":["Dual Wield","Corruption","Twin Strike"],"picked":"SKIP","floor":7},{"not_picked":["Dual Wield","Corruption","Twin Strike"],"picked":"SKIP","floor":7},{"not_picked":["True Grit","Shrug It Off"],"picked":"Ghostly Armor","floor":8},{"not_picked":["Infernal Blade","Pommel Strike","Wild Strike"],"picked":"SKIP","floor":10},{"not_picked":["Pommel Strike","Second Wind"],"picked":"Flame Barrier","floor":12},{"not_picked":["Pommel Strike","Clash"],"picked":"Feel No Pain","floor":13}],"player_experience":657202,"relics_obtained":[{"floor":6,"key":"Orichalcum"},{"floor":9,"key":"Red Skull"},{"floor":12,"key":"Singing Bowl"}],"event_choices":[{"damage_healed":0,"gold_gain":0,"player_choice":"Take Damage","damage_taken":20,"relics_obtained":["Golden Idol"],"max_hp_gain":0,"max_hp_loss":0,"event_name":"Golden Idol","floor":2,"gold_loss":0},{"damage_healed":0,"gold_gain":100,"player_choice":"Gold","damage_taken":0,"max_hp_gain":0,"max_hp_loss":0,"event_name":"Wheel of Change","floor":4,"gold_loss":0}],"is_beta":false,"boss_relics":[],"items_purged_floors":[3,14],"is_endless":false,"potions_floor_spawned":[6,12],"killed_by":"Slime Boss","ascension_level":10}