{"gold_per_floor":[116,133,149,169,181,181,206,206,256,283,294,320,167,192,192,263,263,277,287,287,287,26,59,79,79,129,159,159,190,105,105,105,182,182,196,296,341,137,137,137,164,164,164,190,106,122,122,122,122,122,122,122,122,48,80,80],"floor_reached":57,"playtime":4130,"items_purged":["Strike_R","Clash","Anger"],"score":2784,"play_id":"13c23423-6481-4058-9071-77cd0c2ff42d","local_time":"20190424172934","is_ascension_mode":true,"campfire_choices":[{"data":"Rage","floor":6,"key":"SMITH"},{"data":"Battle Trance","floor":8,"key":"SMITH"},{"data":"Immolate","floor":15,"key":"SMITH"},{"data":"Demon Form","floor":25,"key":"SMITH"},{"floor":28,"key":"REST"},{"data":"Evolve","floor":32,"key":"SMITH"},{"floor":40,"key":"RECALL"},{"floor":42,"key":"DIG"},{"floor":49,"key":"DIG"},{"floor":53,"key":"DIG"}],"neow_cost":"NONE","seed_source_timestamp":21455747195208,"circlet_count":0,"master_deck":["AscendersBane","Strike_R+1","Defend_R+1","Defend_R+1","Defend_R+1","Defend_R+1","Bash+1","Evolve+1","Battle Trance+1","Iron Wave","Rage+1","Rampage","Power Through","Power Through","Barricade","Immolate+1","Demon Form+1","Shockwave+1","Exhume","Reaper","Shrug It Off","Body Slam","Disarm","Feed","Shrug It Off","Flame Barrier","Uppercut"],"relics":["Burning Blood","Blood Vial","Oddly Smooth Stone","Sundial","Omamori","Vajra","Cursed Key","Bottled Flame","Happy Flower","Paper Frog","PreservedInsect","Darkstone Periapt","Boot","Snecko Eye","StoneCalendar","Shovel","Dream Catcher","Orichalcum","Bag of Preparation","Ginger","Bottled Lightning","Strawberry"],"potions_floor_usage":[7,10,14,23,56,56],"damage_taken":[{"damage":7,"enemies":"Small Slimes","floor":1,"turns":3},{"damage":2,"enemies":"Jaw Worm","floor":2,"turns":3},{"damage":8,"enemies":"2 Louse","floor":3,"turns":2},{"damage":11,"enemies":"Blue Slaver","floor":4,"turns":3},{"damage":13,"enemies":"3 Louse","floor":5,"turns":5},{"damage":5,"enemies":"3 Sentries","floor":7,"turns":7},{"damage":3,"enemies":"Lagavulin","floor":10,"turns":5},{"damage":6,"enemies":"Exordium Wildlife","floor":11,"turns":5},{"damage":4,"enemies":"3 Sentries","floor":12,"turns":8},{"damage":20,"enemies":"Lagavulin","floor":14,"turns":7},{"damage":11,"enemies":"Slime Boss","floor":16,"turns":9},{"damage":6,"enemies":"2 Thieves","floor":18,"turns":3},{"damage":18,"enemies":"3 Byrds","floor":19,"turns":4},{"damage":18,"enemies":"Book of Stabbing","floor":23,"turns":6},{"damage":24,"enemies":"Centurion and Healer","floor":24,"turns":6},{"damage":56,"enemies":"Gremlin Leader","floor":27,"turns":5},{"damage":33,"enemies":"Book of Stabbing","floor":29,"turns":7},{"damage":32,"enemies":"Automaton","floor":33,"turns":8},{"damage":0,"enemies":"3 Shapes","floor":35,"turns":2},{"damage":0,"enemies":"Mind Bloom Boss Battle","floor":36,"turns":6},{"damage":27,"enemies":"2 Orb Walkers","floor":37,"turns":4},{"damage":32,"enemies":"Reptomancer","floor":41,"turns":4},{"damage":0,"enemies":"Giant Head","floor":44,"turns":6},{"damage":0,"enemies":"3 Darklings","floor":46,"turns":3},{"damage":16,"enemies":"Awakened One","floor":50,"turns":11},{"damage":40,"enemies":"Time Eater","floor":51,"turns":18},{"damage":61,"enemies":"Shield and Spear","floor":55,"turns":17},{"damage":49,"enemies":"The Heart","floor":56,"turns":11}],"seed_played":"-2524397609442334082","potions_obtained":[{"floor":1,"key":"Fire Potion"},{"floor":4,"key":"SteroidPotion"},{"floor":7,"key":"BloodPotion"},{"floor":10,"key":"FearPotion"},{"floor":11,"key":"Regen Potion"},{"floor":19,"key":"Dexterity Potion"},{"floor":24,"key":"Dexterity Potion"}],"is_trial":false,"path_per_floor":["M","M","M","M","M","R","E","R","T","E","M","E","$","E","R","B",null,"M","M","?","T","$","E","M","R","T","E","R","E","?","?","R","B",null,"M","?","?","$","?","R","E","R","T","E","$","M","$","T","R","B","B",null,"R","$","E","B",null],"character_chosen":"IRONCLAD","items_purchased":["Immolate","Happy Flower","Disarm","Flame Barrier","Uppercut"],"campfire_rested":1,"item_purchase_floors":[13,22,38,45,54],"current_hp_per_floor":[67,71,69,64,57,57,58,58,58,63,65,69,69,57,57,54,70,72,62,62,62,62,64,66,66,66,38,60,54,54,54,54,63,72,75,75,75,75,75,75,73,73,73,78,78,81,81,81,81,84,70,83,83,83,81,75],"gold":80,"neow_bonus":"UPGRADE_CARD","is_prod":false,"is_daily":false,"chose_seed":false,"campfire_upgraded":5,"win_rate":0,"timestamp":1556119774,"path_taken":["M","M","M","M","M","R","E","R","T","E","M","E","$","E","R","BOSS","M","M","?","?","$","E","M","R","T","E","R","E","?","?","R","BOSS","M","?","?","?","?","R","E","R","T","E","?","M","$","?","R","BOSS","BOSS","R","$","E","BOSS"],"build_version":"2019-01-23","purchased_purges":3,"victory":true,"max_hp_per_floor":[75,75,75,75,75,75,75,75,75,75,75,75,75,75,75,75,75,75,75,75,75,75,75,75,75,75,75,75,75,75,75,75,75,75,75,75,75,75,75,75,75,75,75,78,78,81,81,81,81,84,87,87,87,87,94,94],"card_choices":[{"not_picked":["Fire Breathing","Dual Wield"],"picked":"Anger","floor":1},{"not_picked":["Thunderclap","Anger"],"picked":"Evolve","floor":2},{"not_picked":["Feel No Pain","Burning Pact"],"picked":"Battle Trance","floor":3},{"not_picked":["Bloodletting","True Grit"],"picked":"Iron Wave","floor":4},{"not_picked":["True Grit","Heavy Blade"],"picked":"Rage","floor":5},{"not_picked":["Clash","Flex"],"picked":"Rampage","floor":7},{"not_picked":["Anger","Iron Wave"],"picked":"Power Through","floor":10},{"not_picked":["Perfected Strike","Clothesline"],"picked":"Power Through","floor":11},{"not_picked":["Warcry","Evolve"],"picked":"Barricade","floor":12},{"not_picked":["Sentinel","Warcry","Seeing Red"],"picked":"SKIP","floor":14},{"not_picked":["Dark Embrace","Double Tap"],"picked":"Demon Form","floor":16},{"not_picked":["Clash","Wild Strike","Combust"],"picked":"SKIP","floor":18},{"not_picked":["Reckless Charge","Dual Wield+1"],"picked":"Shockwave+1","floor":19},{"not_picked":["Searing Blow","Rage"],"picked":"Reaper","floor":23},{"not_picked":["Pommel Strike","Shockwave","Wild Strike"],"picked":"SKIP","floor":24},{"not_picked":["Armaments","Wild Strike"],"picked":"Shrug It Off","floor":27},{"not_picked":["Reckless Charge+1","Clash"],"picked":"Body Slam","floor":29},{"not_picked":["Twin Strike","Clash","Pommel Strike"],"picked":"SKIP","floor":35},{"not_picked":["Heavy Blade","Burning Pact"],"picked":"Feed","floor":41},{"not_picked":["Inflame","Twin Strike"],"picked":"Shrug It Off","floor":44},{"not_picked":["Battle Trance+1","Clash","Bloodletting"],"picked":"SKIP","floor":46},{"not_picked":["Clash","Cleave+1","Hemokinesis+1"],"picked":"SKIP","floor":55}],"player_experience":1198014,"relics_obtained":[{"floor":7,"key":"Blood Vial"},{"floor":9,"key":"Oddly Smooth Stone"},{"floor":10,"key":"Sundial"},{"floor":12,"key":"Omamori"},{"floor":14,"key":"Vajra"},{"floor":21,"key":"Bottled Flame"},{"floor":23,"key":"Paper Frog"},{"floor":27,"key":"PreservedInsect"},{"floor":29,"key":"Darkstone Periapt"},{"floor":36,"key":"StoneCalendar"},{"floor":37,"key":"Shovel"},{"floor":41,"key":"Dream Catcher"},{"floor":42,"key":"Orichalcum"},{"floor":44,"key":"Bag of Preparation"},{"floor":49,"key":"Ginger"},{"floor":53,"key":"Bottled Lightning"},{"floor":55,"key":"Strawberry"}],"event_choices":[{"damage_healed":0,"gold_gain":0,"cards_transformed":["Strike_R","Strike_R"],"player_choice":"Became Test Subject","damage_taken":0,"max_hp_gain":0,"max_hp_loss":0,"event_name":"Drug Dealer","floor":20,"gold_loss":0,"cards_obtained":["Clash","Exhume"]},{"damage_healed":0,"gold_gain":0,"player_choice":"Obtained Relic","damage_taken":0,"relics_obtained":["Boot"],"max_hp_gain":0,"max_hp_loss":0,"event_name":"Addict","floor":30,"gold_loss":85},{"damage_healed":0,"gold_gain":0,"player_choice":"Simplicity","damage_taken":0,"max_hp_gain":0,"max_hp_loss":0,"event_name":"Back to Basics","floor":31,"gold_loss":0,"cards_upgraded":["Strike_R","Strike_R","Defend_R","Defend_R","Defend_R","Defend_R"]},{"damage_healed":0,"gold_gain":0,"player_choice":"Fight","damage_taken":0,"max_hp_gain":0,"max_hp_loss":0,"event_name":"MindBloom","floor":36,"gold_loss":0},{"damage_healed":0,"gold_gain":0,"player_choice":"Fight","damage_taken":0,"max_hp_gain":0,"max_hp_loss":0,"event_name":"Mysterious Sphere","floor":37,"gold_loss":0},{"cards_removed":["Strike_R"],"damage_healed":0,"gold_gain":0,"player_choice":"Removed Attack","damage_taken":0,"max_hp_gain":0,"max_hp_loss":0,"event_name":"Falling","floor":39,"gold_loss":0}],"is_beta":false,"boss_relics":[{"not_picked":["Orrery","Black Blood"],"picked":"Cursed Key"},{"not_picked":["Astrolabe","Fusion Hammer"],"picked":"Snecko Eye"}],"items_purged_floors":[13,22,38],"is_endless":false,"potions_floor_spawned":[1,4,7,10,11,19,24,36,44,46],"ascension_level":20}