{"gold_per_floor":[111,111,121,138,53,84,84,102,150,183,207,207,240,259,259,332,332,342,342,342,392,50,50,82,97,97,97,97],"floor_reached":28,"playtime":1240,"items_purged":["Strike_G"],"score":608,"play_id":"46e32a75-362f-4929-af19-fca9a5b87197","local_time":"20190416161533","is_ascension_mode":true,"campfire_choices":[{"floor":7.0,"key":"REST"},{"floor":12.0,"key":"REST"},{"data":"Corpse Explosion","floor":15.0,"key":"SMITH"},{"data":"Noxious Fumes","floor":23,"key":"SMITH"},{"data":"After Image","floor":27,"key":"SMITH"}],"neow_cost":"TEN_PERCENT_HP_LOSS","seed_source_timestamp":12964793730756,"circlet_count":0,"master_deck":["AscendersBane","Defend_G","Defend_G+1","Defend_G","Defend_G","Defend_G","Strike_G","Strike_G","Strike_G","Strike_G","Survivor","Neutralize","Corpse Explosion+1","Quick Slash+1","Quick Slash","Crippling Poison","Flying Knee","Backflip","Backflip","Footwork","After Image+1","Dodge and Roll","Ghostly","Ghostly","Ghostly","Noxious Fumes+1","Footwork","Escape Plan"],"special_seed":0,"relics":["Ring of the Snake","Kunai","Bag of Marbles","Strawberry","Vajra","Dream Catcher","Runic Dome","Medical Kit","Smiling Mask","Bottled Lightning"],"potions_floor_usage":[24],"damage_taken":[{"damage":3.0,"enemies":"2 Louse","floor":1.0,"turns":3.0},{"damage":0.0,"enemies":"Jaw Worm","floor":3.0,"turns":5.0},{"damage":0.0,"enemies":"Small Slimes","floor":4.0,"turns":3.0},{"damage":29.0,"enemies":"Lagavulin","floor":6.0,"turns":7.0},{"damage":5.0,"enemies":"Looter","floor":8.0,"turns":4.0},{"damage":7.0,"enemies":"3 Sentries","floor":10.0,"turns":3.0},{"damage":25.0,"enemies":"Lagavulin","floor":13.0,"turns":7.0},{"damage":2.0,"enemies":"Exordium Wildlife","floor":14.0,"turns":4.0},{"damage":0.0,"enemies":"The Guardian","floor":16.0,"turns":11.0},{"damage":14,"enemies":"Shell Parasite","floor":18,"turns":6},{"damage":7,"enemies":"Book of Stabbing","floor":24,"turns":7},{"damage":0,"enemies":"Chosen","floor":25,"turns":5},{"damage":38,"enemies":"Gremlin Leader","floor":28,"turns":6}],"seed_played":"3885521793908726495","potions_obtained":[{"floor":3.0,"key":"EntropicBrew"},{"floor":4.0,"key":"GamblersBrew"},{"floor":13.0,"key":"SteroidPotion"},{"floor":14.0,"key":"GhostInAJar"},{"floor":25,"key":"Strength Potion"}],"is_trial":false,"path_per_floor":["M","?","M","M","$","E","R","M","T","E","T","R","E","M","R","B",null,"M","?","?","?","$","R","E","M","T","R","E"],"character_chosen":"THE_SILENT","items_purchased":["Crippling Poison","Footwork","Medical Kit"],"campfire_rested":2,"item_purchase_floors":[5,22,22],"current_hp_per_floor":[56,38,38,38,38,9,27,22,22,22,22,42,17,15,15,15,54,40,33,33,33,33,33,26,26,26,26,0],"gold":97,"neow_bonus":"THREE_RARE_CARDS","is_prod":false,"is_daily":false,"chose_seed":false,"campfire_upgraded":3,"win_rate":0,"timestamp":1555424133,"path_taken":["M","?","M","M","$","E","R","M","T","E","?","R","E","M","R","BOSS","M","?","?","?","$","R","E","M","T","R","E"],"build_version":"2019-01-23","purchased_purges":1,"victory":false,"max_hp_per_floor":[60,60,60,60,60,60,60,60,60,67,67,67,67,67,67,67,67,67,33,33,33,33,33,33,33,33,33,33],"card_choices":[{"not_picked":["Storm of Steel","Phantasmal Killer"],"picked":"Corpse Explosion","floor":0.0},{"not_picked":["Cloak And Dagger","Masterful Stab"],"picked":"Quick Slash","floor":1.0},{"not_picked":["Heel Hook","Dagger Spray"],"picked":"Quick Slash","floor":3.0},{"not_picked":["Bane","Finisher","Quick Slash"],"picked":"SKIP","floor":4.0},{"not_picked":["Venomology","Bane"],"picked":"Flying Knee","floor":6.0},{"not_picked":["Poisoned Stab","Underhanded Strike","Terror"],"picked":"SKIP","floor":8.0},{"not_picked":["Outmaneuver","Underhanded Strike"],"picked":"Backflip","floor":10.0},{"not_picked":["Unload","Grand Finale"],"picked":"Backflip","floor":13.0},{"not_picked":["Prepared","Sucker Punch"],"picked":"Footwork","floor":14.0},{"not_picked":["Burst","Doppelganger"],"picked":"After Image","floor":16.0},{"not_picked":["Blur","Caltrops"],"picked":"Dodge and Roll","floor":18},{"not_picked":["All Out Attack","Acrobatics"],"picked":"Escape Plan","floor":24},{"not_picked":["Flying Knee","Riddle With Holes","Expertise"],"picked":"SKIP","floor":25}],"player_experience":1143390,"relics_obtained":[{"floor":6.0,"key":"Kunai"},{"floor":9.0,"key":"Bag of Marbles"},{"floor":10.0,"key":"Strawberry"},{"floor":11.0,"key":"Vajra"},{"floor":13.0,"key":"Dream Catcher"},{"floor":24,"key":"Smiling Mask"},{"floor":26,"key":"Bottled Lightning"}],"event_choices":[{"damage_healed":0.0,"max_hp_gain":0.0,"max_hp_loss":0.0,"gold_gain":0.0,"event_name":"Shining Light","player_choice":"Entered Light","floor":2.0,"gold_loss":0.0,"damage_taken":18.0,"cards_upgraded":["Quick Slash","Defend_G"]},{"damage_healed":0,"gold_gain":0,"player_choice":"Became a Ghost","damage_taken":0,"max_hp_gain":0,"max_hp_loss":34,"event_name":"Ghosts","floor":19,"gold_loss":0,"cards_obtained":["Ghostly","Ghostly","Ghostly"]},{"damage_healed":0,"gold_gain":0,"player_choice":"Read","damage_taken":0,"max_hp_gain":0,"max_hp_loss":0,"event_name":"The Library","floor":20,"gold_loss":0,"cards_obtained":["Noxious Fumes"]},{"damage_healed":0,"gold_gain":50,"player_choice":"Stole From Cult","damage_taken":0,"max_hp_gain":0,"max_hp_loss":0,"event_name":"Nest","floor":21,"gold_loss":0}],"is_beta":false,"boss_relics":[{"not_picked":["Lizard Tail","Orrery"],"picked":"Runic Dome"}],"items_purged_floors":[22],"is_endless":false,"potions_floor_spawned":[3,4,13,14,16,18,25],"killed_by":"Gremlin Leader","ascension_level":20}