{"gold_per_floor":[115,115,115,115,128,128,166,190,190,190,190,229,248,261,261,354,354,369,294,72,92,92,133,133,148,171,195,209,209,209,233,233,331,394,409,18,36,36,61,101,101,101],"floor_reached":42,"playtime":2804,"items_purged":["Defend_R","Strike_R"],"score":779,"play_id":"48ac5e7e-33b2-4903-8ddc-ea8379517e51","local_time":"20190510174149","is_ascension_mode":true,"campfire_choices":[{"floor":6,"key":"DIG"},{"floor":10,"key":"REST"},{"floor":15,"key":"REST"},{"floor":24,"key":"DIG"},{"floor":30,"key":"REST"},{"floor":32,"key":"DIG"},{"floor":41,"key":"REST"}],"neow_cost":"NONE","seed_source_timestamp":1909405916356870,"circlet_count":0,"master_deck":["AscendersBane","Strike_R","Strike_R","Defend_R","Defend_R","Defend_R","Bash+1","Dropkick","Cleave+1","Metallicize","Disarm","Shockwave","Iron Wave","Exhume","Body Slam+1","True Grit+1","Metallicize","Rage","Inflame+1","Limit Break","Metallicize","Uppercut+1","Flame Barrier"],"relics":["Black Blood","Golden Idol","Shovel","Art of War","Shuriken","Incense Burner","Sundial","Bronze Scales","Strawberry","Torii","Dream Catcher","Letter Opener","Pantograph","Tiny House","Mummified Hand","Frozen Egg 2"],"potions_floor_usage":[12,12,18,22,23,28,39,40],"damage_taken":[{"damage":11,"enemies":"Small Slimes","floor":1,"turns":5},{"damage":0,"enemies":"2 Louse","floor":5,"turns":4},{"damage":32,"enemies":"Gremlin Nob","floor":7,"turns":4},{"damage":2,"enemies":"Jaw Worm","floor":8,"turns":6},{"damage":12,"enemies":"3 Sentries","floor":12,"turns":5},{"damage":8,"enemies":"Red Slaver","floor":13,"turns":6},{"damage":0,"enemies":"Large Slime","floor":14,"turns":5},{"damage":9,"enemies":"The Guardian","floor":16,"turns":13},{"damage":22,"enemies":"3 Byrds","floor":18,"turns":6},{"damage":4,"enemies":"2 Thieves","floor":21,"turns":5},{"damage":36,"enemies":"Gremlin Leader","floor":23,"turns":8},{"damage":18,"enemies":"Snecko","floor":25,"turns":6},{"damage":21,"enemies":"Shelled Parasite and Fungi","floor":27,"turns":8},{"damage":2,"enemies":"Cultist and Chosen","floor":28,"turns":9},{"damage":2,"enemies":"Centurion and Healer","floor":31,"turns":6},{"damage":67,"enemies":"Champ","floor":33,"turns":14},{"damage":12,"enemies":"3 Shapes","floor":35,"turns":9},{"damage":36,"enemies":"3 Darklings","floor":37,"turns":5},{"damage":12,"enemies":"Maw","floor":39,"turns":10},{"damage":43,"enemies":"Reptomancer","floor":40,"turns":9},{"damage":59,"enemies":"Giant Head","floor":42,"turns":9}],"seed_played":"-2378582463523418349","potions_obtained":[{"floor":1,"key":"SteroidPotion"},{"floor":8,"key":"Strength Potion"},{"floor":16,"key":"AttackPotion"},{"floor":18,"key":"SteroidPotion"},{"floor":22,"key":"Fruit Juice"},{"floor":22,"key":"FearPotion"},{"floor":22,"key":"Ancient Potion"},{"floor":27,"key":"Weak Potion"},{"floor":31,"key":"Fire Potion"},{"floor":37,"key":"Block Potion"}],"is_trial":false,"path_per_floor":["M","?","?","?","M","R","E","M","T","R","?","E","M","M","R","B",null,"M","?","$","M","?","E","R","M","T","M","M","T","R","M","R","B",null,"M","$","M","?","M","E","R","E"],"character_chosen":"IRONCLAD","items_purchased":["Bronze Scales","Mummified Hand","Metallicize"],"campfire_rested":4,"item_purchase_floors":[20,36,36],"current_hp_per_floor":[63,45,45,33,39,39,13,17,17,39,39,33,31,37,59,56,70,58,58,58,64,69,50,50,42,42,31,39,39,65,73,73,30,78,76,76,50,50,48,15,42,0],"gold":101,"neow_bonus":"REMOVE_CARD","is_prod":false,"is_daily":false,"chose_seed":false,"campfire_upgraded":0,"win_rate":0,"timestamp":1557520909,"path_taken":["M","?","?","?","M","R","E","M","T","R","?","E","M","?","R","BOSS","M","?","$","M","?","E","R","M","T","?","M","?","R","M","R","BOSS","M","$","M","?","M","E","R","E"],"build_version":"2019-01-23","purchased_purges":2,"victory":false,"max_hp_per_floor":[75,75,75,75,75,75,75,75,75,75,75,75,75,75,75,75,75,75,75,75,75,80,87,87,87,87,87,87,87,87,87,87,87,92,92,92,92,92,92,92,92,92],"card_choices":[{"not_picked":["Clash","Heavy Blade"],"picked":"Dropkick","floor":1},{"not_picked":["Dual Wield","Sever Soul"],"picked":"Cleave","floor":5},{"not_picked":["Clothesline","Armaments"],"picked":"Metallicize","floor":7},{"not_picked":["Warcry","Wild Strike"],"picked":"Disarm","floor":8},{"not_picked":["Double Tap","Headbutt","Perfected Strike"],"picked":"SKIP","floor":12},{"not_picked":["Perfected Strike","Armaments"],"picked":"Shockwave","floor":13},{"not_picked":["Clothesline","Twin Strike"],"picked":"Iron Wave","floor":14},{"not_picked":["Impervious","Double Tap"],"picked":"Exhume","floor":16},{"not_picked":["Pommel Strike","Sword Boomerang"],"picked":"Body Slam+1","floor":18},{"not_picked":["Havoc","Flame Barrier"],"picked":"True Grit+1","floor":21},{"not_picked":["Fiend Fire","Anger"],"picked":"Metallicize","floor":23},{"not_picked":["Anger","Warcry"],"picked":"Rage","floor":25},{"not_picked":["Whirlwind","Warcry","Dual Wield+1"],"picked":"SKIP","floor":27},{"not_picked":["Sword Boomerang","Clash","Wild Strike"],"picked":"SKIP","floor":28},{"not_picked":["Dropkick","Wild Strike"],"picked":"Inflame+1","floor":30},{"not_picked":["Rupture","Clash","Thunderclap"],"picked":"SKIP","floor":31},{"not_picked":["Fiend Fire","Dark Embrace"],"picked":"Limit Break","floor":33},{"not_picked":["Thunderclap","Body Slam","Flex"],"picked":"SKIP","floor":35},{"not_picked":["Anger+1","Dual Wield"],"picked":"Uppercut+1","floor":37},{"not_picked":["Clash+1","Shrug It Off","Twin Strike"],"picked":"SKIP","floor":39},{"not_picked":["Sever Soul","True Grit","Twin Strike+1"],"picked":"SKIP","floor":40},{"not_picked":["Heavy Blade","Pommel Strike"],"picked":"Flame Barrier","floor":41}],"player_experience":721791,"relics_obtained":[{"floor":6,"key":"Art of War"},{"floor":7,"key":"Shuriken"},{"floor":9,"key":"Incense Burner"},{"floor":12,"key":"Sundial"},{"floor":23,"key":"Strawberry"},{"floor":24,"key":"Torii"},{"floor":26,"key":"Dream Catcher"},{"floor":29,"key":"Letter Opener"},{"floor":32,"key":"Pantograph"},{"floor":40,"key":"Frozen Egg 2"}],"event_choices":[{"damage_healed":0,"gold_gain":0,"player_choice":"Take Damage","damage_taken":18,"relics_obtained":["Golden Idol"],"max_hp_gain":0,"max_hp_loss":0,"event_name":"Golden Idol","floor":2,"gold_loss":0},{"damage_healed":0,"gold_gain":0,"player_choice":"Ignored","damage_taken":0,"max_hp_gain":0,"max_hp_loss":0,"event_name":"Liars Game","floor":3,"gold_loss":0},{"damage_healed":0,"gold_gain":0,"player_choice":"Success","damage_taken":12,"relics_obtained":["Shovel"],"max_hp_gain":0,"max_hp_loss":0,"event_name":"Scrap Ooze","floor":4,"gold_loss":0},{"damage_healed":0,"gold_gain":0,"player_choice":"Grow","damage_taken":0,"max_hp_gain":0,"max_hp_loss":0,"event_name":"Living Wall","floor":11,"gold_loss":0,"cards_upgraded":["Cleave"]},{"cards_removed":["Strike_R"],"damage_healed":0,"gold_gain":0,"player_choice":"Gave Gold","damage_taken":0,"max_hp_gain":0,"max_hp_loss":0,"event_name":"Beggar","floor":19,"gold_loss":75},{"damage_healed":0,"gold_gain":0,"player_choice":"Got Potions","damage_taken":0,"max_hp_gain":0,"max_hp_loss":0,"event_name":"Lab","floor":22,"gold_loss":0},{"damage_healed":0,"gold_gain":0,"player_choice":"Ignored","damage_taken":0,"max_hp_gain":0,"max_hp_loss":0,"event_name":"Mysterious Sphere","floor":38,"gold_loss":0}],"is_beta":false,"boss_relics":[{"not_picked":["Fusion Hammer","White Beast Statue"],"picked":"Black Blood"},{"not_picked":["Runic Pyramid","Snecko Eye"],"picked":"Tiny House"}],"items_purged_floors":[20,36],"is_endless":false,"potions_floor_spawned":[1,8,16,18,27,31,37],"killed_by":"Giant Head","ascension_level":14}