{"path_per_floor":["M","M","M","M","?","E","R","E","T","R","M","R","?","E","R","B",null,"M","M","M","$","?","R","M","?","T","M","$","M","M","M","R","B",null,"M","?","M","?","M","R","M","M","T","R","E","M","R","$","R"],"character_chosen":"THE_SILENT","items_purchased":["Thread and Needle","Deadly Poison","Ginger","Accuracy","Infinite Blades","Regen Potion"],"gold_per_floor":[110,122,135,152,152,182,182,214,214,214,229,229,229,256,256,358,358,375,389,401,111,311,311,328,328,406,426,37,52,65,76,76,175,175,186,186,202,0,14,14,31,50,77,77,111,124,124,5,5],"floor_reached":50,"campfire_rested":9,"playtime":7595,"current_hp_per_floor":[70,70,70,62,62,17,38,27,27,48,41,62,62,28,49,14,70,40,37,34,34,34,55,55,55,55,50,50,27,22,19,40,21,70,65,65,65,65,40,70,45,43,43,70,41,38,70,70,70],"items_purged":[],"gold":5,"score":495,"play_id":"f38c21c7-31cb-4d4e-8b4a-566d47bd3fe4","is_prod":false,"is_daily":false,"is_ascension_mode":true,"campfire_upgraded":1,"path_taken":["M","M","M","M","?","E","R","E","T","R","M","R","?","E","R","BOSS","M","M","M","$","?","R","M","?","T","M","$","M","?","M","R","BOSS","M","?","M","?","M","R","M","M","T","R","E","?","R","$","R","BOSS"],"build_version":"2018-02-15-PROD1","purchased_purges":0,"victory":false,"master_deck":["Defend_G","Defend_G","Defend_G","Defend_G","Defend_G","Strike_G","Strike_G","Strike_G","Strike_G","Strike_G","Survivor","Neutralize","Cloak And Dagger","Footwork","Reflex","Dagger Throw","Footwork","Venomology","PiercingWail","Deflect","Tools of the Trade","Flying Knee","Deadly Poison","Malaise","Backstab+1","Decay","Tactician","Deadly Poison","Accuracy+1","Blade Dance+1","Backstab","Prepared","After Image","Outmaneuver+1","After Image","Quick Slash","Footwork+1","Deadly Poison+1","Finisher","Finisher+1","Dash+1","Infinite Blades"],"max_hp_per_floor":[70,70,70,70,70,70,70,70,70,70,70,70,70,70,70,70,70,70,70,70,70,70,70,70,70,70,70,70,70,70,70,70,70,70,70,70,70,70,70,70,70,70,70,70,70,70,70,70,70],"relics":["Ring of the Snake","NeowsBlessing","Bronze Scales","Kunai","Matryoshka","Calipers","Lizard Tail","Thread and Needle","Gremlin Horn","Pantograph","Ginger","Eternal Feather","Red Mask","Oddly Smooth Stone","Vajra","Lantern"],"card_choices":[{"not_picked":["Outmaneuver","Expertise"],"picked":"Cloak And Dagger"},{"not_picked":["Well Laid Plans","Flying Knee"],"picked":"Footwork"},{"not_picked":["PiercingWail","Slice"],"picked":"Reflex"},{"not_picked":["Eviscerate","Slice"],"picked":"Dagger Throw"},{"not_picked":["Leg Sweep","Underhanded Strike"],"picked":"Footwork"},{"not_picked":["PiercingWail","Distraction"],"picked":"Venomology"},{"not_picked":["Reflex","Slice"],"picked":"PiercingWail"},{"not_picked":["Dagger Spray","Poisoned Stab"],"picked":"Deflect"},{"not_picked":["Glass Knife","Night Terror"],"picked":"Tools of the Trade"},{"not_picked":["Blade Dance","PiercingWail"],"picked":"Flying Knee"},{"not_picked":["Quick Slash","Backflip"],"picked":"Deadly Poison"},{"not_picked":["Quick Slash","Dagger Spray"],"picked":"Malaise"},{"not_picked":["Slice","Choke"],"picked":"Backstab"},{"not_picked":["Flying Knee","Dash"],"picked":"Tactician"},{"not_picked":["Terror","Prepared"],"picked":"Blade Dance"},{"not_picked":["Bane","Leg Sweep"],"picked":"Backstab"},{"not_picked":["Catalyst","Dagger Throw"],"picked":"Prepared"},{"not_picked":["Adrenaline","Unload"],"picked":"After Image"},{"not_picked":["Dagger Throw","Eviscerate"],"picked":"Outmaneuver"},{"not_picked":["Dagger Spray","Unload"],"picked":"Quick Slash"},{"not_picked":["Quick Slash","Cloak And Dagger"],"picked":"Footwork"},{"not_picked":["Dagger Throw","Sucker Punch"],"picked":"Deadly Poison"},{"not_picked":["Dash","Outmaneuver"],"picked":"Finisher"},{"not_picked":["Quick Slash","Sucker Punch"],"picked":"Finisher"},{"not_picked":["Finisher","Riddle With Holes"],"picked":"Dash"}],"player_experience":96796,"potions_floor_usage":[4,4,6,14,16,16,18,19,20,24,24,27,27,30,31,33,35,37,41,41,41,45,45,45,50,50,50],"damage_taken":[{"damage":0,"enemies":"Jaw Worm","floor":1,"turns":1},{"damage":0,"enemies":"Small Slimes","floor":2,"turns":1},{"damage":0,"enemies":"2 Louse","floor":3,"turns":1},{"damage":8,"enemies":"Large Slime","floor":4,"turns":12},{"damage":60,"enemies":"Gremlin Nob","floor":6,"turns":7},{"damage":11,"enemies":"3 Sentries","floor":8,"turns":9},{"damage":7,"enemies":"3 Louse","floor":11,"turns":3},{"damage":34,"enemies":"Gremlin Nob","floor":14,"turns":8},{"damage":35,"enemies":"Slime Boss","floor":16,"turns":23},{"damage":30,"enemies":"Chosen","floor":18,"turns":10},{"damage":3,"enemies":"Shell Parasite","floor":19,"turns":7},{"damage":53,"enemies":"3 Cultists","floor":20,"turns":9},{"damage":0,"enemies":"Snecko","floor":24,"turns":9},{"damage":5,"enemies":"Centurion and Healer","floor":27,"turns":15},{"damage":23,"enemies":"Sentry and Sphere","floor":29,"turns":7},{"damage":5,"enemies":"Chosen and Byrds","floor":30,"turns":9},{"damage":3,"enemies":"Centurion and Healer","floor":31,"turns":9},{"damage":44,"enemies":"Champ","floor":33,"turns":21},{"damage":5,"enemies":"Orb Walker","floor":35,"turns":4},{"damage":0,"enemies":"3 Shapes","floor":37,"turns":7},{"damage":25,"enemies":"3 Darklings","floor":39,"turns":9},{"damage":40,"enemies":"Sphere and 2 Shapes","floor":41,"turns":11},{"damage":2,"enemies":"Maw","floor":42,"turns":12},{"damage":29,"enemies":"Nemesis","floor":45,"turns":11},{"damage":3,"enemies":"4 Shapes","floor":46,"turns":7},{"damage":94,"enemies":"Donu and Deca","floor":50,"turns":7}],"event_choices":[{"event_name":"The Cleric","player_choice":"Leave","floor":5,"damage_taken":0},{"event_name":"Golden Wing","player_choice":"Ignored","floor":13,"damage_taken":0},{"event_name":"The Joust","player_choice":"Bet on Owner","floor":22,"damage_taken":0},{"event_name":"Forgotten Altar","player_choice":"Smashed Altar","floor":25,"damage_taken":0},{"event_name":"Duplicator","player_choice":"One dupe","floor":36,"damage_taken":0},{"event_name":"Tomb of Lord Red Mask","player_choice":"Paid","floor":38,"damage_taken":0}],"boss_relics":[{"not_picked":["Sozu","White Beast Statue"],"picked":"Lizard Tail"},{"not_picked":["Tiny House","Cursed Key"],"picked":"Eternal Feather"}],"potions_floor_spawned":[2,3,4,14,20,24,31,33,35,41,46],"seed_played":"-4169936648145366358","killed_by":"Donu and Deca","ascension_level":1,"is_trial":false}