{"gold_per_floor":[115,115,132,27,37,37,50,50,73,73,93,105,120,147,147,248,248,267,43,61,160,160,160,185,185,239,239,257,273,288,30,30,134,134,149,166,186,111,111,111,131,186,213,213,213,247,45,55,55,55,55,55,7,42,42],"floor_reached":55,"playtime":3743,"items_purged":["Strike_B"],"score":794,"play_id":"d84770bd-c8a3-4d72-b282-8bd2086dc42e","local_time":"20190201215232","is_ascension_mode":false,"campfire_choices":[{"floor":6.0,"key":"RECALL"},{"data":"Go for the Eyes","floor":10.0,"key":"SMITH"},{"data":"Reinforced Body","floor":15.0,"key":"SMITH"},{"data":"Ghostly","floor":23.0,"key":"SMITH"},{"floor":25.0,"key":"REST"},{"data":"Ghostly","floor":27.0,"key":"SMITH"},{"data":"Capacitor","floor":32.0,"key":"SMITH"},{"data":"Ghostly","floor":40.0,"key":"SMITH"},{"floor":44.0,"key":"REST"},{"floor":49.0,"key":"REST"},{"data":"Ghostly","floor":52.0,"key":"SMITH"}],"neow_cost":"NONE","seed_source_timestamp":156240525640000,"circlet_count":0,"master_deck":["Strike_B","Defend_B","Defend_B","Zap+1","Dualcast","Melter","Ball Lightning","Go for the Eyes+1","Gash","Reinforced Body","FTL","Conserve Battery","Glacier","Reinforced Body+1","Core Surge","Electrodynamics","Glacier+1","Consume+1","Hologram+1","Capacitor+1","Coolheaded","Ghostly+1","Ghostly+1","Ghostly+1","Ghostly+1","Ghostly","Cold Snap+1","Chill","Conserve Battery","Loop+1","Madness","Madness","BootSequence+1","Capacitor+1"],"special_seed":0,"relics":["FrozenCore","Regal Pillow","Anchor","Calipers","Astrolabe","Bronze Scales","Gremlin Horn","Orichalcum","Pantograph","FossilizedHelix","Meat on the Bone","DollysMirror","Lantern"],"potions_floor_usage":[55],"damage_taken":[{"damage":7.0,"enemies":"2 Louse","floor":1.0,"turns":2.0},{"damage":0.0,"enemies":"Small Slimes","floor":3.0,"turns":2.0},{"damage":1.0,"enemies":"Cultist","floor":5.0,"turns":3.0},{"damage":0.0,"enemies":"2 Fungi Beasts","floor":7.0,"turns":3.0},{"damage":0.0,"enemies":"3 Louse","floor":11.0,"turns":2.0},{"damage":0.0,"enemies":"Exordium Wildlife","floor":12.0,"turns":4.0},{"damage":0.0,"enemies":"Lots of Slimes","floor":13.0,"turns":3.0},{"damage":6.0,"enemies":"Gremlin Nob","floor":14.0,"turns":4.0},{"damage":23.0,"enemies":"The Guardian","floor":16.0,"turns":15.0},{"damage":0.0,"enemies":"Spheric Guardian","floor":18.0,"turns":2.0},{"damage":0.0,"enemies":"Shell Parasite","floor":20.0,"turns":3.0},{"damage":2.0,"enemies":"Slavers","floor":24.0,"turns":4.0},{"damage":0.0,"enemies":"3 Cultists","floor":28.0,"turns":3.0},{"damage":2.0,"enemies":"Shelled Parasite and Fungi","floor":29.0,"turns":7.0},{"damage":0.0,"enemies":"Snake Plant","floor":30.0,"turns":7.0},{"damage":21.0,"enemies":"Collector","floor":33.0,"turns":12.0},{"damage":3.0,"enemies":"3 Darklings","floor":35.0,"turns":5.0},{"damage":0.0,"enemies":"3 Shapes","floor":36.0,"turns":6.0},{"damage":0.0,"enemies":"Spire Growth","floor":37.0,"turns":10.0},{"damage":0.0,"enemies":"Maw","floor":41.0,"turns":11.0},{"damage":9.0,"enemies":"2 Orb Walkers","floor":42.0,"turns":5.0},{"damage":0.0,"enemies":"Giant Head","floor":46.0,"turns":14.0},{"damage":11.0,"enemies":"4 Shapes","floor":48.0,"turns":9.0},{"damage":0.0,"enemies":"Awakened One","floor":50.0,"turns":25.0},{"damage":0.0,"enemies":"Shield and Spear","floor":54.0,"turns":15.0},{"damage":51,"enemies":"The Heart","floor":55,"turns":14}],"seed_played":"-5033471411356426890","potions_obtained":[{"floor":5.0,"key":"LiquidBronze"},{"floor":11.0,"key":"FocusPotion"},{"floor":13.0,"key":"Dexterity Potion"},{"floor":14.0,"key":"Dexterity Potion"},{"floor":16.0,"key":"PowerPotion"},{"floor":28.0,"key":"AttackPotion"},{"floor":33.0,"key":"Energy Potion"},{"floor":42.0,"key":"PowerPotion"},{"floor":46.0,"key":"Dexterity Potion"}],"is_trial":false,"path_per_floor":["M","?","M","$","M","R","M","?","T","R","M","M","M","E","R","B",null,"M","$","M","?","?","R","E","R","T","R","M","M","M","$","R","B",null,"M","M","M","$","?","R","M","?","T","R","?","E","$","M","R","B",null,"R","$","E","B"],"character_chosen":"DEFECT","items_purchased":["Go for the Eyes","Gash","Bronze Scales","Capacitor","Pantograph","DollysMirror","SpeedPotion"],"campfire_rested":3,"item_purchase_floors":[4,4,19,19,31,47,53],"current_hp_per_floor":[68,65,65,65,64,64,64,64,64,64,64,64,64,58,58,35,75,75,75,75,75,37,37,35,37,37,37,37,35,35,35,35,16,37,34,34,34,34,29,29,29,20,20,37,37,37,37,26,37,37,37,37,37,37,0],"gold":42,"neow_bonus":"UPGRADE_CARD","is_prod":false,"is_daily":false,"chose_seed":false,"campfire_upgraded":7,"win_rate":0,"timestamp":1549075952,"path_taken":["M","?","M","$","M","R","M","?","T","R","?","M","M","E","R","BOSS","M","$","M","?","?","R","E","R","T","R","M","M","M","?","R","BOSS","M","M","?","$","?","R","M","?","T","R","?","E","?","?","R","BOSS","R","$","E","BOSS"],"build_version":"2019-01-23","purchased_purges":1,"victory":false,"max_hp_per_floor":[75,75,75,75,75,75,75,75,75,75,75,75,75,75,75,75,75,75,75,75,75,37,37,37,37,37,37,37,37,37,37,37,37,37,37,37,37,37,37,37,37,37,37,37,37,37,37,37,37,37,37,37,37,37,37],"card_choices":[{"not_picked":["Turbo","Heatsinks"],"picked":"Melter","floor":1.0},{"not_picked":["Tempest","Turbo"],"picked":"Ball Lightning","floor":3.0},{"not_picked":["Ball Lightning","Loop"],"picked":"Reinforced Body","floor":5.0},{"not_picked":["Redo","Conserve Battery"],"picked":"FTL","floor":7.0},{"not_picked":["Lockon","Beam Cell"],"picked":"Conserve Battery","floor":11.0},{"not_picked":["Gash","Double Energy"],"picked":"Glacier","floor":12.0},{"not_picked":["Auto Shields","Self Repair"],"picked":"Reinforced Body","floor":13.0},{"not_picked":["Barrage","Ball Lightning"],"picked":"Core Surge","floor":14.0},{"not_picked":["Hyperbeam","Reboot"],"picked":"Electrodynamics","floor":16.0},{"not_picked":["Gash","Go for the Eyes","Double Energy+1"],"picked":"SKIP","floor":18.0},{"not_picked":["Chaos","Undo"],"picked":"Coolheaded","floor":20.0},{"not_picked":["Conserve Battery","Static Discharge"],"picked":"Cold Snap+1","floor":24.0},{"not_picked":["Cold Snap","Reboot"],"picked":"Chill","floor":28.0},{"not_picked":["Gash+1","Streamline"],"picked":"Conserve Battery","floor":29.0},{"not_picked":["Gash","Steam+1","Turbo"],"picked":"SKIP","floor":30.0},{"not_picked":["Turbo+1","Storm+1"],"picked":"Loop+1","floor":35.0},{"not_picked":["Force Field+1","BootSequence","Chill"],"picked":"SKIP","floor":36.0},{"not_picked":["Barrage","Reinforced Body+1","Steam"],"picked":"SKIP","floor":37.0},{"not_picked":["Rebound","Conserve Battery+1","Leap+1"],"picked":"SKIP","floor":41.0},{"not_picked":["Chill","Conserve Battery+1"],"picked":"BootSequence+1","floor":46.0},{"not_picked":["Storm","Coolheaded+1","Hologram"],"picked":"SKIP","floor":48.0},{"not_picked":["Conserve Battery+1","Consume+1","Heatsinks"],"picked":"SKIP","floor":54.0}],"player_experience":260710,"relics_obtained":[{"floor":9.0,"key":"Anchor"},{"floor":14.0,"key":"Calipers"},{"floor":24.0,"key":"Gremlin Horn"},{"floor":26.0,"key":"Orichalcum"},{"floor":42.0,"key":"FossilizedHelix"},{"floor":46.0,"key":"Meat on the Bone"},{"floor":54.0,"key":"Lantern"}],"event_choices":[{"damage_healed":0.0,"max_hp_gain":0.0,"max_hp_loss":0.0,"gold_gain":0.0,"event_name":"Scrap Ooze","player_choice":"Success","floor":2.0,"gold_loss":0.0,"damage_taken":3.0,"relics_obtained":["Regal Pillow"]},{"cards_removed":["Defend_B"],"damage_healed":0.0,"max_hp_gain":0.0,"max_hp_loss":0.0,"gold_gain":0.0,"event_name":"Bonfire Elementals","player_choice":"Offered Basic","floor":8.0,"gold_loss":0.0,"damage_taken":0.0},{"damage_healed":0.0,"max_hp_gain":0.0,"max_hp_loss":0.0,"gold_gain":99.0,"event_name":"Nest","player_choice":"Stole From Cult","floor":21.0,"gold_loss":0.0,"damage_taken":0.0},{"damage_healed":0.0,"max_hp_gain":0.0,"max_hp_loss":38.0,"gold_gain":0.0,"event_name":"Ghosts","player_choice":"Became a Ghost","floor":22.0,"gold_loss":0.0,"damage_taken":0.0,"cards_obtained":["Ghostly","Ghostly","Ghostly","Ghostly","Ghostly"]},{"damage_healed":0.0,"max_hp_gain":0.0,"max_hp_loss":0.0,"gold_gain":0.0,"event_name":"Winding Halls","player_choice":"Embrace Madness","floor":39.0,"gold_loss":0.0,"damage_taken":5.0,"cards_obtained":["Madness","Madness"]},{"damage_healed":0.0,"max_hp_gain":0.0,"max_hp_loss":0.0,"gold_gain":0.0,"event_name":"Mysterious Sphere","player_choice":"Fight","floor":42.0,"gold_loss":0.0,"damage_taken":0.0},{"damage_healed":0.0,"max_hp_gain":0.0,"max_hp_loss":0.0,"gold_gain":0.0,"event_name":"Tomb of Lord Red Mask","player_choice":"Ignored","floor":45.0,"gold_loss":0.0,"damage_taken":0.0}],"is_beta":false,"boss_relics":[{"not_picked":["Tiny House","Eternal Feather"],"picked":"Astrolabe"},{"not_picked":["Empty Cage","Pandora\u0027s Box"],"picked":"FrozenCore"}],"items_purged_floors":[38],"is_endless":false,"potions_floor_spawned":[5,11,13,14,16,20,28,29,33,41,42,46],"killed_by":"The Heart","ascension_level":0}