{"gold_per_floor":[112,122,139,67,142,142,168,178,201,201,234,234,39,39,39,140,140,157,177,20,33,9,9,25,43,43,43,43,58,72,84,84,187,187,198,214,19,19],"floor_reached":38,"playtime":2163,"items_purged":["Parasite","Strike_R"],"score":579,"play_id":"6512f120-258a-4751-9ec4-8282d966eff6","local_time":"20190213133948","is_ascension_mode":true,"campfire_choices":[{"data":"Flame Barrier","floor":6,"key":"SMITH"},{"floor":12,"key":"REST"},{"floor":15,"key":"REST"},{"data":"Barricade","floor":23,"key":"SMITH"},{"data":"Shrug It Off","floor":27,"key":"SMITH"},{"data":"Entrench","floor":32,"key":"SMITH"}],"neow_cost":"NONE","seed_source_timestamp":191092430173475,"circlet_count":0,"master_deck":["Strike_R","Strike_R","Strike_R","Strike_R","Defend_R","Defend_R+1","Defend_R+1","Defend_R","Bash","Battle Trance","Flame Barrier+1","Carnage","Clash","Barricade+1","Flex+1","Body Slam+1","Shrug It Off+1","Iron Wave+1","Entrench+1","Disarm+1"],"relics":["Burning Blood","Anchor","Smiling Mask","Ancient Tea Set","Omamori","Lantern","Torii","Lizard Tail","War Paint","Eternal Feather","Oddly Smooth Stone"],"potions_floor_usage":[7,7,19,25,31,36,38],"damage_taken":[{"damage":0,"enemies":"Small Slimes","floor":1,"turns":3},{"damage":4,"enemies":"Jaw Worm","floor":2,"turns":4},{"damage":1,"enemies":"Cultist","floor":3,"turns":3},{"damage":5,"enemies":"3 Sentries","floor":7,"turns":10},{"damage":5,"enemies":"Gremlin Gang","floor":8,"turns":5},{"damage":70,"enemies":"Lagavulin","floor":11,"turns":9},{"damage":39,"enemies":"The Guardian","floor":16,"turns":14},{"damage":40,"enemies":"Shell Parasite","floor":18,"turns":10},{"damage":40,"enemies":"Spheric Guardian","floor":19,"turns":8},{"damage":0,"enemies":"Snake Plant","floor":21,"turns":2},{"damage":0,"enemies":"Snecko","floor":24,"turns":5},{"damage":19,"enemies":"Centurion and Healer","floor":25,"turns":5},{"damage":0,"enemies":"Snake Plant","floor":29,"turns":2},{"damage":2,"enemies":"Shelled Parasite and Fungi","floor":30,"turns":7},{"damage":7,"enemies":"3 Cultists","floor":31,"turns":7},{"damage":0,"enemies":"Champ","floor":33,"turns":12},{"damage":0,"enemies":"Orb Walker","floor":35,"turns":5},{"damage":60,"enemies":"3 Darklings","floor":36,"turns":10},{"damage":79,"enemies":"Transient","floor":38,"turns":5}],"seed_played":"-6770575218268921700","potions_obtained":[{"floor":1,"key":"Fire Potion"},{"floor":3,"key":"Weak Potion"},{"floor":11,"key":"Block Potion"},{"floor":18,"key":"EssenceOfSteel"},{"floor":21,"key":"PowerPotion"},{"floor":30,"key":"Regen Potion"},{"floor":33,"key":"Regen Potion"},{"floor":36,"key":"Dexterity Potion"}],"is_trial":false,"path_per_floor":["M","M","M","$","?","R","E","M","T","?","E","R","$","?","R","B",null,"M","M","$","M","$","R","M","M","T","R","?","M","M","M","R","B",null,"M","M","$","M"],"character_chosen":"IRONCLAD","items_purchased":["Flame Barrier","Lantern","War Paint","Shrug It Off","Oddly Smooth Stone"],"campfire_rested":2,"item_purchase_floors":[4,13,20,22,37],"current_hp_per_floor":[80,80,80,80,69,69,70,71,71,80,16,40,40,40,63,30,65,31,44,44,50,50,50,56,43,43,43,43,49,53,67,67,73,76,77,38,38,0],"gold":19,"neow_bonus":"RANDOM_COMMON_RELIC","is_prod":false,"is_daily":false,"chose_seed":false,"campfire_upgraded":4,"win_rate":0,"timestamp":1550079588,"path_taken":["M","M","M","$","?","R","E","M","T","?","E","R","?","?","R","BOSS","M","M","$","?","$","R","?","M","T","R","?","M","?","M","R","BOSS","M","M","$","M"],"build_version":"2019-01-23","purchased_purges":2,"victory":false,"max_hp_per_floor":[80,80,80,80,80,80,80,80,80,80,80,80,77,77,77,77,77,77,77,77,77,77,77,77,77,77,77,77,77,77,77,77,77,77,77,77,77,77],"card_choices":[{"not_picked":["Sentinel","Shrug It Off","Wild Strike"],"picked":"SKIP","floor":1},{"not_picked":["Perfected Strike","Thunderclap"],"picked":"Battle Trance","floor":2},{"not_picked":["Berserk","Anger","Thunderclap"],"picked":"SKIP","floor":3},{"not_picked":["Anger","Headbutt"],"picked":"Carnage","floor":7},{"not_picked":["Blood for Blood","Pummel","Uppercut"],"picked":"SKIP","floor":8},{"not_picked":["Rage","Armaments"],"picked":"Clash","floor":11},{"not_picked":["Reaper","Juggernaut"],"picked":"Barricade","floor":16},{"not_picked":["Sword Boomerang","Shrug It Off"],"picked":"Flex+1","floor":18},{"not_picked":["Burning Pact","Combust"],"picked":"Body Slam+1","floor":19},{"not_picked":["Body Slam","Headbutt","Pommel Strike"],"picked":"SKIP","floor":21},{"not_picked":["Burning Pact","Power Through"],"picked":"Iron Wave+1","floor":24},{"not_picked":["Cleave","Heavy Blade","Perfected Strike"],"picked":"SKIP","floor":25},{"not_picked":["Clash","Rupture+1","Perfected Strike"],"picked":"SKIP","floor":29},{"not_picked":["Rupture","Heavy Blade+1"],"picked":"Entrench","floor":30},{"not_picked":["Havoc+1","Pummel","Body Slam"],"picked":"SKIP","floor":31},{"not_picked":["Iron Wave","Heavy Blade+1"],"picked":"Disarm+1","floor":35},{"not_picked":["Headbutt","Thunderclap","Clothesline"],"picked":"SKIP","floor":36}],"player_experience":431627,"relics_obtained":[{"floor":7,"key":"Smiling Mask"},{"floor":9,"key":"Ancient Tea Set"},{"floor":11,"key":"Omamori"}],"event_choices":[{"damage_healed":0,"gold_gain":75,"player_choice":"Gather Gold","damage_taken":11,"max_hp_gain":0,"max_hp_loss":0,"event_name":"World of Goop","floor":5,"gold_loss":0},{"damage_healed":20,"gold_gain":0,"player_choice":"Healed and dodged fight","damage_taken":0,"max_hp_gain":0,"max_hp_loss":0,"event_name":"Mushrooms","floor":10,"gold_loss":0,"cards_obtained":["Parasite"]},{"damage_healed":0,"gold_gain":0,"player_choice":"Gave Potion","damage_taken":0,"relics_obtained":["Torii"],"max_hp_gain":0,"max_hp_loss":0,"event_name":"WeMeetAgain","floor":14,"gold_loss":0},{"damage_healed":0,"gold_gain":0,"player_choice":"Ignored","damage_taken":0,"max_hp_gain":0,"max_hp_loss":0,"event_name":"N\u0027loth","floor":28,"gold_loss":0}],"is_beta":false,"boss_relics":[{"not_picked":["Coffee Dripper","Runic Dome"],"picked":"Lizard Tail"},{"not_picked":["Mark of Pain","Cursed Key"],"picked":"Eternal Feather"}],"items_purged_floors":[13,37],"is_endless":false,"potions_floor_spawned":[1,3,11,18,21,30,33,36],"killed_by":"Transient","ascension_level":5}