{"gold_per_floor":[15,34,45,62,81,81,31,60,60,74,74,89,89,89,89,89],"floor_reached":16,"playtime":720,"items_purged":[],"score":172,"play_id":"90754e04-eea6-473a-8220-7f923aa6b9b0","local_time":"20190506131410","is_ascension_mode":true,"campfire_choices":[{"floor":6,"key":"REST"},{"data":"Trip","floor":11,"key":"SMITH"},{"data":"Whirlwind","floor":13,"key":"SMITH"},{"data":"Thinking Ahead","floor":15,"key":"SMITH"}],"neow_cost":"NO_GOLD","seed_source_timestamp":1549836040063170,"circlet_count":0,"master_deck":["AscendersBane","Strike_R","Strike_R","Strike_R","Strike_R","Defend_R","Defend_R+1","Defend_R","Defend_R+1","Bash","Trip+1","Thinking Ahead+1","Cleave","Evolve","Shockwave","Whirlwind+1"],"relics":["Burning Blood","Oddly Smooth Stone","War Paint"],"potions_floor_usage":[5,8,12,16,16],"damage_taken":[{"damage":10,"enemies":"Small Slimes","floor":1,"turns":4},{"damage":6,"enemies":"Cultist","floor":2,"turns":4},{"damage":8,"enemies":"2 Louse","floor":3,"turns":3},{"damage":5,"enemies":"2 Fungi Beasts","floor":4,"turns":4},{"damage":20,"enemies":"Lots of Slimes","floor":5,"turns":3},{"damage":28,"enemies":"3 Sentries","floor":8,"turns":7},{"damage":0,"enemies":"3 Louse","floor":10,"turns":3},{"damage":0,"enemies":"2 Fungi Beasts","floor":12,"turns":3},{"damage":67,"enemies":"Hexaghost","floor":16,"turns":14}],"seed_played":"5948154516364394175","potions_obtained":[{"floor":2,"key":"Weak Potion"},{"floor":4,"key":"PowerPotion"},{"floor":8,"key":"SkillPotion"},{"floor":10,"key":"Fire Potion"},{"floor":14,"key":"Ancient Potion"}],"is_trial":false,"path_per_floor":["M","M","M","M","M","R","?","E","T","M","R","M","R","?","R","B"],"character_chosen":"IRONCLAD","items_purchased":[],"campfire_rested":1,"item_purchase_floors":[],"current_hp_per_floor":[68,68,66,67,53,77,77,55,55,61,61,67,67,67,67,0],"gold":89,"neow_bonus":"RANDOM_COLORLESS_2","is_prod":false,"is_daily":false,"chose_seed":false,"campfire_upgraded":3,"win_rate":0,"timestamp":1557159250,"path_taken":["M","M","M","M","M","R","?","E","T","M","R","M","R","?","R","BOSS"],"build_version":"2019-01-23","purchased_purges":0,"victory":false,"max_hp_per_floor":[80,80,80,80,80,80,80,80,80,80,80,80,80,80,80,80],"card_choices":[{"not_picked":["Thunderclap","Blood for Blood"],"picked":"Cleave","floor":1},{"not_picked":["Anger","Warcry"],"picked":"Evolve","floor":2},{"not_picked":["Heavy Blade","Havoc","Carnage"],"picked":"SKIP","floor":3},{"not_picked":["Pommel Strike","Twin Strike"],"picked":"Shockwave","floor":4},{"not_picked":["Fire Breathing","True Grit","Armaments"],"picked":"SKIP","floor":5},{"not_picked":["Combust","Infernal Blade"],"picked":"Whirlwind","floor":8},{"not_picked":["Twin Strike","Clash","Flex"],"picked":"SKIP","floor":10},{"not_picked":["Burning Pact","Flex","Thunderclap"],"picked":"SKIP","floor":12}],"player_experience":705713,"relics_obtained":[{"floor":8,"key":"Oddly Smooth Stone"},{"floor":9,"key":"War Paint"}],"event_choices":[{"cards_removed":["Strike_R"],"damage_healed":0,"gold_gain":0,"player_choice":"Card Removal","damage_taken":0,"max_hp_gain":0,"max_hp_loss":0,"event_name":"The Cleric","floor":7,"gold_loss":50},{"damage_healed":0,"gold_gain":0,"player_choice":"Got Potions","damage_taken":0,"max_hp_gain":0,"max_hp_loss":0,"event_name":"Lab","floor":14,"gold_loss":0}],"is_beta":false,"boss_relics":[],"items_purged_floors":[],"is_endless":false,"potions_floor_spawned":[2,4,8,10],"killed_by":"Hexaghost","ascension_level":13}