{"gold_per_floor":[111,129,129,182,198,198,226,226,226,239,255,44,70,81,81,158,158,177,192,25,40,55,55,82,82,106,141,161,161,195,195,195,272,272,283,300,32,43,56,83,136,169,193,227,327,327,343,369,369,369,369],"floor_reached":51,"playtime":4450,"items_purged":["Strike_R","Strike_R"],"score":1724,"play_id":"2e4d2231-17b6-48b1-8ed4-7f3a3a01caa5","local_time":"20190414155423","is_ascension_mode":true,"campfire_choices":[{"data":"Bash","floor":6,"key":"SMITH"},{"data":"Anger","floor":8,"key":"SMITH"},{"data":"Disarm","floor":15,"key":"SMITH"},{"data":"Inflame","floor":23,"key":"SMITH"},{"data":"Shrug It Off","floor":25,"key":"SMITH"},{"floor":32,"key":"REST"},{"floor":46,"key":"RECALL"},{"data":"Inflame","floor":49,"key":"SMITH"}],"neow_cost":"NONE","seed_source_timestamp":6831701925110,"circlet_count":0,"master_deck":["AscendersBane","Strike_R","Strike_R","Strike_R","Defend_R","Defend_R","Defend_R","Defend_R","Bash+1","Shrug It Off+1","Anger+1","Carnage+1","Feed+1","Inflame+1","Disarm+1","Feed+1","Pummel+1","Pommel Strike+1","Offering","Corruption","Sentinel+1","Armaments+1","Iron Wave+1","Immolate+1","Shrug It Off+1","Ghostly Armor+1","Shrug It Off+1","Clothesline+1","True Grit+1","Inflame+1","Inflame"],"relics":["Burning Blood","Molten Egg 2","Smiling Mask","Meat on the Bone","Ornamental Fan","Calipers","Snecko Eye","Vajra","Toxic Egg 2","Potion Belt","Bottled Lightning","Oddly Smooth Stone","Enchiridion","White Beast Statue","Toy Ornithopter","Darkstone Periapt","Unceasing Top","Red Skull","Gambling Chip","Ginger","Bottled Tornado"],"potions_floor_usage":[13,13,22,24,27,33,33,40,40,40,42,42,47,48,50,50,50,51],"damage_taken":[{"damage":6,"enemies":"Cultist","floor":1,"turns":3},{"damage":7,"enemies":"Jaw Worm","floor":2,"turns":6},{"damage":0,"enemies":"2 Louse","floor":5,"turns":3},{"damage":24,"enemies":"3 Sentries","floor":7,"turns":9},{"damage":8,"enemies":"Large Slime","floor":10,"turns":5},{"damage":0,"enemies":"2 Fungi Beasts","floor":11,"turns":2},{"damage":32,"enemies":"Gremlin Nob","floor":13,"turns":4},{"damage":17,"enemies":"Red Slaver","floor":14,"turns":5},{"damage":41,"enemies":"The Guardian","floor":16,"turns":12},{"damage":1,"enemies":"Spheric Guardian","floor":18,"turns":3},{"damage":10,"enemies":"3 Byrds","floor":19,"turns":5},{"damage":32,"enemies":"Snake Plant","floor":21,"turns":6},{"damage":40,"enemies":"Shelled Parasite and Fungi","floor":22,"turns":8},{"damage":25,"enemies":"Slavers","floor":24,"turns":5},{"damage":34,"enemies":"Book of Stabbing","floor":27,"turns":5},{"damage":13,"enemies":"Cultist and Chosen","floor":28,"turns":4},{"damage":6,"enemies":"Gremlin Leader","floor":30,"turns":3},{"damage":38,"enemies":"Automaton","floor":33,"turns":10},{"damage":11,"enemies":"Orb Walker","floor":35,"turns":3},{"damage":6,"enemies":"3 Shapes","floor":36,"turns":2},{"damage":6,"enemies":"Transient","floor":38,"turns":6},{"damage":15,"enemies":"3 Darklings","floor":39,"turns":6},{"damage":16,"enemies":"Nemesis","floor":40,"turns":5},{"damage":6,"enemies":"2 Orb Walkers","floor":41,"turns":4},{"damage":42,"enemies":"Giant Head","floor":42,"turns":7},{"damage":16,"enemies":"Reptomancer","floor":44,"turns":7},{"damage":6,"enemies":"Mind Bloom Boss Battle","floor":45,"turns":7},{"damage":0,"enemies":"4 Shapes","floor":47,"turns":4},{"damage":25,"enemies":"Nemesis","floor":48,"turns":7},{"damage":115,"enemies":"Awakened One","floor":50,"turns":19},{"damage":76,"enemies":"Time Eater","floor":51,"turns":13}],"seed_played":"5337251822995791680","potions_obtained":[{"floor":2,"key":"Swift Potion"},{"floor":5,"key":"Poison Potion"},{"floor":13,"key":"Dexterity Potion"},{"floor":18,"key":"Strength Potion"},{"floor":19,"key":"SkillPotion"},{"floor":22,"key":"Poison Potion"},{"floor":27,"key":"EssenceOfSteel"},{"floor":28,"key":"Dexterity Potion"},{"floor":35,"key":"SpeedPotion"},{"floor":36,"key":"FearPotion"},{"floor":38,"key":"Energy Potion"},{"floor":39,"key":"Explosive Potion"},{"floor":40,"key":"Energy Potion"},{"floor":41,"key":"SpeedPotion"},{"floor":42,"key":"FearPotion"},{"floor":44,"key":"SkillPotion"},{"floor":45,"key":"SkillPotion"},{"floor":47,"key":"Regen Potion"},{"floor":48,"key":"Energy Potion"}],"is_trial":false,"path_per_floor":["M","M","?","T","M","R","E","R","T","M","M","$","E","M","R","B",null,"M","M","$","M","M","R","E","R","T","E","M","?","E","?","R","B",null,"M","M","$","M","M","E","?","E","T","E","?","R","M","E","R","B","B"],"character_chosen":"IRONCLAD","items_purchased":["Disarm","Feed+1","Vajra","Toy Ornithopter"],"campfire_rested":1,"item_purchase_floors":[12,12,20,37],"current_hp_per_floor":[75,74,48,48,54,54,36,36,36,50,60,60,46,51,51,32,82,91,95,95,73,59,59,60,60,60,44,57,57,73,52,94,78,129,128,136,136,136,131,140,148,126,126,120,124,124,143,133,133,70,0],"gold":369,"neow_bonus":"TEN_PERCENT_HP_BONUS","is_prod":false,"is_daily":false,"chose_seed":false,"campfire_upgraded":6,"win_rate":0,"timestamp":1555250063,"path_taken":["M","M","?","?","M","R","E","R","T","M","M","$","E","M","R","BOSS","M","M","$","M","M","R","E","R","T","E","M","?","E","?","R","BOSS","M","M","$","M","M","E","?","E","T","E","?","R","M","E","R","BOSS","BOSS"],"build_version":"2019-01-23","purchased_purges":2,"victory":false,"max_hp_per_floor":[82,82,82,82,82,82,82,82,82,86,90,90,90,94,94,98,98,102,110,110,114,122,122,130,130,130,130,138,138,142,142,142,146,146,150,158,158,158,162,166,174,178,178,182,186,186,194,198,198,202,202],"card_choices":[{"not_picked":["Body Slam","Whirlwind"],"picked":"Shrug It Off","floor":1},{"not_picked":["Armaments","Heavy Blade"],"picked":"Anger","floor":2},{"not_picked":["Second Wind","Wild Strike+1"],"picked":"Carnage+1","floor":5},{"not_picked":["Pommel Strike+1","Carnage+1"],"picked":"Feed+1","floor":7},{"not_picked":["Anger+1","Sword Boomerang+1","Wild Strike+1"],"picked":"SKIP","floor":10},{"not_picked":["Anger+1","Sword Boomerang+1","Wild Strike+1"],"picked":"SKIP","floor":10},{"not_picked":["Sentinel","Anger+1"],"picked":"Inflame","floor":11},{"not_picked":["Inflame","Infernal Blade"],"picked":"Pummel+1","floor":13},{"not_picked":["Heavy Blade+1","Carnage+1"],"picked":"Pommel Strike+1","floor":14},{"not_picked":["Juggernaut","Barricade"],"picked":"Offering","floor":16},{"not_picked":["Fire Breathing","Rupture","Pommel Strike+1"],"picked":"SKIP","floor":18},{"not_picked":["Sword Boomerang+1","Wild Strike+1","Twin Strike+1"],"picked":"SKIP","floor":19},{"not_picked":["Havoc","Cleave+1","Pommel Strike+1"],"picked":"SKIP","floor":21},{"not_picked":["Havoc","Cleave+1","Pommel Strike+1"],"picked":"SKIP","floor":21},{"not_picked":["Burning Pact","Cleave+1","Sword Boomerang+1"],"picked":"SKIP","floor":22},{"not_picked":["Wild Strike+1","Battle Trance"],"picked":"Corruption","floor":24},{"not_picked":["Searing Blow+1","Sword Boomerang+1"],"picked":"Sentinel+1","floor":27},{"not_picked":["Headbutt+1","Blood for Blood+1"],"picked":"Armaments+1","floor":28},{"not_picked":["Clash+1","Rupture"],"picked":"Iron Wave+1","floor":30},{"not_picked":["Feed+1","Offering+1"],"picked":"Immolate+1","floor":33},{"not_picked":["True Grit+1","Sword Boomerang+1"],"picked":"Shrug It Off+1","floor":35},{"not_picked":["Searing Blow+1","Headbutt+1","Evolve+1"],"picked":"SKIP","floor":36},{"not_picked":["Iron Wave+1","Battle Trance+1"],"picked":"Ghostly Armor+1","floor":38},{"not_picked":["Thunderclap+1","Warcry+1","Sever Soul+1"],"picked":"SKIP","floor":39},{"not_picked":["Sever Soul+1","Headbutt+1"],"picked":"Shrug It Off+1","floor":40},{"not_picked":["Warcry+1","Perfected Strike+1"],"picked":"Clothesline+1","floor":42},{"not_picked":["Immolate+1","Body Slam+1"],"picked":"True Grit+1","floor":44},{"not_picked":["Pommel Strike+1","Clash+1"],"picked":"Inflame","floor":45},{"not_picked":["Shrug It Off+1","Clash+1"],"picked":"Inflame","floor":47},{"not_picked":["Cleave+1","Rupture+1","Seeing Red+1"],"picked":"SKIP","floor":48}],"player_experience":1122279,"relics_obtained":[{"floor":4,"key":"Smiling Mask"},{"floor":7,"key":"Meat on the Bone"},{"floor":9,"key":"Ornamental Fan"},{"floor":13,"key":"Calipers"},{"floor":24,"key":"Toxic Egg 2"},{"floor":26,"key":"Potion Belt"},{"floor":27,"key":"Bottled Lightning"},{"floor":30,"key":"Oddly Smooth Stone"},{"floor":31,"key":"Enchiridion"},{"floor":40,"key":"Darkstone Periapt"},{"floor":41,"key":"Unceasing Top"},{"floor":42,"key":"Red Skull"},{"floor":44,"key":"Gambling Chip"},{"floor":45,"key":"Ginger"},{"floor":48,"key":"Bottled Tornado"}],"event_choices":[{"damage_healed":0,"gold_gain":0,"player_choice":"Success","damage_taken":26,"relics_obtained":["Molten Egg 2"],"max_hp_gain":0,"max_hp_loss":0,"event_name":"Scrap Ooze","floor":3,"gold_loss":0},{"damage_healed":0,"gold_gain":0,"player_choice":"Ignored","damage_taken":0,"max_hp_gain":0,"max_hp_loss":0,"event_name":"Ghosts","floor":29,"gold_loss":0},{"damage_healed":0,"gold_gain":0,"player_choice":"Obtained Book","damage_taken":21,"max_hp_gain":0,"max_hp_loss":0,"event_name":"Cursed Tome","floor":31,"gold_loss":0},{"damage_healed":0,"gold_gain":0,"player_choice":"Fight","damage_taken":0,"max_hp_gain":0,"max_hp_loss":0,"event_name":"Mysterious Sphere","floor":41,"gold_loss":0},{"damage_healed":0,"gold_gain":0,"player_choice":"Fight","damage_taken":0,"max_hp_gain":0,"max_hp_loss":0,"event_name":"MindBloom","floor":45,"gold_loss":0}],"is_beta":false,"boss_relics":[{"not_picked":["Runic Pyramid","Runic Dome"],"picked":"Snecko Eye"},{"not_picked":["Black Star","Runic Cube"],"picked":"White Beast Statue"}],"items_purged_floors":[12,37],"is_endless":false,"potions_floor_spawned":[2,5,13,18,19,22,27,28,35,36,38,39,40,41,42,44,45,47,48],"killed_by":"Time Eater","ascension_level":20}