{"gold_per_floor":[112,112,126,126,38,72,72,90,137,177,200,213,246,267,267,365,365,389,314,314,314,339,339],"floor_reached":23,"playtime":945,"items_purged":[],"score":472,"play_id":"82f1cbeb-627a-4764-99f4-2d723b6e7fbb","local_time":"20190203220018","is_ascension_mode":true,"campfire_choices":[{"data":"Twin Strike","floor":7,"key":"SMITH"},{"data":"Juggernaut","floor":15,"key":"SMITH"}],"neow_cost":"NONE","seed_source_timestamp":33612525046106,"circlet_count":0,"master_deck":["AscendersBane","Strike_R+1","Defend_R","Defend_R","Defend_R","Defend_R","Bash+1","Twin Strike+1","Clothesline+1","Feel No Pain","True Grit","Anger","Juggernaut+1","Iron Wave","Iron Wave","Corruption","Offering","Intimidate+1","Limit Break+1","Feel No Pain+1","Body Slam"],"relics":["Burning Blood","NeowsBlessing","Golden Idol","Whetstone","Lantern","Omamori","Astrolabe","Necronomicon"],"potions_floor_usage":[16,23,23],"damage_taken":[{"damage":0,"enemies":"Small Slimes","floor":1,"turns":1},{"damage":0,"enemies":"Jaw Worm","floor":3,"turns":1},{"damage":0,"enemies":"Lagavulin","floor":6,"turns":2},{"damage":0,"enemies":"2 Louse","floor":8,"turns":3},{"damage":29,"enemies":"Gremlin Nob","floor":10,"turns":4},{"damage":8,"enemies":"Exordium Wildlife","floor":11,"turns":4},{"damage":5,"enemies":"Red Slaver","floor":12,"turns":3},{"damage":16,"enemies":"3 Sentries","floor":13,"turns":8},{"damage":5,"enemies":"3 Louse","floor":14,"turns":3},{"damage":7,"enemies":"Hexaghost","floor":16,"turns":9},{"damage":18,"enemies":"2 Thieves","floor":18,"turns":3},{"damage":6,"enemies":"Chosen","floor":22,"turns":3},{"damage":35,"enemies":"Gremlin Leader","floor":23,"turns":10}],"seed_played":"-1775581514791119778","potions_obtained":[{"floor":1,"key":"EssenceOfSteel"},{"floor":10,"key":"Weak Potion"},{"floor":22,"key":"Dexterity Potion"}],"is_trial":false,"path_per_floor":["M","?","M","?","$","E","R","M","T","E","M","M","E","M","R","B",null,"M","?","?","?","M","E"],"character_chosen":"IRONCLAD","items_purchased":["Feel No Pain"],"campfire_rested":0,"item_purchase_floors":[5],"current_hp_per_floor":[74,74,75,68,68,68,68,68,68,45,43,44,34,35,35,34,60,48,48,48,27,27,0],"gold":339,"neow_bonus":"THREE_ENEMY_KILL","is_prod":false,"is_daily":false,"chose_seed":false,"campfire_upgraded":2,"win_rate":0,"timestamp":1549227618,"path_taken":["M","?","M","?","$","E","R","M","T","E","M","M","E","M","R","BOSS","M","?","?","?","?","E"],"build_version":"2019-01-23","purchased_purges":0,"victory":false,"max_hp_per_floor":[75,75,75,68,68,68,68,68,68,68,68,68,68,68,68,68,68,68,68,68,68,68,68],"card_choices":[{"not_picked":["Sentinel","True Grit"],"picked":"Twin Strike","floor":1},{"not_picked":["Shockwave","Twin Strike"],"picked":"Clothesline","floor":3},{"not_picked":["Shrug It Off","Hemokinesis"],"picked":"True Grit","floor":6},{"not_picked":["Sword Boomerang","Bloodletting"],"picked":"Anger","floor":8},{"not_picked":["Perfected Strike","Reaper"],"picked":"Juggernaut","floor":10},{"not_picked":["Clothesline","Flex"],"picked":"Iron Wave","floor":11},{"not_picked":["Clash","Sword Boomerang"],"picked":"Iron Wave","floor":12},{"not_picked":["Pommel Strike","Barricade"],"picked":"Corruption","floor":13},{"not_picked":["Seeing Red","Anger","Perfected Strike"],"picked":"SKIP","floor":14},{"not_picked":["Exhume","Impervious"],"picked":"Offering","floor":16},{"not_picked":["Seeing Red","Inflame"],"picked":"Body Slam","floor":18},{"not_picked":["Pommel Strike","Clothesline","Cleave"],"picked":"SKIP","floor":22}],"player_experience":879987,"relics_obtained":[{"floor":6,"key":"Whetstone"},{"floor":10,"key":"Lantern"},{"floor":13,"key":"Omamori"},{"floor":21,"key":"Necronomicon"}],"event_choices":[{"damage_healed":0,"gold_gain":0,"player_choice":"Grow","damage_taken":0,"max_hp_gain":0,"max_hp_loss":0,"event_name":"Living Wall","floor":2,"gold_loss":0,"cards_upgraded":["Bash"]},{"damage_healed":0,"gold_gain":0,"player_choice":"Lose Max HP","damage_taken":0,"relics_obtained":["Golden Idol"],"max_hp_gain":0,"max_hp_loss":7,"event_name":"Golden Idol","floor":4,"gold_loss":0},{"cards_removed":["Strike_R"],"damage_healed":0,"gold_gain":0,"player_choice":"Gave Gold","damage_taken":0,"max_hp_gain":0,"max_hp_loss":0,"event_name":"Beggar","floor":19,"gold_loss":75},{"damage_healed":0,"gold_gain":0,"player_choice":"Ignored","damage_taken":0,"max_hp_gain":0,"max_hp_loss":0,"event_name":"Vampires","floor":20,"gold_loss":0},{"damage_healed":0,"gold_gain":0,"player_choice":"Obtained Book","damage_taken":21,"max_hp_gain":0,"max_hp_loss":0,"event_name":"Cursed Tome","floor":21,"gold_loss":0}],"is_beta":false,"boss_relics":[{"not_picked":["Philosopher\u0027s Stone","Lizard Tail"],"picked":"Astrolabe"}],"items_purged_floors":[],"is_endless":false,"potions_floor_spawned":[1,10,12,22],"killed_by":"Gremlin Leader","ascension_level":20}