{"gold_per_floor":[114,114,114,69,79,104,116,150,150,184,184,214,214,69,69,141,141,141,141,153,170,62,91,91,91,91,91],"floor_reached":27,"playtime":1264,"items_purged":["Writhe"],"score":476,"play_id":"d370b441-fa02-4e0e-b0e9-bce62c4e5c58","local_time":"20190517104534","is_ascension_mode":true,"campfire_choices":[{"floor":11,"key":"REST"},{"floor":15,"key":"REST"},{"data":"Body Slam","floor":24,"key":"SMITH"}],"neow_cost":"NONE","seed_source_timestamp":2490769313647417,"circlet_count":0,"master_deck":["AscendersBane","Strike_R","Strike_R+1","Strike_R","Strike_R+1","Defend_R","Defend_R","Defend_R","Defend_R","Bash","Iron Wave+1","Armaments","Impervious","Body Slam+1","Metallicize","Reaper","Shrug It Off","Warcry","Flame Barrier"],"relics":["Black Blood","NeowsBlessing","Turnip","Ornamental Fan","Shuriken","Mummified Hand","Bronze Scales","Bag of Marbles","Blood Vial","Meat on the Bone"],"potions_floor_usage":[7,10,16,18,20,23,27],"damage_taken":[{"damage":0,"enemies":"2 Louse","floor":1,"turns":1},{"damage":0,"enemies":"Cultist","floor":5,"turns":1},{"damage":0,"enemies":"Lagavulin","floor":6,"turns":1},{"damage":0,"enemies":"Jaw Worm","floor":7,"turns":3},{"damage":35,"enemies":"Gremlin Nob","floor":8,"turns":5},{"damage":25,"enemies":"3 Sentries","floor":10,"turns":9},{"damage":42,"enemies":"Slime Boss","floor":16,"turns":11},{"damage":0,"enemies":"2 Thieves","floor":18,"turns":1},{"damage":16,"enemies":"Chosen","floor":20,"turns":6},{"damage":30,"enemies":"Sentry and Sphere","floor":21,"turns":10},{"damage":15,"enemies":"Slavers","floor":23,"turns":7},{"damage":62,"enemies":"Gremlin Leader","floor":27,"turns":10}],"seed_played":"6722355965873552442","potions_obtained":[{"floor":6,"key":"Swift Potion"},{"floor":7,"key":"SmokeBomb"},{"floor":8,"key":"Weak Potion"},{"floor":10,"key":"Strength Potion"},{"floor":16,"key":"Fire Potion"},{"floor":20,"key":"Fire Potion"},{"floor":23,"key":"GamblersBrew"}],"is_trial":false,"path_per_floor":["M","?","?","$","M","E","M","E","T","E","R","?","?","$","R","B",null,"M","?","M","M","$","E","R","?","T","E"],"character_chosen":"IRONCLAD","items_purchased":["Armaments","Bronze Scales","Flame Barrier"],"campfire_rested":2,"item_purchase_floors":[4,14,22],"current_hp_per_floor":[74,51,51,51,57,63,69,40,40,21,43,43,36,36,58,22,62,72,72,66,46,46,51,51,51,51,0],"gold":91,"neow_bonus":"THREE_ENEMY_KILL","is_prod":false,"is_daily":false,"chose_seed":false,"campfire_upgraded":1,"win_rate":0,"timestamp":1558100734,"path_taken":["M","?","?","$","M","E","?","E","T","E","R","?","?","?","R","BOSS","M","?","M","M","$","E","R","?","T","E"],"build_version":"2019-01-23","purchased_purges":1,"victory":false,"max_hp_per_floor":[75,75,75,75,75,75,75,75,75,75,75,75,75,75,75,75,75,75,75,75,75,75,75,75,75,75,75],"card_choices":[{"not_picked":["Clash","Metallicize"],"picked":"Iron Wave","floor":1},{"not_picked":["Flex","Thunderclap","Pummel"],"picked":"SKIP","floor":5},{"not_picked":["Havoc","Pummel"],"picked":"Impervious","floor":6},{"not_picked":["Thunderclap","Anger"],"picked":"Body Slam","floor":7},{"not_picked":["Armaments","Sword Boomerang","Body Slam"],"picked":"SKIP","floor":8},{"not_picked":["Dropkick","Rage"],"picked":"Metallicize","floor":10},{"not_picked":["Limit Break","Barricade"],"picked":"Reaper","floor":16},{"not_picked":["Iron Wave","Heavy Blade"],"picked":"Shrug It Off","floor":20},{"not_picked":["Second Wind","Pummel"],"picked":"Warcry","floor":21},{"not_picked":["Shockwave","Power Through","Second Wind"],"picked":"SKIP","floor":23}],"player_experience":751127,"relics_obtained":[{"floor":6,"key":"Turnip"},{"floor":8,"key":"Ornamental Fan"},{"floor":9,"key":"Shuriken"},{"floor":10,"key":"Mummified Hand"},{"floor":23,"key":"Blood Vial"},{"floor":26,"key":"Meat on the Bone"}],"event_choices":[{"damage_healed":0,"gold_gain":0,"player_choice":"Entered Light","damage_taken":23,"max_hp_gain":0,"max_hp_loss":0,"event_name":"Shining Light","floor":2,"gold_loss":0,"cards_upgraded":["Strike_R","Strike_R"]},{"damage_healed":0,"gold_gain":0,"player_choice":"Upgraded","damage_taken":0,"max_hp_gain":0,"max_hp_loss":0,"event_name":"Upgrade Shrine","floor":3,"gold_loss":0,"cards_upgraded":["Iron Wave"]},{"damage_healed":0,"gold_gain":30,"player_choice":"Searched \u00272\u0027 times","damage_taken":0,"max_hp_gain":0,"max_hp_loss":0,"event_name":"Dead Adventurer","floor":12,"gold_loss":0},{"cards_removed":["Strike_R"],"damage_healed":0,"gold_gain":0,"player_choice":"Card Removal","damage_taken":7,"max_hp_gain":0,"max_hp_loss":0,"event_name":"Golden Wing","floor":13,"gold_loss":0},{"damage_healed":0,"gold_gain":0,"player_choice":"Opened","damage_taken":0,"relics_obtained":["Bag of Marbles"],"max_hp_gain":0,"max_hp_loss":0,"event_name":"The Mausoleum","floor":19,"gold_loss":0,"cards_obtained":["Writhe"]},{"damage_healed":0,"gold_gain":0,"player_choice":"Ignored","damage_taken":0,"max_hp_gain":0,"max_hp_loss":0,"event_name":"Vampires","floor":25,"gold_loss":0}],"is_beta":false,"boss_relics":[{"not_picked":["Lizard Tail","Tiny House"],"picked":"Black Blood"}],"items_purged_floors":[22],"is_endless":false,"potions_floor_spawned":[6,7,8,10,16,20,23],"killed_by":"Gremlin Leader","ascension_level":15}