{"gold_per_floor":[111,128,93,18,28,28,42,75,75,75,75,90,117,6,6,82,82,97,110,126,142,42,68,68,102,132,132,132,159,175,189,189,189],"floor_reached":33,"playtime":2845,"items_purged":["Strike_B","Strike_B"],"score":684,"play_id":"2d53a841-c61f-4ba1-a7eb-fcdd7c9cf70c","local_time":"20190130150422","is_ascension_mode":true,"campfire_choices":[{"data":"Barrage","floor":6.0,"key":"SMITH"},{"data":"Zap","floor":10.0,"key":"SMITH"},{"floor":15.0,"key":"REST"},{"floor":24,"key":"REST"},{"floor":27,"key":"REST"},{"floor":32,"key":"REST"}],"neow_cost":"NONE","seed_source_timestamp":6539766370385,"circlet_count":0,"master_deck":["AscendersBane","Strike_B+1","Strike_B+1","Defend_B+1","Defend_B","Defend_B","Defend_B","Zap+1","Dualcast","Barrage+1","Glacier+1","Melter","White Noise","Static Discharge+1","Ball Lightning","BootSequence","Biased Cognition","Hologram","Hologram","Hologram","Doom and Gloom","Capacitor"],"special_seed":0,"relics":["Cracked Core","Bag of Preparation","Dead Branch","Sozu","Juzu Bracelet","Whetstone","Tiny Chest","Cables"],"potions_floor_usage":[21],"damage_taken":[{"damage":10.0,"enemies":"Small Slimes","floor":1.0,"turns":3.0},{"damage":7.0,"enemies":"Jaw Worm","floor":2.0,"turns":3.0},{"damage":6.0,"enemies":"2 Louse","floor":5.0,"turns":3.0},{"damage":20.0,"enemies":"Lots of Slimes","floor":7.0,"turns":5.0},{"damage":0.0,"enemies":"Lagavulin","floor":8.0,"turns":6.0},{"damage":1.0,"enemies":"Gremlin Gang","floor":12.0,"turns":4.0},{"damage":7.0,"enemies":"3 Sentries","floor":13.0,"turns":6.0},{"damage":22.0,"enemies":"The Guardian","floor":16.0,"turns":11.0},{"damage":3.0,"enemies":"Shell Parasite","floor":18.0,"turns":3.0},{"damage":0,"enemies":"Chosen","floor":19,"turns":3},{"damage":7,"enemies":"Snake Plant","floor":20,"turns":3},{"damage":7,"enemies":"Cultist and Chosen","floor":21,"turns":5},{"damage":24,"enemies":"Book of Stabbing","floor":23,"turns":5},{"damage":28,"enemies":"Slavers","floor":25,"turns":8},{"damage":11,"enemies":"Gremlin Leader","floor":29,"turns":8},{"damage":0,"enemies":"Snecko","floor":30,"turns":3},{"damage":0,"enemies":"Centurion and Healer","floor":31,"turns":6},{"damage":72,"enemies":"Collector","floor":33,"turns":9}],"seed_played":"4386121029366608332","potions_obtained":[{"floor":2.0,"key":"Fire Potion"},{"floor":7.0,"key":"SpeedPotion"},{"floor":13.0,"key":"Energy Potion"},{"floor":16.0,"key":"Weak Potion"}],"is_trial":false,"path_per_floor":["M","M","?","$","M","R","M","E","T","R","?","M","E","$","R","B",null,"M","M","M","M","$","E","R","E","T","R","?","E","M","M","R","B"],"character_chosen":"DEFECT","items_purchased":["Ball Lightning","BootSequence"],"campfire_rested":4,"item_purchase_floors":[14,14],"current_hp_per_floor":[61,54,73,73,67,67,47,47,47,47,24,23,16,16,39,17,63,60,60,53,46,46,22,45,17,17,40,40,29,29,29,52,0],"gold":189,"neow_bonus":"TEN_PERCENT_HP_BONUS","is_prod":false,"is_daily":false,"chose_seed":false,"campfire_upgraded":2,"win_rate":0,"timestamp":1548857062,"path_taken":["M","M","?","$","M","R","M","E","T","R","?","M","E","?","R","BOSS","M","M","M","M","$","E","R","E","T","R","?","E","M","M","R","BOSS"],"build_version":"2019-01-23","purchased_purges":2,"victory":false,"max_hp_per_floor":[78,78,78,78,78,78,78,78,78,78,78,78,78,78,78,78,78,78,78,78,78,78,78,78,78,78,78,78,78,78,78,78,78],"card_choices":[{"not_picked":["Turbo","Chaos"],"picked":"Barrage","floor":1.0},{"not_picked":["Gash","Compile Driver"],"picked":"Glacier","floor":2.0},{"not_picked":["Stack","Rebound"],"picked":"Melter","floor":5.0},{"not_picked":["Redo","Hologram"],"picked":"White Noise","floor":7.0},{"not_picked":["Turbo","Skim","Barrage"],"picked":"SKIP","floor":8.0},{"not_picked":["Go for the Eyes","Heatsinks","Machine Learning"],"picked":"SKIP","floor":12.0},{"not_picked":["Barrage","Turbo"],"picked":"Static Discharge","floor":13.0},{"not_picked":["Core Surge","Buffer"],"picked":"Biased Cognition","floor":16.0},{"not_picked":["Cold Snap","Turbo","Chaos"],"picked":"SKIP","floor":18},{"not_picked":["Stack+1","Sweeping Beam","Fusion"],"picked":"SKIP","floor":19},{"not_picked":["Buffer","Double Energy","Blizzard"],"picked":"SKIP","floor":20},{"not_picked":["Beam Cell","Auto Shields","Redo"],"picked":"SKIP","floor":21},{"not_picked":["Steam Power+1","Beam Cell"],"picked":"Hologram","floor":23},{"not_picked":["Go for the Eyes","Beam Cell"],"picked":"Hologram","floor":25},{"not_picked":["Redo","Compile Driver"],"picked":"Hologram","floor":29},{"not_picked":["Heatsinks","Redo"],"picked":"Doom and Gloom","floor":30},{"not_picked":["Leap","Barrage"],"picked":"Capacitor","floor":31}],"player_experience":804699,"relics_obtained":[{"floor":8.0,"key":"Bag of Preparation"},{"floor":13.0,"key":"Dead Branch"},{"floor":23,"key":"Juzu Bracelet"},{"floor":25,"key":"Whetstone"},{"floor":26,"key":"Tiny Chest"},{"floor":29,"key":"Cables"}],"event_choices":[{"damage_healed":19.0,"max_hp_gain":0.0,"max_hp_loss":0.0,"gold_gain":0.0,"event_name":"The Cleric","player_choice":"Healed","floor":3.0,"gold_loss":35.0,"damage_taken":0.0},{"damage_healed":0.0,"max_hp_gain":0.0,"max_hp_loss":0.0,"gold_gain":0.0,"event_name":"Shining Light","player_choice":"Entered Light","floor":11.0,"gold_loss":0.0,"damage_taken":23.0,"cards_upgraded":["Glacier","Defend_B"]},{"damage_healed":0,"gold_gain":0,"player_choice":"Forge","damage_taken":0,"max_hp_gain":0,"max_hp_loss":0,"event_name":"Accursed Blacksmith","floor":28,"gold_loss":0,"cards_upgraded":["Static Discharge"]}],"is_beta":false,"boss_relics":[{"not_picked":["Orrery","Fusion Hammer"],"picked":"Sozu"}],"items_purged_floors":[4,22],"is_endless":false,"potions_floor_spawned":[2,7,13,16,18,25,29,31],"killed_by":"Collector","ascension_level":20}