{"gold_per_floor":[110,130,130,230,244,244,279,85,85,101,113,146,126,142,142,142],"floor_reached":16,"playtime":788,"items_purged":["Strike_R"],"score":213,"play_id":"c255105d-dc6b-4e8d-9fc2-6c3015570a94","local_time":"20190615084216","is_ascension_mode":true,"campfire_choices":[{"data":"Uppercut","floor":6,"key":"SMITH"},{"floor":15,"key":"REST"}],"neow_cost":"NONE","seed_source_timestamp":2422716199772054,"circlet_count":0,"master_deck":["AscendersBane","Strike_R","Strike_R","Strike_R","Strike_R","Defend_R","Defend_R","Defend_R","Defend_R","Bash","Wild Strike","Uppercut+1","Shrug It Off","Sword Boomerang","Dropkick","Anger"],"relics":["Burning Blood","The Courier","Strawberry","Orichalcum","Letter Opener","Lantern"],"potions_floor_usage":[7,7,11,12,14,16],"damage_taken":[{"damage":5,"enemies":"2 Louse","floor":1,"turns":4},{"damage":10,"enemies":"Small Slimes","floor":2,"turns":3},{"damage":1,"enemies":"Cultist","floor":5,"turns":4},{"damage":20,"enemies":"Lagavulin","floor":7,"turns":5},{"damage":6,"enemies":"2 Fungi Beasts","floor":10,"turns":4},{"damage":6,"enemies":"Lots of Slimes","floor":11,"turns":5},{"damage":28,"enemies":"3 Sentries","floor":12,"turns":11},{"damage":17,"enemies":"3 Louse","floor":14,"turns":3},{"damage":71,"enemies":"Slime Boss","floor":16,"turns":9}],"seed_played":"602748483602501821","potions_obtained":[{"floor":0,"key":"EssenceOfSteel"},{"floor":0,"key":"PowerPotion"},{"floor":7,"key":"Swift Potion"},{"floor":10,"key":"SpeedPotion"},{"floor":11,"key":"BloodPotion"},{"floor":12,"key":"EssenceOfSteel"},{"floor":13,"key":"Regen Potion"}],"is_trial":false,"path_per_floor":["M","M","?","?","M","R","E","$","T","M","M","E","?","M","R","B"],"character_chosen":"IRONCLAD","items_purchased":["Orichalcum"],"campfire_rested":1,"item_purchase_floors":[8],"current_hp_per_floor":[69,65,54,54,59,59,52,52,52,52,52,30,30,27,51,0],"gold":142,"neow_bonus":"THREE_SMALL_POTIONS","is_prod":false,"is_daily":false,"chose_seed":false,"campfire_upgraded":1,"win_rate":0,"timestamp":1560598936,"path_taken":["M","M","?","?","M","R","E","$","T","M","?","E","?","M","R","BOSS"],"build_version":"2019-01-23","purchased_purges":1,"victory":false,"max_hp_per_floor":[75,75,75,75,75,75,82,82,82,82,82,82,82,82,82,82],"card_choices":[{"not_picked":["Second Wind","Power Through"],"picked":"Wild Strike","floor":1},{"not_picked":["Headbutt","Havoc"],"picked":"Uppercut","floor":2},{"not_picked":["Thunderclap","Sword Boomerang"],"picked":"Shrug It Off","floor":5},{"not_picked":["Power Through","Clash"],"picked":"Sword Boomerang","floor":7},{"not_picked":["Entrench","Searing Blow","Berserk"],"picked":"SKIP","floor":10},{"not_picked":["Entrench","Sever Soul","Seeing Red"],"picked":"SKIP","floor":11},{"not_picked":["Havoc","Shockwave"],"picked":"Dropkick","floor":12},{"not_picked":["Cleave","Shrug It Off"],"picked":"Anger","floor":14}],"player_experience":1047103,"relics_obtained":[{"floor":7,"key":"Strawberry"},{"floor":9,"key":"Letter Opener"},{"floor":12,"key":"Lantern"}],"event_choices":[{"damage_healed":0,"gold_gain":0,"player_choice":"Success","damage_taken":11,"relics_obtained":["The Courier"],"max_hp_gain":0,"max_hp_loss":0,"event_name":"Scrap Ooze","floor":3,"gold_loss":0},{"damage_healed":0,"gold_gain":100,"player_choice":"Gold","damage_taken":0,"max_hp_gain":0,"max_hp_loss":0,"event_name":"Wheel of Change","floor":4,"gold_loss":0},{"damage_healed":0,"gold_gain":0,"player_choice":"Bought 1 Potion","damage_taken":0,"max_hp_gain":0,"max_hp_loss":0,"event_name":"The Woman in Blue","floor":13,"gold_loss":0}],"is_beta":false,"boss_relics":[],"items_purged_floors":[8],"is_endless":false,"potions_floor_spawned":[7,10,11,12],"killed_by":"Slime Boss","ascension_level":18}