{"gold_per_floor":[111,127,146,71,71,71,101,101,101,101,101,101,137,158,158,253,253,267,291,291,62,62,62,62],"floor_reached":24,"playtime":1238,"items_purged":["Strike_G"],"score":404,"play_id":"62c35dc9-4b28-4728-98d7-d01c199eb05a","local_time":"20190530224155","is_ascension_mode":true,"campfire_choices":[{"data":"Deadly Poison","floor":6.0,"key":"SMITH"},{"floor":10.0,"key":"REST"},{"floor":12.0,"key":"REST"},{"data":"Deadly Poison","floor":15.0,"key":"SMITH"},{"floor":23,"key":"REST"}],"neow_cost":"NONE","seed_source_timestamp":34947278163768,"circlet_count":0,"master_deck":["AscendersBane","Defend_G","Defend_G","Defend_G","Defend_G","Survivor","Neutralize+1","PiercingWail","Deadly Poison+1","Quick Slash","Deadly Poison+1","Night Terror","Wraith Form v2+1","Calculated Gamble+1","Predator+1"],"special_seed":0,"relics":["Ring of the Snake","Ice Cream","Golden Idol","Du-Vu Doll","Girya","Astrolabe","Medical Kit","Enchiridion"],"potions_floor_usage":[24],"damage_taken":[{"damage":1.0,"enemies":"Cultist","floor":1.0,"turns":6.0},{"damage":7.0,"enemies":"Jaw Worm","floor":2.0,"turns":8.0},{"damage":0.0,"enemies":"Small Slimes","floor":3.0,"turns":4.0},{"damage":46.0,"enemies":"3 Sentries","floor":7.0,"turns":14.0},{"damage":17.0,"enemies":"Lagavulin","floor":13.0,"turns":10.0},{"damage":0.0,"enemies":"Exordium Wildlife","floor":14.0,"turns":4.0},{"damage":15.0,"enemies":"Hexaghost","floor":16.0,"turns":10.0},{"damage":0,"enemies":"Chosen","floor":18,"turns":4},{"damage":10,"enemies":"Shell Parasite","floor":19,"turns":6},{"damage":38,"enemies":"Slavers","floor":24,"turns":7}],"seed_played":"-1380400338294323239","potions_obtained":[{"floor":2.0,"key":"GhostInAJar"},{"floor":7.0,"key":"Explosive Potion"}],"is_trial":false,"path_per_floor":["M","M","M","$","?","R","E","?","T","R","?","R","E","M","R","B",null,"M","M","?","$","?","R","E"],"character_chosen":"THE_SILENT","items_purchased":["Medical Kit"],"campfire_rested":3,"item_purchase_floors":[21],"current_hp_per_floor":[58,51,51,51,51,51,5,5,5,23,16,34,17,17,17,2,46,46,36,36,36,15,33,0],"gold":62,"neow_bonus":"UPGRADE_CARD","is_prod":false,"is_daily":false,"chose_seed":false,"campfire_upgraded":2,"win_rate":0,"timestamp":1559248915,"path_taken":["M","?","M","$","?","R","E","?","T","R","?","R","E","?","R","BOSS","M","M","?","$","?","R","E"],"build_version":"2019-01-23","purchased_purges":1,"victory":false,"max_hp_per_floor":[66,66,66,66,66,66,66,60,60,60,60,60,60,60,60,60,60,60,60,60,60,60,60,60],"card_choices":[{"not_picked":["Bane","Deflect"],"picked":"PiercingWail","floor":1.0},{"not_picked":["Blade Dance","Reflex"],"picked":"Deadly Poison","floor":2.0},{"not_picked":["Bane","Acrobatics"],"picked":"Quick Slash","floor":3.0},{"not_picked":["Accuracy","Setup","Sucker Punch"],"picked":"SKIP","floor":7.0},{"not_picked":["Terror","Choke"],"picked":"Deadly Poison","floor":13.0},{"not_picked":["Choke","Deadly Poison","Sucker Punch"],"picked":"SKIP","floor":14.0},{"not_picked":["Phantasmal Killer","Grand Finale"],"picked":"Night Terror","floor":16.0},{"not_picked":["Eviscerate","Predator","Bane"],"picked":"SKIP","floor":18},{"not_picked":["Caltrops","Eviscerate","Accuracy+1"],"picked":"SKIP","floor":19}],"player_experience":1264023,"relics_obtained":[{"floor":7.0,"key":"Ice Cream"},{"floor":9.0,"key":"Du-Vu Doll"},{"floor":13.0,"key":"Girya"},{"floor":22,"key":"Enchiridion"}],"event_choices":[{"cards_removed":["Strike_G"],"damage_healed":0.0,"max_hp_gain":0.0,"max_hp_loss":0.0,"gold_gain":0.0,"event_name":"Living Wall","player_choice":"Forget","floor":5.0,"gold_loss":0.0,"damage_taken":0.0},{"damage_healed":0.0,"max_hp_gain":0.0,"max_hp_loss":6.0,"gold_gain":0.0,"event_name":"Golden Idol","player_choice":"Lose Max HP","floor":8.0,"gold_loss":0.0,"damage_taken":0.0,"relics_obtained":["Golden Idol"]},{"cards_removed":["Strike_G"],"damage_healed":0.0,"max_hp_gain":0.0,"max_hp_loss":0.0,"gold_gain":0.0,"event_name":"Golden Wing","player_choice":"Card Removal","floor":11.0,"gold_loss":0.0,"damage_taken":7.0},{"damage_healed":0,"gold_gain":0,"player_choice":"Ignored","damage_taken":0,"max_hp_gain":0,"max_hp_loss":0,"event_name":"Beggar","floor":20,"gold_loss":0},{"damage_healed":0,"gold_gain":0,"player_choice":"Obtained Book","damage_taken":21,"max_hp_gain":0,"max_hp_loss":0,"event_name":"Cursed Tome","floor":22,"gold_loss":0}],"is_beta":false,"boss_relics":[{"not_picked":["White Beast Statue","Empty Cage"],"picked":"Astrolabe"}],"items_purged_floors":[4],"is_endless":false,"potions_floor_spawned":[2,7,14],"killed_by":"Slavers","ascension_level":20}