{"gold_per_floor":[119,119,119,119,129,129,156,156,182,107,107,122,144,144,144,243,243,243,243,19,29,29,29,29],"floor_reached":24,"playtime":792,"items_purged":["Regret"],"score":258,"play_id":"4bf736e0-ad1d-413e-8bd7-3636898a9e25","local_time":"20181026105516","is_ascension_mode":true,"campfire_choices":[{"data":"Bash","floor":6,"key":"SMITH"},{"data":"Perfected Strike","floor":8,"key":"SMITH"},{"data":"Strike_R","floor":11,"key":"SMITH"},{"data":"Pommel Strike","floor":15,"key":"SMITH"},{"data":"Whirlwind","floor":23,"key":"SMITH"}],"neow_cost":"NONE","seed_source_timestamp":8601925831554,"circlet_count":0,"master_deck":["Strike_R","Strike_R+1","Strike_R+1","Strike_R","Strike_R+1","Defend_R","Defend_R","Defend_R","Defend_R+1","Bash+1","Perfected Strike+1","Shrug It Off+1","Fiend Fire","Pommel Strike+1","Bludgeon","Clash","Whirlwind+1"],"relics":["Burning Blood","NeowsBlessing","Gambling Chip","Oddly Smooth Stone","War Paint","Odd Mushroom","White Beast Statue","Pen Nib"],"potions_floor_usage":[12,13,13,18,24],"damage_taken":[{"damage":0,"enemies":"Small Slimes","floor":1,"turns":1},{"damage":0,"enemies":"2 Louse","floor":5,"turns":1},{"damage":0,"enemies":"Lagavulin","floor":7,"turns":1},{"damage":0,"enemies":"Cultist","floor":12,"turns":2},{"damage":0,"enemies":"The Mushroom Lair","floor":13,"turns":3},{"damage":53,"enemies":"Slime Boss","floor":16,"turns":11},{"damage":0,"enemies":"Shell Parasite","floor":18,"turns":1},{"damage":0,"enemies":"Spheric Guardian","floor":21,"turns":3},{"damage":86,"enemies":"Book of Stabbing","floor":24,"turns":7}],"seed_played":"2478418347766944791","potions_obtained":[{"floor":4,"key":"Fruit Juice"},{"floor":4,"key":"SteroidPotion"},{"floor":4,"key":"GamblersBrew"},{"floor":5,"key":"SmokeBomb"},{"floor":12,"key":"SteroidPotion"},{"floor":21,"key":"SkillPotion"}],"is_trial":false,"path_per_floor":["M","?","?","?","M","R","E","R","T","$","R","M","?","?","R","B",null,"M","?","$","M","$","R"],"character_chosen":"IRONCLAD","items_purchased":["Whirlwind","Pen Nib"],"campfire_rested":0,"item_purchase_floors":[20,20],"current_hp_per_floor":[80,80,64,64,70,70,76,76,76,76,76,85,85,85,85,38,85,85,85,85,85,85,85,0],"gold":29,"neow_bonus":"THREE_ENEMY_KILL","is_prod":false,"is_daily":false,"chose_seed":false,"campfire_upgraded":5,"win_rate":0,"timestamp":1540562116,"path_taken":["M","?","?","?","M","R","E","R","T","$","R","M","?","?","R","BOSS","M","?","$","?","?","R","E"],"build_version":"2018-10-25v2","purchased_purges":1,"victory":false,"max_hp_per_floor":[80,80,80,80,80,80,80,80,80,80,80,85,85,85,85,85,85,85,85,85,85,85,85,85],"card_choices":[{"not_picked":["Armaments","Entrench","Disarm"],"picked":"SKIP","floor":1},{"not_picked":["Sword Boomerang","Brutality"],"picked":"Perfected Strike","floor":5},{"not_picked":["Perfected Strike","Dual Wield"],"picked":"Shrug It Off","floor":7},{"not_picked":["Clothesline","Shrug It Off","True Grit"],"picked":"SKIP","floor":12},{"not_picked":["Feed","Offering"],"picked":"Bludgeon","floor":16},{"not_picked":["Shrug It Off+1","Dual Wield","Body Slam"],"picked":"SKIP","floor":21}],"player_experience":350877,"relics_obtained":[{"floor":7,"key":"Oddly Smooth Stone"},{"floor":9,"key":"War Paint"},{"floor":13,"key":"Odd Mushroom"}],"event_choices":[{"damage_healed":0,"gold_gain":0,"player_choice":"Box","damage_taken":0,"relics_obtained":["Gambling Chip"],"max_hp_gain":0,"max_hp_loss":0,"event_name":"Big Fish","floor":2,"gold_loss":0,"cards_obtained":["Regret"]},{"damage_healed":0,"gold_gain":0,"player_choice":"Entered Light","damage_taken":16,"max_hp_gain":0,"max_hp_loss":0,"event_name":"Shining Light","floor":3,"gold_loss":0,"cards_upgraded":["Strike_R","Strike_R"]},{"damage_healed":0,"gold_gain":0,"player_choice":"Got Potions","damage_taken":0,"max_hp_gain":0,"max_hp_loss":0,"event_name":"The Lab","floor":4,"gold_loss":0},{"damage_healed":0,"gold_gain":0,"player_choice":"Fought Mushrooms","damage_taken":0,"max_hp_gain":0,"max_hp_loss":0,"event_name":"Mushrooms","floor":13,"gold_loss":0},{"damage_healed":0,"gold_gain":0,"player_choice":"2 cards matched","damage_taken":0,"max_hp_gain":0,"max_hp_loss":0,"event_name":"Match and Keep!","floor":14,"gold_loss":0,"cards_obtained":["Fiend Fire","Pommel Strike"]},{"damage_healed":0,"gold_gain":0,"player_choice":"Read","damage_taken":0,"max_hp_gain":0,"max_hp_loss":0,"event_name":"The Library","floor":19,"gold_loss":0,"cards_obtained":["Clash"]}],"is_beta":false,"boss_relics":[{"not_picked":["Philosopher\u0027s Stone","Sozu"],"picked":"White Beast Statue"}],"items_purged_floors":[10],"is_endless":false,"potions_floor_spawned":[5,7,12,18,21],"killed_by":"Book of Stabbing","ascension_level":4}