{"gold_per_floor":[114,2,2,77,77,110,110,143,217,237,248,281,293,27,27,106,106,118,33,43,56,71,71,90,90,90,90,101,113,147,165,165,243,243,261,277,29,47,47,47,73,88,88,88,100,100,112,140,140,140,140],"floor_reached":51,"playtime":4109,"items_purged":["Strike_R","Strike_R"],"score":1777,"play_id":"a5966582-d7c9-43eb-b1b0-fed5aecd5bc8","local_time":"20190415160247","is_ascension_mode":true,"campfire_choices":[{"data":"Bash","floor":7.0,"key":"SMITH"},{"data":"Whirlwind","floor":15.0,"key":"SMITH"},{"data":"Flame Barrier","floor":23.0,"key":"SMITH"},{"data":"Havoc","floor":25.0,"key":"SMITH"},{"floor":27.0,"key":"REST"},{"data":"Pommel Strike","floor":32.0,"key":"SMITH"},{"floor":40,"key":"RECALL"},{"floor":44,"key":"REST"},{"floor":49,"key":"REST"}],"neow_cost":"NONE","seed_source_timestamp":6876764397697,"circlet_count":0,"master_deck":["AscendersBane","Strike_R+1","Defend_R","Defend_R","Defend_R","Bash+1","Clothesline+1","Battle Trance","Havoc+1","Flame Barrier+1","Anger","Pommel Strike+1","Whirlwind+1","Impervious","Body Slam+1","Disarm+1","Rage+1","Disarm","Pommel Strike+1","Feed","Headbutt","Barricade+1","Thunderclap+1","Impervious","Rage+1","Panacea","Secret Technique","Finesse","Rage+1","Impervious","Impervious"],"special_seed":0,"relics":["Burning Blood","NeowsBlessing","Frozen Egg 2","Mango","Pen Nib","Potion Belt","Empty Cage","Paper Frog","Regal Pillow","Red Skull","Fusion Hammer","Centennial Puzzle","Magic Flower","Bottled Lightning","Ancient Tea Set"],"potions_floor_usage":[48,48,48,51,51],"damage_taken":[{"damage":0.0,"enemies":"Small Slimes","floor":1.0,"turns":1.0},{"damage":0.0,"enemies":"3 Sentries","floor":6.0,"turns":2.0},{"damage":0.0,"enemies":"Gremlin Nob","floor":8.0,"turns":1.0},{"damage":4.0,"enemies":"Jaw Worm","floor":10.0,"turns":3.0},{"damage":0.0,"enemies":"Cultist","floor":11.0,"turns":4.0},{"damage":20.0,"enemies":"Lagavulin","floor":12.0,"turns":5.0},{"damage":4.0,"enemies":"Blue Slaver","floor":13.0,"turns":3.0},{"damage":15.0,"enemies":"Slime Boss","floor":16.0,"turns":7.0},{"damage":19.0,"enemies":"Spheric Guardian","floor":18.0,"turns":4.0},{"damage":32.0,"enemies":"Shell Parasite","floor":20.0,"turns":6.0},{"damage":7.0,"enemies":"3 Cultists","floor":21.0,"turns":5.0},{"damage":23.0,"enemies":"Centurion and Healer","floor":22.0,"turns":7.0},{"damage":16.0,"enemies":"Snake Plant","floor":24.0,"turns":4.0},{"damage":0.0,"enemies":"Snecko","floor":28.0,"turns":5.0},{"damage":6.0,"enemies":"3 Cultists","floor":29.0,"turns":5.0},{"damage":0.0,"enemies":"Book of Stabbing","floor":30.0,"turns":5.0},{"damage":0.0,"enemies":"Snake Plant","floor":31.0,"turns":4.0},{"damage":36.0,"enemies":"Collector","floor":33.0,"turns":6.0},{"damage":3,"enemies":"3 Darklings","floor":35,"turns":12},{"damage":12,"enemies":"Orb Walker","floor":36,"turns":4},{"damage":0,"enemies":"Writhing Mass","floor":38,"turns":8},{"damage":6,"enemies":"Giant Head","floor":41,"turns":8},{"damage":5,"enemies":"3 Darklings","floor":42,"turns":7},{"damage":26,"enemies":"Sphere and 2 Shapes","floor":45,"turns":11},{"damage":35,"enemies":"Maw","floor":47,"turns":12},{"damage":57,"enemies":"Reptomancer","floor":48,"turns":11},{"damage":0,"enemies":"Time Eater","floor":50,"turns":12},{"damage":144,"enemies":"Donu and Deca","floor":51,"turns":12}],"seed_played":"-3562961841571515801","potions_obtained":[{"floor":8.0,"key":"FearPotion"},{"floor":10.0,"key":"SpeedPotion"},{"floor":12.0,"key":"PowerPotion"},{"floor":18.0,"key":"SpeedPotion"},{"floor":21.0,"key":"Weak Potion"},{"floor":29.0,"key":"Dexterity Potion"},{"floor":30.0,"key":"Strength Potion"},{"floor":33.0,"key":"FearPotion"},{"floor":36,"key":"Regen Potion"},{"floor":47,"key":"BloodPotion"},{"floor":48,"key":"SpeedPotion"}],"is_trial":false,"path_per_floor":["M","$","?","?","?","E","R","E","T","M","M","E","M","$","R","B",null,"M","?","M","M","M","R","M","R","T","R","M","M","E","M","R","B",null,"M","M","$","M","?","R","E","M","T","R","M","?","M","E","R","B","B"],"character_chosen":"IRONCLAD","items_purchased":["Battle Trance","Potion Belt","Impervious","Centennial Puzzle"],"campfire_rested":3,"item_purchase_floors":[2,14,37,37],"current_hp_per_floor":[74,74,51,40,40,46,46,66,66,68,74,60,62,62,62,53,80,67,67,41,40,23,23,13,13,13,54,60,60,66,75,75,48,83,89,83,83,92,82,82,85,94,94,107,95,95,74,55,104,113,0],"gold":140,"neow_bonus":"THREE_ENEMY_KILL","is_prod":false,"is_daily":false,"chose_seed":false,"campfire_upgraded":5,"win_rate":0,"timestamp":1555336967,"path_taken":["M","$","?","?","?","E","R","E","T","M","M","E","?","$","R","BOSS","M","?","M","M","M","R","M","R","T","R","M","M","E","M","R","BOSS","M","M","$","M","?","R","E","M","T","R","M","?","?","E","R","BOSS","BOSS"],"build_version":"2019-01-23","purchased_purges":2,"victory":false,"max_hp_per_floor":[75,75,75,75,75,75,75,89,89,89,89,89,89,89,89,89,89,89,89,89,89,89,89,89,89,89,89,89,89,89,92,92,95,95,98,98,98,101,101,101,104,107,107,107,110,110,113,116,116,116,116],"card_choices":[{"not_picked":["Clash","Sever Soul"],"picked":"Clothesline","floor":1.0},{"not_picked":["Clothesline","Power Through","Sword Boomerang"],"picked":"SKIP","floor":6.0},{"not_picked":["Battle Trance","Thunderclap"],"picked":"Flame Barrier","floor":8.0},{"not_picked":["Perfected Strike","Burning Pact","True Grit"],"picked":"SKIP","floor":10.0},{"not_picked":["Rupture+1","Cleave"],"picked":"Anger","floor":11.0},{"not_picked":["Anger","Dropkick"],"picked":"Pommel Strike","floor":12.0},{"not_picked":["Sword Boomerang","Armaments"],"picked":"Whirlwind","floor":13.0},{"not_picked":["Bludgeon","Double Tap"],"picked":"Impervious","floor":16.0},{"not_picked":["Clash","Intimidate","Entrench"],"picked":"SKIP","floor":18.0},{"not_picked":["Flex","Anger"],"picked":"Body Slam+1","floor":20.0},{"not_picked":["Thunderclap","Whirlwind+1"],"picked":"Disarm+1","floor":21.0},{"not_picked":["Sword Boomerang+1","Fire Breathing+1","Bloodletting"],"picked":"SKIP","floor":22.0},{"not_picked":["Whirlwind","Wild Strike"],"picked":"Rage+1","floor":24.0},{"not_picked":["Perfected Strike","Pommel Strike+1"],"picked":"Disarm","floor":28.0},{"not_picked":["Seeing Red","Iron Wave"],"picked":"Pommel Strike+1","floor":29.0},{"not_picked":["Sword Boomerang","Pommel Strike"],"picked":"Feed","floor":30.0},{"not_picked":["Flex+1","Whirlwind"],"picked":"Headbutt","floor":31.0},{"not_picked":["Brutality+1","Offering"],"picked":"Barricade+1","floor":33.0},{"not_picked":["Intimidate","Headbutt","Combust+1"],"picked":"SKIP","floor":35},{"not_picked":["Flex","Dropkick+1"],"picked":"Thunderclap+1","floor":36},{"not_picked":["Burning Pact","Clothesline+1"],"picked":"Rage+1","floor":38},{"not_picked":["Jack Of All Trades","Dramatic Entrance"],"picked":"Panacea","floor":39},{"not_picked":["Metamorphosis","Dramatic Entrance"],"picked":"Secret Technique","floor":39},{"not_picked":["Trip","Metamorphosis"],"picked":"Finesse","floor":39},{"not_picked":["True Grit","Power Through+1"],"picked":"Rage+1","floor":41},{"not_picked":["Cleave+1","Heavy Blade","Sword Boomerang"],"picked":"SKIP","floor":42},{"not_picked":["Wild Strike","Headbutt"],"picked":"Impervious","floor":45},{"not_picked":["Dual Wield","Twin Strike+1","Iron Wave"],"picked":"SKIP","floor":47},{"not_picked":["Headbutt","Fiend Fire","Sword Boomerang"],"picked":"SKIP","floor":48}],"player_experience":1128029,"relics_obtained":[{"floor":6.0,"key":"Frozen Egg 2"},{"floor":8.0,"key":"Mango"},{"floor":12.0,"key":"Pen Nib"},{"floor":26.0,"key":"Regal Pillow"},{"floor":30.0,"key":"Red Skull"},{"floor":41,"key":"Magic Flower"},{"floor":43,"key":"Bottled Lightning"},{"floor":48,"key":"Ancient Tea Set"}],"event_choices":[{"damage_healed":0.0,"max_hp_gain":0.0,"max_hp_loss":0.0,"gold_gain":0.0,"event_name":"Shining Light","player_choice":"Entered Light","floor":3.0,"gold_loss":0.0,"damage_taken":23.0,"cards_upgraded":["Clothesline","Strike_R"]},{"damage_healed":0.0,"max_hp_gain":0.0,"max_hp_loss":0.0,"gold_gain":75.0,"event_name":"World of Goop","player_choice":"Gather Gold","floor":4.0,"gold_loss":0.0,"damage_taken":11.0},{"damage_healed":0.0,"max_hp_gain":0.0,"max_hp_loss":0.0,"gold_gain":0.0,"cards_transformed":["Strike_R"],"event_name":"Transmorgrifier","player_choice":"Transformed","floor":5.0,"gold_loss":0.0,"damage_taken":0.0,"cards_obtained":["Havoc"]},{"damage_healed":0.0,"max_hp_gain":0.0,"max_hp_loss":0.0,"gold_gain":0.0,"event_name":"Addict","player_choice":"Obtained Relic","floor":19.0,"gold_loss":85.0,"damage_taken":0.0,"relics_obtained":["Paper Frog"]},{"damage_healed":0,"gold_gain":0,"player_choice":"Memory 3","damage_taken":10,"max_hp_gain":0,"max_hp_loss":0,"event_name":"SensoryStone","floor":39,"gold_loss":0},{"damage_healed":0,"gold_gain":0,"player_choice":"Copied","damage_taken":0,"max_hp_gain":0,"max_hp_loss":0,"event_name":"Duplicator","floor":46,"gold_loss":0,"cards_obtained":["Impervious"]}],"is_beta":false,"boss_relics":[{"not_picked":["Calling Bell","Pandora\u0027s Box"],"picked":"Empty Cage"},{"not_picked":["Astrolabe","Tiny House"],"picked":"Fusion Hammer"}],"items_purged_floors":[2,14],"is_endless":false,"potions_floor_spawned":[8,10,12,18,21,29,30,33,36,47,48],"killed_by":"Donu and Deca","ascension_level":20}