{"gold_per_floor":[19,94,114,114,127,156,156,181,181,11,42,42,62,88,88,167,167,182,182,197,210,210,238,238,264,287,322,322,354,119,119,119,193,193,212,312,323,336,352,352,352],"floor_reached":41,"playtime":2482,"items_purged":["Pain"],"score":1069,"play_id":"5c59571c-4f48-4773-850a-7b5e1a66f6a6","local_time":"20190613003120","is_ascension_mode":true,"campfire_choices":[{"floor":7,"key":"REST"},{"floor":12,"key":"REST"},{"data":"Uppercut","floor":15,"key":"SMITH"},{"floor":24,"key":"REST"},{"data":"True Grit","floor":28,"key":"SMITH"},{"data":"Feel No Pain","floor":32,"key":"SMITH"},{"floor":40,"key":"RECALL"}],"neow_cost":"NO_GOLD","seed_source_timestamp":32107225434949,"circlet_count":0,"master_deck":["AscendersBane","Strike_R","Strike_R","Strike_R","Strike_R","Strike_R","Defend_R","Defend_R","Defend_R","Bash","Double Tap","Perfected Strike","Feel No Pain+1","Body Slam","Uppercut+1","Evolve","Disarm","Corruption","Shrug It Off","Anger","True Grit+1","Shockwave","Power Through","Combust","Reaper","Pommel Strike+1","Rupture","Power Through","Disarm","Barricade","Feel No Pain","Fiend Fire","Corruption","Disarm","Spot Weakness","Spot Weakness","Ghostly Armor","Battle Trance","Second Wind+1","Flame Barrier+1","Sentinel"],"relics":["Burning Blood","Nunchaku","The Courier","Shuriken","Boot","StoneCalendar","Cursed Key","MutagenicStrength","Pocketwatch","Anchor","PreservedInsect","Bronze Scales","Blood Vial","DollysMirror","Orrery","Turnip"],"potions_floor_usage":[13,16,25,33,38,41],"damage_taken":[{"damage":7,"enemies":"Small Slimes","floor":1,"turns":3},{"damage":6,"enemies":"2 Louse","floor":3,"turns":3},{"damage":1,"enemies":"Cultist","floor":5,"turns":3},{"damage":36,"enemies":"Gremlin Nob","floor":6,"turns":4},{"damage":34,"enemies":"Lagavulin","floor":8,"turns":8},{"damage":8,"enemies":"Gremlin Nob","floor":11,"turns":3},{"damage":0,"enemies":"Large Slime","floor":13,"turns":5},{"damage":18,"enemies":"Lagavulin","floor":14,"turns":7},{"damage":12,"enemies":"Slime Boss","floor":16,"turns":7},{"damage":7,"enemies":"Chosen","floor":18,"turns":7},{"damage":16,"enemies":"Shell Parasite","floor":20,"turns":5},{"damage":23,"enemies":"Shelled Parasite and Fungi","floor":21,"turns":7},{"damage":57,"enemies":"Slavers","floor":23,"turns":7},{"damage":29,"enemies":"Book of Stabbing","floor":25,"turns":5},{"damage":12,"enemies":"Gremlin Leader","floor":27,"turns":4},{"damage":22,"enemies":"Book of Stabbing","floor":29,"turns":5},{"damage":9,"enemies":"Champ","floor":33,"turns":11},{"damage":8,"enemies":"Orb Walker","floor":35,"turns":4},{"damage":0,"enemies":"Mind Bloom Boss Battle","floor":36,"turns":5},{"damage":17,"enemies":"3 Darklings","floor":37,"turns":7},{"damage":56,"enemies":"Transient","floor":38,"turns":6},{"damage":5,"enemies":"Sphere and 2 Shapes","floor":39,"turns":7},{"damage":71,"enemies":"Reptomancer","floor":41,"turns":3}],"seed_played":"-183759169507179785","potions_obtained":[{"floor":6,"key":"Fire Potion"},{"floor":11,"key":"BloodPotion"},{"floor":13,"key":"Dexterity Potion"},{"floor":18,"key":"LiquidBronze"},{"floor":21,"key":"PowerPotion"},{"floor":27,"key":"FearPotion"},{"floor":36,"key":"FearPotion"},{"floor":37,"key":"Regen Potion"}],"is_trial":false,"path_per_floor":["M","?","M","?","M","E","R","E","T","$","E","R","M","E","R","B",null,"M","?","M","M","?","E","R","E","T","E","R","E","$","?","R","B",null,"M","?","M","M","M","R","E"],"character_chosen":"IRONCLAD","items_purchased":["Corruption","Shrug It Off","Anger","True Grit","DollysMirror"],"campfire_rested":3,"item_purchase_floors":[10,10,10,10,30],"current_hp_per_floor":[67,56,56,56,61,31,53,25,25,25,23,45,58,46,46,40,66,65,58,62,50,50,31,53,44,44,52,52,43,43,43,43,42,67,67,75,75,54,57,57,0],"gold":352,"neow_bonus":"THREE_RARE_CARDS","is_prod":false,"is_daily":false,"chose_seed":false,"campfire_upgraded":3,"win_rate":0,"timestamp":1560378680,"path_taken":["M","?","M","?","M","E","R","E","T","$","E","R","?","E","R","BOSS","M","?","?","M","?","E","R","E","T","E","R","E","$","?","R","BOSS","M","?","M","M","M","R","E"],"build_version":"2019-01-23","purchased_purges":1,"victory":false,"max_hp_per_floor":[75,75,75,75,75,75,75,75,75,75,75,75,75,75,75,75,75,75,75,75,75,75,75,75,75,75,75,75,75,75,75,75,75,75,75,75,75,75,75,75,75],"card_choices":[{"not_picked":["Exhume","Demon Form"],"picked":"Double Tap","floor":0},{"not_picked":["Pommel Strike","Havoc"],"picked":"Perfected Strike","floor":1},{"not_picked":["Armaments","Burning Pact"],"picked":"Feel No Pain","floor":3},{"not_picked":["Blood for Blood","Body Slam"],"picked":"Uppercut","floor":5},{"not_picked":["Pummel","Carnage"],"picked":"Evolve","floor":6},{"not_picked":["Demon Form","Perfected Strike"],"picked":"Disarm","floor":8},{"not_picked":["Shrug It Off","Iron Wave"],"picked":"Shockwave","floor":11},{"not_picked":["Cleave","Blood for Blood"],"picked":"Power Through","floor":13},{"not_picked":["Shrug It Off","Fire Breathing"],"picked":"Combust","floor":14},{"not_picked":["Impervious","Fiend Fire"],"picked":"Reaper","floor":16},{"not_picked":["Body Slam","Pummel"],"picked":"Pommel Strike+1","floor":18},{"not_picked":["Dropkick","Infernal Blade","Flex"],"picked":"SKIP","floor":20},{"not_picked":["Uppercut","Combust"],"picked":"Rupture","floor":21},{"not_picked":["Cleave","Thunderclap"],"picked":"Power Through","floor":23},{"not_picked":["Havoc","Fiend Fire"],"picked":"Disarm","floor":25},{"not_picked":["Corruption+1","Searing Blow"],"picked":"Barricade","floor":27},{"not_picked":["Body Slam","Heavy Blade","Perfected Strike"],"picked":"SKIP","floor":29},{"not_picked":["Double Tap","Bludgeon"],"picked":"Fiend Fire","floor":33},{"not_picked":["Sword Boomerang","Hemokinesis"],"picked":"Corruption","floor":34},{"not_picked":["Perfected Strike","Anger"],"picked":"Disarm","floor":34},{"not_picked":["Thunderclap","Twin Strike"],"picked":"Spot Weakness","floor":34},{"not_picked":["Rupture","Clash"],"picked":"Spot Weakness","floor":34},{"not_picked":["Body Slam","Second Wind"],"picked":"Ghostly Armor","floor":34},{"not_picked":["Infernal Blade","Flame Barrier"],"picked":"Battle Trance","floor":35},{"not_picked":["Carnage","Body Slam"],"picked":"Second Wind+1","floor":37},{"not_picked":["Exhume","Ghostly Armor"],"picked":"Flame Barrier+1","floor":38},{"not_picked":["Havoc+1","Wild Strike"],"picked":"Sentinel","floor":39}],"player_experience":1348124,"relics_obtained":[{"floor":6,"key":"Nunchaku"},{"floor":8,"key":"The Courier"},{"floor":9,"key":"Shuriken"},{"floor":11,"key":"Boot"},{"floor":14,"key":"StoneCalendar"},{"floor":23,"key":"Pocketwatch"},{"floor":25,"key":"Anchor"},{"floor":26,"key":"PreservedInsect"},{"floor":27,"key":"Bronze Scales"},{"floor":29,"key":"Blood Vial"},{"floor":36,"key":"Turnip"}],"event_choices":[{"damage_healed":0,"gold_gain":75,"player_choice":"Gather Gold","damage_taken":11,"max_hp_gain":0,"max_hp_loss":0,"event_name":"World of Goop","floor":2,"gold_loss":0},{"damage_healed":0,"gold_gain":0,"cards_transformed":["Defend_R"],"player_choice":"Transformed","damage_taken":0,"max_hp_gain":0,"max_hp_loss":0,"event_name":"Transmorgrifier","floor":4,"gold_loss":0,"cards_obtained":["Body Slam"]},{"damage_healed":0,"gold_gain":0,"player_choice":"","damage_taken":7,"max_hp_gain":0,"max_hp_loss":0,"event_name":"Knowing Skull","floor":19,"potions_obtained":[],"gold_loss":0,"cards_obtained":[]},{"damage_healed":0,"gold_gain":0,"player_choice":"Inject Mutagens","damage_taken":0,"relics_obtained":["MutagenicStrength"],"max_hp_gain":0,"max_hp_loss":0,"event_name":"Drug Dealer","floor":22,"gold_loss":0},{"damage_healed":0,"gold_gain":0,"player_choice":"Ignored","damage_taken":0,"max_hp_gain":0,"max_hp_loss":0,"event_name":"The Mausoleum","floor":31,"gold_loss":0},{"damage_healed":0,"gold_gain":0,"player_choice":"Fight","damage_taken":0,"max_hp_gain":0,"max_hp_loss":0,"event_name":"MindBloom","floor":36,"gold_loss":0}],"is_beta":false,"boss_relics":[{"not_picked":["Ectoplasm","Black Blood"],"picked":"Cursed Key"},{"not_picked":["Runic Pyramid","Eternal Feather"],"picked":"Orrery"}],"items_purged_floors":[30],"is_endless":false,"potions_floor_spawned":[6,11,13,18,21,27,36,37],"killed_by":"Reptomancer","ascension_level":20}