{"gold_per_floor":[116,131,150,166,179,179,179,35,35,64,81,81,115,135,135,135],"floor_reached":16,"playtime":1083,"items_purged":[],"score":160,"play_id":"4399e2a7-053f-4e32-b01d-f3546f3d8def","local_time":"20190529202725","is_ascension_mode":true,"campfire_choices":[{"data":"Limit Break","floor":6,"key":"SMITH"},{"data":"Demon Form","floor":12,"key":"SMITH"},{"data":"Havoc","floor":15,"key":"SMITH"}],"neow_cost":"NONE","seed_source_timestamp":4228118831784011,"circlet_count":0,"master_deck":["Strike_R","Strike_R","Strike_R","Strike_R","Strike_R","Defend_R","Defend_R","Defend_R","Defend_R","Bash","Demon Form+1","Havoc+1","Combust","Searing Blow","Shrug It Off","Limit Break+1","Headbutt","Sword Boomerang","Iron Wave","Pummel"],"relics":["Burning Blood","Boot","Orichalcum","Happy Flower","Pear","Bottled Flame"],"potions_floor_usage":[10,16],"damage_taken":[{"damage":10,"enemies":"Small Slimes","floor":1,"turns":5},{"damage":7,"enemies":"2 Louse","floor":2,"turns":3},{"damage":6,"enemies":"Cultist","floor":3,"turns":4},{"damage":6,"enemies":"2 Fungi Beasts","floor":4,"turns":4},{"damage":14,"enemies":"Looter","floor":5,"turns":4},{"damage":22,"enemies":"Lagavulin","floor":10,"turns":7},{"damage":2,"enemies":"Red Slaver","floor":11,"turns":5},{"damage":21,"enemies":"3 Sentries","floor":13,"turns":6},{"damage":17,"enemies":"Exordium Thugs","floor":14,"turns":5},{"damage":25,"enemies":"The Guardian","floor":16,"turns":4}],"seed_played":"6157359902141885746","potions_obtained":[{"floor":2,"key":"PowerPotion"},{"floor":4,"key":"SpeedPotion"},{"floor":10,"key":"Ancient Potion"},{"floor":13,"key":"FearPotion"}],"is_trial":false,"path_per_floor":["M","M","M","M","M","R","?","$","T","E","M","R","E","M","R","B"],"character_chosen":"IRONCLAD","items_purchased":["Orichalcum"],"campfire_rested":0,"item_purchase_floors":[8],"current_hp_per_floor":[68,67,67,67,59,59,52,52,52,46,50,50,35,24,24,0],"gold":135,"neow_bonus":"ONE_RANDOM_RARE_CARD","is_prod":false,"is_daily":false,"chose_seed":false,"campfire_upgraded":3,"win_rate":0,"timestamp":1559176045,"path_taken":["M","M","M","M","M","R","?","$","T","E","M","R","E","M","R","BOSS"],"build_version":"2019-01-23","purchased_purges":0,"victory":false,"max_hp_per_floor":[80,80,80,80,80,80,80,80,80,90,90,90,90,90,90,90],"card_choices":[{"not_picked":["Warcry","Body Slam"],"picked":"Havoc","floor":1},{"not_picked":["Clash","Perfected Strike"],"picked":"Combust","floor":2},{"not_picked":["Reckless Charge","Clash"],"picked":"Searing Blow","floor":3},{"not_picked":["Cleave","Pummel"],"picked":"Shrug It Off","floor":4},{"not_picked":["Heavy Blade","Flex"],"picked":"Limit Break","floor":5},{"not_picked":["Bloodletting","Ghostly Armor"],"picked":"Headbutt","floor":10},{"not_picked":["Carnage","True Grit"],"picked":"Sword Boomerang","floor":11},{"not_picked":["Clash","True Grit"],"picked":"Iron Wave","floor":13},{"not_picked":["Feel No Pain","Shrug It Off"],"picked":"Pummel","floor":14}],"player_experience":173736,"relics_obtained":[{"floor":9,"key":"Happy Flower"},{"floor":10,"key":"Pear"},{"floor":13,"key":"Bottled Flame"}],"event_choices":[{"damage_healed":0,"gold_gain":0,"player_choice":"Success","damage_taken":7,"relics_obtained":["Boot"],"max_hp_gain":0,"max_hp_loss":0,"event_name":"Scrap Ooze","floor":7,"gold_loss":0}],"is_beta":false,"boss_relics":[],"items_purged_floors":[],"is_endless":false,"potions_floor_spawned":[2,4,10,13],"killed_by":"The Guardian","ascension_level":8}