{"gold_per_floor":[112,112,187,112,129,160,173,173,197,227,227,257,257,257,257,357,357,371,371,371],"floor_reached":20,"playtime":745,"items_purged":["Regret"],"score":266,"play_id":"1c64724a-6740-4694-9240-eebc9e0e6aca","local_time":"20190213130332","is_ascension_mode":true,"campfire_choices":[{"data":"True Grit","floor":8,"key":"SMITH"},{"data":"Rampage","floor":11,"key":"SMITH"},{"data":"Thunderclap","floor":13,"key":"SMITH"},{"floor":15,"key":"REST"}],"neow_cost":"NONE","seed_source_timestamp":190333997478866,"circlet_count":0,"master_deck":["Strike_R","Strike_R","Strike_R","Defend_R","Defend_R","Defend_R","Bash","True Grit+1","Rampage+1","Thunderclap+1","Inflame+1","Bludgeon","Fire Breathing+1"],"relics":["Burning Blood","NeowsBlessing","Oddly Smooth Stone","Frozen Egg 2","Torii","Red Skull","Empty Cage"],"potions_floor_usage":[10,10,12,19],"damage_taken":[{"damage":0,"enemies":"Jaw Worm","floor":1,"turns":1},{"damage":0,"enemies":"Small Slimes","floor":5,"turns":1},{"damage":0,"enemies":"Lagavulin","floor":6,"turns":1},{"damage":0,"enemies":"Cultist","floor":7,"turns":3},{"damage":34,"enemies":"3 Sentries","floor":10,"turns":8},{"damage":26,"enemies":"Gremlin Nob","floor":12,"turns":4},{"damage":49,"enemies":"Hexaghost","floor":16,"turns":14},{"damage":31,"enemies":"Chosen","floor":18,"turns":5},{"damage":25,"enemies":"Colosseum Slavers","floor":19,"turns":4},{"damage":23,"enemies":"Shell Parasite","floor":20,"turns":4}],"seed_played":"-619882704640556265","potions_obtained":[{"floor":5,"key":"Regen Potion"},{"floor":6,"key":"LiquidBronze"},{"floor":10,"key":"Dexterity Potion"},{"floor":16,"key":"Dexterity Potion"}],"is_trial":false,"path_per_floor":["M","?","?","$","M","E","M","R","T","E","R","E","R","?","R","B",null,"M","?","M"],"character_chosen":"IRONCLAD","items_purchased":[],"campfire_rested":1,"item_purchase_floors":[],"current_hp_per_floor":[80,80,69,69,75,80,80,80,80,67,67,47,47,47,71,28,67,42,23,0],"gold":371,"neow_bonus":"THREE_ENEMY_KILL","is_prod":false,"is_daily":false,"chose_seed":false,"campfire_upgraded":3,"win_rate":0,"timestamp":1550077412,"path_taken":["M","?","?","$","M","E","M","R","T","E","R","E","R","?","R","BOSS","M","?","M"],"build_version":"2019-01-23","purchased_purges":1,"victory":false,"max_hp_per_floor":[80,80,80,80,80,80,80,80,80,80,80,80,80,80,80,80,80,80,80,80],"card_choices":[{"not_picked":["Flex","Evolve"],"picked":"True Grit","floor":1},{"not_picked":["Corruption","Twin Strike"],"picked":"Rampage","floor":5},{"not_picked":["Clothesline","Clash"],"picked":"Thunderclap","floor":6},{"not_picked":["Body Slam","Shrug It Off"],"picked":"Inflame+1","floor":7},{"not_picked":["Brutality+1","Wild Strike","Shrug It Off"],"picked":"SKIP","floor":10},{"not_picked":["Immolate","Sword Boomerang","Infernal Blade"],"picked":"SKIP","floor":12},{"not_picked":["Exhume","Berserk+1"],"picked":"Bludgeon","floor":16},{"not_picked":["Havoc","Anger"],"picked":"Fire Breathing+1","floor":18}],"player_experience":430882,"relics_obtained":[{"floor":6,"key":"Frozen Egg 2"},{"floor":10,"key":"Torii"},{"floor":12,"key":"Red Skull"}],"event_choices":[{"damage_healed":0,"gold_gain":0,"player_choice":"Box","damage_taken":0,"relics_obtained":["Oddly Smooth Stone"],"max_hp_gain":0,"max_hp_loss":0,"event_name":"Big Fish","floor":2,"gold_loss":0,"cards_obtained":["Regret"]},{"damage_healed":0,"gold_gain":75,"player_choice":"Gather Gold","damage_taken":11,"max_hp_gain":0,"max_hp_loss":0,"event_name":"World of Goop","floor":3,"gold_loss":0},{"cards_removed":["Strike_R"],"damage_healed":0,"gold_gain":0,"player_choice":"Forget","damage_taken":0,"max_hp_gain":0,"max_hp_loss":0,"event_name":"Living Wall","floor":14,"gold_loss":0},{"damage_healed":0,"gold_gain":0,"player_choice":"Fight","damage_taken":0,"max_hp_gain":0,"max_hp_loss":0,"event_name":"Colosseum","floor":19,"gold_loss":0},{"damage_healed":0,"gold_gain":0,"player_choice":"Fled From Nobs","damage_taken":0,"max_hp_gain":0,"max_hp_loss":0,"event_name":"Colosseum","floor":19,"gold_loss":0}],"is_beta":false,"boss_relics":[{"not_picked":["Tiny House","Calling Bell"],"picked":"Empty Cage"}],"items_purged_floors":[4],"is_endless":false,"potions_floor_spawned":[5,6,10,16],"killed_by":"Shell Parasite","ascension_level":5}