{"gold_per_floor":[110,130,147,147,247,273,273,303,330,348,348,366,366,400,400,503,503,521,521,294,305,305,305,305,305,305,317,67,77,97,97,97,200,200,214,19,19,36,36,36,36,53,53,53,71,83,83,0,0,0],"floor_reached":51,"playtime":2383,"items_purged":["Defend_R","Defend_R","Defend_R"],"score":868,"play_id":"33930bfc-cc8c-4f7b-a0dc-2d03f3057a35","local_time":"20181104153756","is_ascension_mode":true,"campfire_choices":[{"data":"Infernal Blade","floor":7,"key":"SMITH"},{"data":"Inflame","floor":11,"key":"SMITH"},{"data":"Heavy Blade","floor":15,"key":"SMITH"},{"data":"Limit Break","floor":23,"key":"SMITH"},{"data":"Seeing Red","floor":25,"key":"SMITH"},{"floor":32,"key":"REST"},{"data":"J.A.X.","floor":40,"key":"SMITH"},{"floor":44,"key":"REST"},{"data":"Shrug It Off","floor":47,"key":"SMITH"},{"data":"Pommel Strike","floor":49,"key":"SMITH"}],"neow_cost":"NONE","seed_source_timestamp":805150926330112,"circlet_count":0,"master_deck":["Bash+1","Pommel Strike+1","Clash","Shrug It Off+1","Infernal Blade+1","Cleave+1","Inflame+1","Anger","Heavy Blade+1","Limit Break+1","Seeing Red+1","J.A.X.+1","Clash","Bite","Bite","Bite","Bite","RitualDagger+1","Carnage","Writhe","Headbutt+1"],"relics":["Burning Blood","Strawberry","Omamori","Bag of Marbles","Vajra","Lizard Tail","Bronze Scales","Whetstone","Pen Nib","Cursed Key","Sundial","Red Mask"],"potions_floor_usage":[6,10,14,16,27,30,33,42,46],"damage_taken":[{"damage":1,"enemies":"Cultist","floor":1,"turns":3},{"damage":11,"enemies":"2 Louse","floor":2,"turns":2},{"damage":6,"enemies":"Small Slimes","floor":3,"turns":2},{"damage":12,"enemies":"3 Sentries","floor":6,"turns":9},{"damage":8,"enemies":"Gremlin Nob","floor":8,"turns":3},{"damage":23,"enemies":"Gremlin Gang","floor":10,"turns":4},{"damage":8,"enemies":"Blue Slaver","floor":12,"turns":3},{"damage":7,"enemies":"Lagavulin","floor":14,"turns":3},{"damage":35,"enemies":"The Guardian","floor":16,"turns":7},{"damage":7,"enemies":"Chosen","floor":18,"turns":3},{"damage":14,"enemies":"2 Thieves","floor":21,"turns":2},{"damage":22,"enemies":"Sentry and Sphere","floor":27,"turns":4},{"damage":17,"enemies":"Centurion and Healer","floor":29,"turns":3},{"damage":12,"enemies":"Cultist and Chosen","floor":30,"turns":2},{"damage":44,"enemies":"Collector","floor":33,"turns":5},{"damage":11,"enemies":"Orb Walker","floor":35,"turns":2},{"damage":17,"enemies":"3 Shapes","floor":38,"turns":2},{"damage":40,"enemies":"Writhing Mass","floor":42,"turns":4},{"damage":15,"enemies":"Jaw Worm Horde","floor":45,"turns":3},{"damage":3,"enemies":"Transient","floor":46,"turns":5},{"damage":86,"enemies":"Time Eater","floor":50,"turns":5}],"seed_played":"-642014575576859972","potions_obtained":[{"floor":2,"key":"EssenceOfSteel"},{"floor":6,"key":"Dexterity Potion"},{"floor":12,"key":"Regen Potion"},{"floor":14,"key":"AttackPotion"},{"floor":16,"key":"Strength Potion"},{"floor":18,"key":"BloodPotion"},{"floor":27,"key":"Energy Potion"},{"floor":38,"key":"Ancient Potion"},{"floor":45,"key":"AttackPotion"}],"is_trial":false,"path_per_floor":["M","M","M","?","?","E","R","E","T","M","R","M","?","E","R","B",null,"M","?","$","M","?","R","?","R","T","M","$","M","M","?","R","B",null,"M","$","?","M","?","R","$","M","T","R","M","M","R","?","R","B",null],"character_chosen":"IRONCLAD","items_purchased":["Blood Vial","Whetstone","Carnage"],"campfire_rested":2,"item_purchase_floors":[20,28,36],"current_hp_per_floor":[80,75,75,75,75,76,76,74,74,57,57,55,55,63,63,34,87,86,86,86,79,79,79,73,73,73,71,71,64,64,64,87,51,87,84,84,84,75,75,75,75,47,47,71,66,79,79,79,79,47],"gold":0,"neow_bonus":"REMOVE_CARD","is_prod":false,"is_daily":false,"chose_seed":false,"campfire_upgraded":8,"win_rate":0,"timestamp":1541360276,"path_taken":["M","?","M","?","?","E","R","E","T","?","R","M","?","E","R","BOSS","M","?","$","M","?","R","?","R","T","M","?","M","M","?","R","BOSS","M","$","?","M","?","R","?","?","T","R","M","M","R","?","R","BOSS"],"build_version":"2018-11-01","purchased_purges":3,"victory":true,"max_hp_per_floor":[80,80,80,80,80,87,87,87,87,87,87,87,87,87,87,87,87,87,87,87,87,87,87,87,87,87,87,87,87,87,87,87,87,87,87,87,87,87,83,83,83,83,83,83,83,83,83,83,83,83],"card_choices":[{"not_picked":["Anger","Flex"],"picked":"Pommel Strike","floor":1},{"not_picked":["Anger","Rage"],"picked":"Clash","floor":2},{"not_picked":["Heavy Blade","Warcry"],"picked":"Shrug It Off","floor":3},{"not_picked":["Feel No Pain","Dark Embrace"],"picked":"Infernal Blade","floor":6},{"not_picked":["True Grit","Intimidate"],"picked":"Cleave","floor":8},{"not_picked":["Power Through","Heavy Blade"],"picked":"Inflame","floor":10},{"not_picked":["Flame Barrier","Clash"],"picked":"Anger","floor":12},{"not_picked":["Carnage","Clothesline"],"picked":"Heavy Blade","floor":14},{"not_picked":["Demon Form","Berserk"],"picked":"Limit Break","floor":16},{"not_picked":["Sword Boomerang+1","Feel No Pain"],"picked":"Seeing Red","floor":18},{"not_picked":["Flex","Pummel+1"],"picked":"Clash","floor":21},{"not_picked":["Blood for Blood","Metallicize","Rampage+1"],"picked":"SKIP","floor":27},{"not_picked":["Power Through","Twin Strike","Sword Boomerang"],"picked":"SKIP","floor":29},{"not_picked":["Anger+1","Offering","Metallicize"],"picked":"SKIP","floor":30},{"not_picked":["Anger+1","Offering","Metallicize"],"picked":"SKIP","floor":30},{"not_picked":["Combust","Armaments","Blood for Blood"],"picked":"SKIP","floor":35},{"not_picked":["Havoc","Rampage+1","Shockwave+1"],"picked":"SKIP","floor":38},{"not_picked":["Havoc","Rampage+1","Shockwave+1"],"picked":"SKIP","floor":38},{"not_picked":["Rupture","Disarm","Shockwave"],"picked":"SKIP","floor":42},{"not_picked":["Ghostly Armor+1","Sword Boomerang","Wild Strike+1"],"picked":"SKIP","floor":45},{"not_picked":["Thunderclap+1","Second Wind+1"],"picked":"Headbutt+1","floor":46}],"player_experience":361105,"relics_obtained":[{"floor":6,"key":"Strawberry"},{"floor":8,"key":"Omamori"},{"floor":9,"key":"Bag of Marbles"},{"floor":14,"key":"Vajra"},{"floor":26,"key":"Bronze Scales"},{"floor":43,"key":"Sundial"}],"event_choices":[{"damage_healed":0,"gold_gain":0,"player_choice":"Grow","damage_taken":0,"max_hp_gain":0,"max_hp_loss":0,"event_name":"Living Wall","floor":4,"gold_loss":0,"cards_upgraded":["Bash"]},{"damage_healed":0,"gold_gain":100,"player_choice":"Gold","damage_taken":0,"max_hp_gain":0,"max_hp_loss":0,"event_name":"Wheel of Change","floor":5,"gold_loss":0},{"damage_healed":0,"gold_gain":0,"player_choice":"Ignored","damage_taken":0,"max_hp_gain":0,"max_hp_loss":0,"event_name":"Golden Idol","floor":13,"gold_loss":0},{"damage_healed":0,"gold_gain":0,"player_choice":"Obtain J.A.X.","damage_taken":0,"max_hp_gain":0,"max_hp_loss":0,"event_name":"Drug Dealer","floor":19,"gold_loss":0,"cards_obtained":["J.A.X."]},{"damage_healed":0,"gold_gain":0,"player_choice":"Became a vampire (Vial)","damage_taken":0,"max_hp_gain":0,"max_hp_loss":0,"event_name":"Vampires","floor":22,"relics_lost":["Blood Vial"],"gold_loss":0,"cards_obtained":["Bite","Bite","Bite","Bite","Bite"]},{"damage_healed":0,"gold_gain":0,"player_choice":"Joined the Cult","damage_taken":6,"max_hp_gain":0,"max_hp_loss":0,"event_name":"Nest","floor":24,"gold_loss":0,"cards_obtained":["RitualDagger"]},{"damage_healed":0,"gold_gain":0,"player_choice":"Opened","damage_taken":0,"relics_obtained":["Pen Nib"],"max_hp_gain":0,"max_hp_loss":0,"event_name":"The Mausoleum","floor":31,"gold_loss":0,"cards_obtained":["Writhe"]},{"cards_removed":["Bite"],"damage_healed":0,"gold_gain":0,"player_choice":"Removed Attack","damage_taken":0,"max_hp_gain":0,"max_hp_loss":0,"event_name":"Falling","floor":37,"gold_loss":0},{"damage_healed":0,"gold_gain":0,"player_choice":"Max HP","damage_taken":0,"max_hp_gain":0,"max_hp_loss":4,"event_name":"Winding Halls","floor":39,"gold_loss":0},{"damage_healed":0,"gold_gain":0,"player_choice":"Paid","damage_taken":0,"relics_obtained":["Red Mask"],"max_hp_gain":0,"max_hp_loss":0,"event_name":"Tomb of Lord Red Mask","floor":48,"gold_loss":83}],"is_beta":false,"boss_relics":[{"not_picked":["Snecko Eye","Eternal Feather"],"picked":"Lizard Tail"},{"not_picked":["White Beast Statue","Coffee Dripper"],"picked":"Cursed Key"}],"items_purged_floors":[20,28,36],"is_endless":false,"potions_floor_spawned":[2,6,12,14,16,18,27,38,45],"ascension_level":4}