{"gold_per_floor":[115,133,133,150,225,253,265,311,323,365,377,389,411,451,463,552,564,589,231,591,605,481,481,491,491,491,520,538,552,587,607,607,685,685,702,722,427,480,480,480,512,512,558,575,575,621,621,276,276,276,276,276,276,26,57,57],"floor_reached":56,"playtime":3411,"items_purged":["Strike_R","Strike_R","Perfected Strike","Shame","Flex"],"score":2057,"play_id":"43b0e154-0f2e-48d1-93f5-2928e0650b9e","local_time":"20190203011102","is_ascension_mode":true,"campfire_choices":[{"data":"Bludgeon","floor":7,"key":"SMITH"},{"floor":11,"key":"REST"},{"data":"Armaments","floor":15,"key":"SMITH"},{"data":"Uppercut","floor":23,"key":"SMITH"},{"floor":25,"key":"REST"},{"floor":32,"key":"REST"},{"floor":40,"key":"RECALL"},{"data":"Feel No Pain","floor":42,"key":"SMITH"},{"data":"Disarm","floor":45,"key":"SMITH"},{"data":"Corruption","floor":49,"key":"SMITH"},{"data":"Battle Trance","floor":53,"key":"SMITH"}],"neow_cost":"NONE","seed_source_timestamp":43814109941251,"circlet_count":0,"master_deck":["AscendersBane","Bash","Pommel Strike+1","Bludgeon+1","Disarm+1","Armaments+1","Battle Trance","Spot Weakness","Feed+1","Battle Trance+1","Uppercut+1","Exhume","Corruption+1","Impervious","Spot Weakness","Feel No Pain+1","Havoc","Impervious","Spot Weakness","Reaper","Combust","Cleave","Intimidate","Rupture","Body Slam+1","Shrug It Off+1","Shrug It Off","Flame Barrier","Mayhem","Feel No Pain","True Grit","Flash of Steel","Entrench"],"relics":["Burning Blood","MawBank","Gremlin Horn","Bag of Preparation","Pen Nib","Smiling Mask","Sozu","Whetstone","PreservedInsect","Boot","Unceasing Top","Pandora\u0027s Box","Oddly Smooth Stone","Girya","Ancient Tea Set","Centennial Puzzle","Anchor","Happy Flower"],"potions_floor_usage":[6,16,21],"damage_taken":[{"damage":8,"enemies":"2 Louse","floor":1,"turns":4},{"damage":5,"enemies":"Small Slimes","floor":2,"turns":4},{"damage":14,"enemies":"Jaw Worm","floor":4,"turns":4},{"damage":8,"enemies":"Gremlin Nob","floor":6,"turns":3},{"damage":15,"enemies":"Lagavulin","floor":8,"turns":5},{"damage":15,"enemies":"3 Sentries","floor":10,"turns":5},{"damage":3,"enemies":"3 Louse","floor":13,"turns":4},{"damage":8,"enemies":"Gremlin Nob","floor":14,"turns":3},{"damage":15,"enemies":"Slime Boss","floor":16,"turns":7},{"damage":8,"enemies":"3 Byrds","floor":18,"turns":5},{"damage":11,"enemies":"Shell Parasite","floor":21,"turns":3},{"damage":17,"enemies":"Chosen and Byrds","floor":24,"turns":5},{"damage":0,"enemies":"Gremlin Leader","floor":27,"turns":5},{"damage":12,"enemies":"3 Cultists","floor":28,"turns":6},{"damage":0,"enemies":"Centurion and Healer","floor":29,"turns":5},{"damage":0,"enemies":"Book of Stabbing","floor":30,"turns":3},{"damage":16,"enemies":"Cultist and Chosen","floor":31,"turns":6},{"damage":45,"enemies":"Automaton","floor":33,"turns":9},{"damage":20,"enemies":"Orb Walker","floor":35,"turns":4},{"damage":7,"enemies":"3 Darklings","floor":36,"turns":4},{"damage":14,"enemies":"2 Orb Walkers","floor":38,"turns":4},{"damage":7,"enemies":"Giant Head","floor":41,"turns":6},{"damage":0,"enemies":"Jaw Worm Horde","floor":44,"turns":4},{"damage":18,"enemies":"Donu and Deca","floor":50,"turns":9},{"damage":64,"enemies":"Awakened One","floor":51,"turns":8},{"damage":85,"enemies":"Shield and Spear","floor":55,"turns":8},{"damage":84,"enemies":"The Heart","floor":56,"turns":10}],"seed_played":"8033460959898502449","potions_obtained":[{"floor":2,"key":"FearPotion"},{"floor":6,"key":"FearPotion"},{"floor":8,"key":"AttackPotion"}],"is_trial":false,"path_per_floor":["M","M","?","M","?","E","R","E","T","E","R","?","M","E","R","B",null,"M","$","?","M","$","R","M","R","T","E","M","M","E","M","R","B",null,"M","M","$","?","?","R","E","R","T","M","R","T","?","$","R","B","B",null,"R","$","E","B"],"character_chosen":"IRONCLAD","items_purchased":["Whetstone","PreservedInsect","Exhume","Oddly Smooth Stone","Rupture","Flame Barrier","Mayhem","Feel No Pain","True Grit","Flash of Steel"],"campfire_rested":3,"item_purchase_floors":[19,19,22,37,37,48,48,54,54,54],"current_hp_per_floor":[73,74,67,59,48,46,46,37,37,28,52,57,60,58,58,49,78,79,79,34,33,33,33,22,50,50,60,58,68,78,72,106,67,102,104,118,118,114,114,114,121,121,121,130,130,130,130,130,130,130,115,126,126,126,84,0],"gold":57,"neow_bonus":"TEN_PERCENT_HP_BONUS","is_prod":false,"is_daily":false,"chose_seed":false,"campfire_upgraded":7,"win_rate":0,"timestamp":1549152662,"path_taken":["M","M","?","M","?","E","R","E","T","E","R","?","M","E","R","BOSS","M","$","?","?","$","R","M","R","T","E","M","M","E","M","R","BOSS","M","M","$","?","?","R","E","R","T","?","R","?","?","$","R","BOSS","BOSS","R","$","E","BOSS"],"build_version":"2019-01-23","purchased_purges":5,"victory":false,"max_hp_per_floor":[82,82,82,82,82,82,82,82,82,82,82,87,87,87,87,87,87,90,90,90,94,94,94,94,94,94,98,102,106,110,114,114,114,114,118,118,118,122,122,122,122,122,122,130,130,130,130,130,130,130,130,130,130,130,134,134],"card_choices":[{"not_picked":["Body Slam","Sword Boomerang"],"picked":"Perfected Strike","floor":1},{"not_picked":["Rage","Sever Soul","True Grit"],"picked":"SKIP","floor":2},{"not_picked":["Sword Boomerang","Shrug It Off"],"picked":"Pommel Strike","floor":4},{"not_picked":["Anger","Dropkick"],"picked":"Bludgeon","floor":6},{"not_picked":["Iron Wave","Cleave"],"picked":"Disarm","floor":8},{"not_picked":["Flex","Fire Breathing"],"picked":"Armaments","floor":10},{"not_picked":["Wild Strike","Rage"],"picked":"Battle Trance","floor":13},{"not_picked":["Headbutt","Sentinel"],"picked":"Spot Weakness","floor":14},{"not_picked":["Impervious","Brutality"],"picked":"Feed","floor":16},{"not_picked":["Inflame","Shrug It Off"],"picked":"Battle Trance","floor":18},{"not_picked":["Heavy Blade","Warcry"],"picked":"Uppercut","floor":21},{"not_picked":["Sever Soul","Heavy Blade+1"],"picked":"Corruption","floor":24},{"not_picked":["Offering","Cleave"],"picked":"Impervious","floor":27},{"not_picked":["Flex","Warcry"],"picked":"Spot Weakness","floor":28},{"not_picked":["Power Through","Body Slam+1"],"picked":"Feel No Pain","floor":29},{"not_picked":["Dual Wield+1","Clash"],"picked":"Havoc","floor":30},{"not_picked":["Cleave+1","Thunderclap","Burning Pact"],"picked":"SKIP","floor":31},{"not_picked":["Demon Form","Exhume"],"picked":"Impervious","floor":33},{"not_picked":["Inflame","Iron Wave+1"],"picked":"Shrug It Off","floor":35},{"not_picked":["Clothesline","Cleave","Thunderclap+1"],"picked":"SKIP","floor":36},{"not_picked":["Rupture","Carnage"],"picked":"Body Slam+1","floor":38},{"not_picked":["Body Slam","Combust+1"],"picked":"Shrug It Off+1","floor":41},{"not_picked":["Whirlwind","Warcry"],"picked":"Shrug It Off","floor":44},{"not_picked":["Cleave+1","Heavy Blade"],"picked":"Entrench","floor":55}],"player_experience":852665,"relics_obtained":[{"floor":6,"key":"MawBank"},{"floor":8,"key":"Gremlin Horn"},{"floor":9,"key":"Bag of Preparation"},{"floor":10,"key":"Pen Nib"},{"floor":14,"key":"Smiling Mask"},{"floor":27,"key":"Boot"},{"floor":30,"key":"Unceasing Top"},{"floor":38,"key":"Girya"},{"floor":41,"key":"Ancient Tea Set"},{"floor":43,"key":"Centennial Puzzle"},{"floor":46,"key":"Anchor"},{"floor":55,"key":"Happy Flower"}],"event_choices":[{"cards_removed":["Defend_R"],"damage_healed":0,"gold_gain":0,"player_choice":"Card Removal","damage_taken":7,"max_hp_gain":0,"max_hp_loss":0,"event_name":"Golden Wing","floor":3,"gold_loss":0},{"damage_healed":0,"gold_gain":75,"player_choice":"Gather Gold","damage_taken":11,"max_hp_gain":0,"max_hp_loss":0,"event_name":"World of Goop","floor":5,"gold_loss":0},{"damage_healed":0,"gold_gain":0,"player_choice":"Donut","damage_taken":0,"max_hp_gain":5,"max_hp_loss":0,"event_name":"Big Fish","floor":12,"gold_loss":0},{"damage_healed":0,"gold_gain":360,"player_choice":"GOLD GOLD GOLD GOLD ","damage_taken":45,"max_hp_gain":0,"max_hp_loss":0,"event_name":"Knowing Skull","floor":20,"potions_obtained":[],"gold_loss":0,"cards_obtained":[]},{"damage_healed":0,"gold_gain":0,"player_choice":"Fight","damage_taken":0,"max_hp_gain":0,"max_hp_loss":0,"event_name":"Mysterious Sphere","floor":38,"gold_loss":0},{"damage_healed":0,"gold_gain":0,"player_choice":"1 cards matched","damage_taken":0,"max_hp_gain":0,"max_hp_loss":0,"event_name":"Match and Keep!","floor":39,"gold_loss":0,"cards_obtained":["Shame"]},{"damage_healed":0,"gold_gain":0,"player_choice":"1 cards matched","damage_taken":0,"max_hp_gain":0,"max_hp_loss":0,"event_name":"Match and Keep!","floor":39,"gold_loss":0,"cards_obtained":["Shame"]},{"cards_removed":["Shrug It Off"],"damage_healed":0,"gold_gain":0,"player_choice":"Removed Skill","damage_taken":0,"max_hp_gain":0,"max_hp_loss":0,"event_name":"Falling","floor":47,"gold_loss":0}],"is_beta":false,"boss_relics":[{"not_picked":["Black Blood","Busted Crown"],"picked":"Sozu"},{"not_picked":["Runic Cube","Mark of Pain"],"picked":"Pandora\u0027s Box"}],"items_purged_floors":[19,22,37,48,54],"is_endless":false,"potions_floor_spawned":[2,6,8,10,18,21,24,31,33,35,44,55],"killed_by":"The Heart","ascension_level":20}