{"gold_per_floor":[113,188,205,218,8,8,8,40,40,66,66,84,84,101,101,101],"floor_reached":16,"playtime":486,"items_purged":[],"score":220,"play_id":"4bc56257-928d-401c-a1d9-856fe59468ea","local_time":"20181223174513","is_ascension_mode":true,"campfire_choices":[{"data":"Streamline","floor":6,"key":"SMITH"},{"data":"Beam Cell","floor":11,"key":"SMITH"},{"data":"Sweeping Beam","floor":15,"key":"SMITH"}],"neow_cost":"NONE","seed_source_timestamp":19813520228650,"circlet_count":0,"master_deck":["AscendersBane","Strike_B","Strike_B","Strike_B","Strike_B","Defend_B","Defend_B","Defend_B","Defend_B","Zap","Dualcast","Streamline+1","Beam Cell+1","Go for the Eyes","Core Surge","Auto Shields","Sweeping Beam+1"],"relics":["Cracked Core","Ancient Tea Set","Lee\u0027s Waffle","Sundial","Boot","Gremlin Horn"],"potions_floor_usage":[8,8,16],"damage_taken":[{"damage":4,"enemies":"Jaw Worm","floor":1,"turns":4},{"damage":2,"enemies":"2 Louse","floor":3,"turns":2},{"damage":0,"enemies":"Cultist","floor":4,"turns":2},{"damage":8,"enemies":"Gremlin Nob","floor":8,"turns":3},{"damage":10,"enemies":"Lagavulin","floor":10,"turns":7},{"damage":1,"enemies":"Exordium Thugs","floor":12,"turns":2},{"damage":0,"enemies":"2 Fungi Beasts","floor":14,"turns":2},{"damage":64,"enemies":"Hexaghost","floor":16,"turns":9}],"seed_played":"289027721159131163","potions_obtained":[{"floor":3,"key":"AttackPotion"},{"floor":4,"key":"Swift Potion"},{"floor":8,"key":"Ancient Potion"},{"floor":12,"key":"Strength Potion"},{"floor":14,"key":"Poison Potion"}],"is_trial":false,"path_per_floor":["M","?","M","M","$","R","$","E","T","E","R","M","T","M","R","B"],"character_chosen":"DEFECT","items_purchased":["Lee\u0027s Waffle"],"campfire_rested":0,"item_purchase_floors":[5],"current_hp_per_floor":[60,49,47,47,78,78,78,70,70,60,60,59,59,59,59,0],"gold":101,"neow_bonus":"RANDOM_COMMON_RELIC","is_prod":false,"is_daily":false,"chose_seed":false,"campfire_upgraded":3,"win_rate":0,"timestamp":1545583513,"path_taken":["M","?","M","M","$","R","$","E","T","E","R","M","?","M","R","BOSS"],"build_version":"2018-12-20","purchased_purges":0,"victory":false,"max_hp_per_floor":[71,71,71,71,78,78,78,78,78,78,78,78,78,78,78,78],"card_choices":[{"not_picked":["Chill","Hologram"],"picked":"Streamline","floor":1},{"not_picked":["Melter","Barrage"],"picked":"Beam Cell","floor":3},{"not_picked":["Recycle","Chaos","Coolheaded"],"picked":"SKIP","floor":4},{"not_picked":["Turbo","BootSequence"],"picked":"Go for the Eyes","floor":8},{"not_picked":["Fusion","BootSequence"],"picked":"Core Surge","floor":10},{"not_picked":["Compile Driver","Skim"],"picked":"Auto Shields","floor":12},{"not_picked":["Rebound","Redo"],"picked":"Sweeping Beam","floor":14}],"player_experience":690726,"relics_obtained":[{"floor":8,"key":"Sundial"},{"floor":10,"key":"Boot"},{"floor":13,"key":"Gremlin Horn"}],"event_choices":[{"damage_healed":0,"gold_gain":75,"player_choice":"Gather Gold","damage_taken":11,"max_hp_gain":0,"max_hp_loss":0,"event_name":"World of Goop","floor":2,"gold_loss":0}],"is_beta":false,"boss_relics":[],"items_purged_floors":[],"is_endless":false,"potions_floor_spawned":[3,4,8,12,14],"killed_by":"Hexaghost","ascension_level":20}