{"gold_per_floor":[111,0,18,18,32,32,48,66,120,146,146,164,178,211,211,290,290,305,317,347,371,385,385,412,412,437,449,466,74,102,17,17,91,91,108,108,126,137,25,25,56,56,81,81,81,110,124,24,24,24,24,24,24,24,50,50],"floor_reached":56,"playtime":4481,"items_purged":["Strike_R","Strike_R"],"score":1964,"play_id":"94af3545-f543-481b-a373-4bed2a739469","local_time":"20190419232300","is_ascension_mode":true,"campfire_choices":[{"data":"Bash","floor":6.0,"key":"SMITH"},{"data":"Flame Barrier","floor":11.0,"key":"SMITH"},{"data":"Disarm","floor":15.0,"key":"SMITH"},{"data":"Whirlwind","floor":23.0,"key":"SMITH"},{"floor":25.0,"key":"REST"},{"data":"Limit Break","floor":32.0,"key":"SMITH"},{"data":"Feel No Pain","floor":40,"key":"SMITH"},{"data":"Evolve","floor":42,"key":"SMITH"},{"floor":44,"key":"RECALL"},{"data":"Feel No Pain","floor":49,"key":"SMITH"},{"data":"Burning Pact","floor":53,"key":"SMITH"}],"neow_cost":"NONE","seed_source_timestamp":34088159644026,"circlet_count":0,"master_deck":["AscendersBane","Strike_R","Defend_R","Defend_R","Defend_R","Defend_R","Bash+1","Disarm+1","Rampage","Shrug It Off","Anger","Headbutt","Burning Pact+1","Flame Barrier+1","Corruption","Feel No Pain+1","Reaper","Feed","Headbutt","Whirlwind+1","Headbutt","True Grit+1","Limit Break+1","Dark Embrace","Ghostly Armor+1","Parasite","Shockwave","Evolve+1","Clothesline+1","Armaments","Feel No Pain+1"],"special_seed":0,"relics":["Burning Blood","Tiny Chest","Red Skull","Potion Belt","Velvet Choker","Red Mask","Bag of Marbles","Pantograph","Pen Nib","PreservedInsect","Lee\u0027s Waffle","Mummified Hand","Anchor","Empty Cage","Meat on the Bone","Ancient Tea Set","Blood Vial","Bronze Scales"],"potions_floor_usage":[37,47,56,56,56],"damage_taken":[{"damage":14.0,"enemies":"2 Louse","floor":1.0,"turns":4.0},{"damage":5.0,"enemies":"Jaw Worm","floor":3.0,"turns":5.0},{"damage":0.0,"enemies":"Cultist","floor":5.0,"turns":3.0},{"damage":1.0,"enemies":"Looter","floor":7.0,"turns":4.0},{"damage":8.0,"enemies":"2 Fungi Beasts","floor":8.0,"turns":4.0},{"damage":32.0,"enemies":"3 Sentries","floor":10.0,"turns":7.0},{"damage":9.0,"enemies":"3 Louse","floor":12.0,"turns":4.0},{"damage":18.0,"enemies":"Exordium Thugs","floor":13.0,"turns":5.0},{"damage":12.0,"enemies":"Lagavulin","floor":14.0,"turns":7.0},{"damage":30.0,"enemies":"Hexaghost","floor":16.0,"turns":11.0},{"damage":32.0,"enemies":"Shell Parasite","floor":18.0,"turns":8.0},{"damage":30.0,"enemies":"3 Byrds","floor":19.0,"turns":6.0},{"damage":39.0,"enemies":"Masked Bandits","floor":20.0,"turns":6.0},{"damage":9.0,"enemies":"3 Cultists","floor":22.0,"turns":3.0},{"damage":33.0,"enemies":"Slavers","floor":24.0,"turns":5.0},{"damage":12.0,"enemies":"Snake Plant","floor":27.0,"turns":3.0},{"damage":5.0,"enemies":"Snecko","floor":28.0,"turns":7.0},{"damage":76.0,"enemies":"Gremlin Leader","floor":30.0,"turns":10.0},{"damage":71.0,"enemies":"Automaton","floor":33.0,"turns":10.0},{"damage":21,"enemies":"3 Shapes","floor":35,"turns":7},{"damage":4,"enemies":"Orb Walker","floor":37,"turns":3},{"damage":29,"enemies":"Writhing Mass","floor":38,"turns":14},{"damage":31,"enemies":"Nemesis","floor":41,"turns":7},{"damage":33,"enemies":"Giant Head","floor":46,"turns":8},{"damage":24,"enemies":"Spire Growth","floor":47,"turns":5},{"damage":46,"enemies":"Donu and Deca","floor":50,"turns":10},{"damage":95,"enemies":"Awakened One","floor":51,"turns":17},{"damage":52,"enemies":"Shield and Spear","floor":55,"turns":8},{"damage":139,"enemies":"The Heart","floor":56,"turns":8}],"seed_played":"7808888464521569688","potions_obtained":[{"floor":1.0,"key":"Fruit Juice"},{"floor":7.0,"key":"Weak Potion"},{"floor":10.0,"key":"LiquidBronze"},{"floor":14.0,"key":"Block Potion"},{"floor":20.0,"key":"SteroidPotion"},{"floor":22.0,"key":"Poison Potion"},{"floor":24.0,"key":"PowerPotion"},{"floor":28.0,"key":"EssenceOfSteel"},{"floor":33.0,"key":"AttackPotion"},{"floor":41,"key":"Strength Potion"},{"floor":46,"key":"Regen Potion"},{"floor":47,"key":"Energy Potion"}],"is_trial":false,"path_per_floor":["M","$","M","?","M","R","M","M","T","E","R","M","M","E","R","B",null,"M","M","?","T","M","R","E","R","T","M","M","$","E","?","R","B",null,"M","?","M","M","$","R","E","R","T","R","?","E","M","$","R","B","B",null,"R","$","E","B"],"character_chosen":"IRONCLAD","items_purchased":["Rampage","Shrug It Off","PreservedInsect","Lee\u0027s Waffle","Evolve"],"campfire_rested":1,"item_purchase_floors":[2,2,29,29,39],"current_hp_per_floor":[67,67,68,68,74,74,79,77,77,56,56,53,41,35,35,21,71,52,37,31,31,31,31,19,49,49,43,57,112,51,51,51,31,92,86,86,100,77,77,77,62,62,62,62,62,57,72,72,72,68,71,105,105,105,73,0],"gold":50,"neow_bonus":"TEN_PERCENT_HP_BONUS","is_prod":false,"is_daily":false,"chose_seed":false,"campfire_upgraded":9,"win_rate":0,"timestamp":1555708980,"path_taken":["M","$","M","?","M","R","M","M","T","E","R","M","M","E","R","BOSS","M","M","?","?","M","R","E","R","T","?","M","$","E","?","R","BOSS","M","?","M","M","$","R","E","R","T","R","?","E","?","$","R","BOSS","BOSS","R","$","E","BOSS"],"build_version":"2019-01-23","purchased_purges":2,"victory":false,"max_hp_per_floor":[82,82,82,82,82,82,82,82,82,87,87,87,87,87,87,87,87,90,93,96,96,99,99,102,102,102,102,105,112,112,112,112,112,112,115,109,109,109,109,109,109,109,109,109,109,112,116,116,116,116,116,116,116,116,116,116],"card_choices":[{"not_picked":["Headbutt","Body Slam"],"picked":"Disarm","floor":1.0},{"not_picked":["Corruption","Twin Strike"],"picked":"Anger","floor":3.0},{"not_picked":["Inflame","Heavy Blade"],"picked":"Headbutt","floor":5.0},{"not_picked":["Anger","Body Slam","Dropkick"],"picked":"SKIP","floor":7.0},{"not_picked":["Flex","Wild Strike"],"picked":"Burning Pact","floor":8.0},{"not_picked":["Berserk","Inflame"],"picked":"Flame Barrier","floor":10.0},{"not_picked":["Dual Wield","Sentinel"],"picked":"Corruption","floor":12.0},{"not_picked":["Clash","True Grit"],"picked":"Feel No Pain","floor":13.0},{"not_picked":["Hemokinesis","Carnage"],"picked":"Reaper","floor":14.0},{"not_picked":["Brutality","Impervious"],"picked":"Feed","floor":16.0},{"not_picked":["Body Slam","Wild Strike"],"picked":"Headbutt","floor":18.0},{"not_picked":["Perfected Strike","Sword Boomerang","Rupture"],"picked":"SKIP","floor":19.0},{"not_picked":["Entrench","Bloodletting"],"picked":"Whirlwind","floor":20.0},{"not_picked":["Blood for Blood+1","Wild Strike+1"],"picked":"Headbutt","floor":22.0},{"not_picked":["Spot Weakness","Sword Boomerang"],"picked":"True Grit+1","floor":24.0},{"not_picked":["Sever Soul","Power Through","Clothesline"],"picked":"SKIP","floor":27.0},{"not_picked":["Dropkick","Iron Wave","Fiend Fire"],"picked":"SKIP","floor":28.0},{"not_picked":["Wild Strike","Burning Pact"],"picked":"Limit Break","floor":30.0},{"not_picked":["Fiend Fire","Double Tap"],"picked":"Dark Embrace","floor":33.0},{"not_picked":["Heavy Blade","Infernal Blade","Anger+1"],"picked":"SKIP","floor":35},{"not_picked":["Cleave","Blood for Blood"],"picked":"Ghostly Armor+1","floor":37},{"not_picked":["Pommel Strike","Wild Strike"],"picked":"Shockwave","floor":38},{"not_picked":["Intimidate","Rage"],"picked":"Clothesline+1","floor":41},{"not_picked":["Evolve+1","Pommel Strike"],"picked":"Armaments","floor":46},{"not_picked":["Havoc","Sentinel"],"picked":"Feel No Pain","floor":47},{"not_picked":["Anger","Rampage+1","Bloodletting"],"picked":"SKIP","floor":55}],"player_experience":1182959,"relics_obtained":[{"floor":9.0,"key":"Tiny Chest"},{"floor":10.0,"key":"Red Skull"},{"floor":14.0,"key":"Potion Belt"},{"floor":20.0,"key":"Red Mask"},{"floor":21.0,"key":"Bag of Marbles"},{"floor":24.0,"key":"Pantograph"},{"floor":26.0,"key":"Pen Nib"},{"floor":30.0,"key":"Mummified Hand"},{"floor":41,"key":"Meat on the Bone"},{"floor":45,"key":"Ancient Tea Set"},{"floor":46,"key":"Blood Vial"},{"floor":55,"key":"Bronze Scales"}],"event_choices":[{"damage_healed":0.0,"max_hp_gain":0.0,"max_hp_loss":0.0,"gold_gain":0.0,"event_name":"The Cleric","player_choice":"Leave","floor":4.0,"gold_loss":0.0,"damage_taken":0.0},{"damage_healed":0.0,"max_hp_gain":0.0,"max_hp_loss":0.0,"gold_gain":0.0,"event_name":"Masked Bandits","player_choice":"Fought Bandits","floor":20.0,"gold_loss":0.0,"damage_taken":0.0},{"damage_healed":0.0,"max_hp_gain":0.0,"max_hp_loss":0.0,"gold_gain":0.0,"event_name":"Addict","player_choice":"Obtained Relic","floor":31.0,"gold_loss":85.0,"damage_taken":0.0,"relics_obtained":["Anchor"]},{"damage_healed":0,"gold_gain":0,"player_choice":"Max HP","damage_taken":0,"max_hp_gain":0,"max_hp_loss":6,"event_name":"Winding Halls","floor":36,"gold_loss":0},{"damage_healed":0,"gold_gain":0,"player_choice":"Relic","damage_taken":0,"max_hp_gain":0,"max_hp_loss":0,"event_name":"Wheel of Change","floor":45,"gold_loss":0}],"is_beta":false,"boss_relics":[{"not_picked":["Runic Dome","Runic Cube"],"picked":"Velvet Choker"},{"not_picked":["Pandora\u0027s Box","Calling Bell"],"picked":"Empty Cage"}],"items_purged_floors":[39,48],"is_endless":false,"potions_floor_spawned":[1,7,10,14,20,22,24,28,33,41,46,47],"killed_by":"The Heart","ascension_level":20}