{"gold_per_floor":[111,111,36,36,36,75,75,119,201,216,216,254,254,277,277,367,367,383,298,279,279,279],"floor_reached":22,"playtime":923,"items_purged":[],"score":480,"play_id":"a2e2e6bd-fa0f-44d8-be7c-a0b1e57fd40d","local_time":"20181120231332","is_ascension_mode":true,"campfire_choices":[{"data":"Neutralize","floor":7,"key":"SMITH"},{"data":"Footwork","floor":11,"key":"SMITH"},{"data":"Caltrops","floor":13,"key":"SMITH"},{"data":"Bouncing Flask","floor":15,"key":"SMITH"}],"neow_cost":"NONE","seed_source_timestamp":22539285539901,"circlet_count":0,"master_deck":["AscendersBane","Defend_G","Defend_G","Defend_G","Defend_G","Defend_G","Strike_G","Strike_G","Strike_G","Strike_G","Survivor","Neutralize+1","Caltrops+1","Bouncing Flask+1","Footwork+1","Deadly Poison","PiercingWail"],"relics":["Ring of the Snake","NeowsBlessing","Golden Idol","Shovel","Oddly Smooth Stone","Odd Mushroom","HoveringKite","Peace Pipe"],"potions_floor_usage":[22],"damage_taken":[{"damage":0,"enemies":"2 Louse","floor":1,"turns":1},{"damage":0,"enemies":"Gremlin Nob","floor":6,"turns":1},{"damage":0,"enemies":"3 Sentries","floor":8,"turns":2},{"damage":0,"enemies":"Small Slimes","floor":10,"turns":5},{"damage":15,"enemies":"The Mushroom Lair","floor":12,"turns":7},{"damage":0,"enemies":"Jaw Worm","floor":14,"turns":4},{"damage":35,"enemies":"Hexaghost","floor":16,"turns":10},{"damage":12,"enemies":"Shell Parasite","floor":18,"turns":6},{"damage":11,"enemies":"2 Thieves","floor":20,"turns":4},{"damage":36,"enemies":"3 Cultists","floor":22,"turns":4}],"seed_played":"1177894373547501114","potions_obtained":[{"floor":1,"key":"Weak Potion"},{"floor":12,"key":"Weak Potion"},{"floor":14,"key":"Poison Potion"},{"floor":20,"key":"Poison Potion"}],"is_trial":false,"path_per_floor":["M","?","?","?","$","E","R","E","T","M","R","?","R","M","R","B",null,"M","?","M","?","M"],"character_chosen":"THE_SILENT","items_purchased":[],"campfire_rested":0,"item_purchase_floors":[],"current_hp_per_floor":[59,59,59,64,64,64,64,64,64,64,64,49,49,49,49,14,52,40,40,29,29,0],"gold":279,"neow_bonus":"THREE_ENEMY_KILL","is_prod":false,"is_daily":false,"chose_seed":false,"campfire_upgraded":4,"win_rate":0,"timestamp":1542752012,"path_taken":["M","?","?","?","?","E","R","E","T","M","R","?","R","M","R","BOSS","M","?","M","?","M"],"build_version":"2018-11-15","purchased_purges":0,"victory":false,"max_hp_per_floor":[66,60,60,65,65,65,65,65,65,65,65,65,65,65,65,65,65,65,65,65,65,65],"card_choices":[{"not_picked":["Catalyst","Escape Plan"],"picked":"Caltrops","floor":1},{"not_picked":["Dagger Throw","Eviscerate"],"picked":"Bouncing Flask","floor":6},{"not_picked":["Prepared","Sucker Punch","Night Terror"],"picked":"SKIP","floor":8},{"not_picked":["Catalyst","Heel Hook"],"picked":"Footwork","floor":10},{"not_picked":["Acrobatics","Prepared"],"picked":"Deadly Poison","floor":12},{"not_picked":["Underhanded Strike","Blade Dance","Dagger Throw"],"picked":"SKIP","floor":14},{"not_picked":["Concentrate","Bane"],"picked":"PiercingWail","floor":18},{"not_picked":["Outmaneuver","Deadly Poison","Flying Knee"],"picked":"SKIP","floor":20}],"player_experience":593685,"relics_obtained":[{"floor":6,"key":"Shovel"},{"floor":8,"key":"Oddly Smooth Stone"},{"floor":12,"key":"Odd Mushroom"}],"event_choices":[{"damage_healed":0,"gold_gain":0,"player_choice":"Lose Max HP","damage_taken":0,"relics_obtained":["Golden Idol"],"max_hp_gain":0,"max_hp_loss":6,"event_name":"Golden Idol","floor":2,"gold_loss":0},{"cards_removed":["Strike_G"],"damage_healed":0,"gold_gain":0,"player_choice":"Card Removal","damage_taken":0,"max_hp_gain":0,"max_hp_loss":0,"event_name":"The Cleric","floor":3,"gold_loss":75},{"damage_healed":0,"gold_gain":0,"player_choice":"Donut","damage_taken":0,"max_hp_gain":5,"max_hp_loss":0,"event_name":"Big Fish","floor":4,"gold_loss":0},{"damage_healed":0,"gold_gain":0,"player_choice":"Fought Mushrooms","damage_taken":0,"max_hp_gain":0,"max_hp_loss":0,"event_name":"Mushrooms","floor":12,"gold_loss":0},{"damage_healed":0,"gold_gain":0,"player_choice":"Obtained Relic","damage_taken":0,"relics_obtained":["Peace Pipe"],"max_hp_gain":0,"max_hp_loss":0,"event_name":"Addict","floor":19,"gold_loss":85},{"damage_healed":0,"gold_gain":0,"player_choice":"Got Potions","damage_taken":0,"max_hp_gain":0,"max_hp_loss":0,"event_name":"Lab","floor":21,"gold_loss":0}],"is_beta":false,"boss_relics":[{"not_picked":["Black Star","Ring of the Serpent"],"picked":"HoveringKite"}],"items_purged_floors":[],"is_endless":false,"potions_floor_spawned":[1,12,14,16,20],"killed_by":"3 Cultists","ascension_level":20}