{"gold_per_floor":[13,13,31,50,68,68,143,173,173,173,207,222,222,240,240,314,314,332,382,382,9,26,26,58,69,69,96,96,123,48,148,148,227,227,238,14,33,0,0,27,39,39,39,71,87,87,29,42,42,42,42,42,42,42,75,75],"floor_reached":56,"playtime":5163,"items_purged":["Strike_B"],"score":2146,"play_id":"79b26e9c-f6b3-4b5f-93d7-ffd89a4d65af","local_time":"20190203024631","is_ascension_mode":true,"campfire_choices":[{"data":"Sweeping Beam","floor":6,"key":"SMITH"},{"floor":10,"key":"REST"},{"data":"Sweeping Beam","floor":13,"key":"SMITH"},{"floor":15,"key":"REST"},{"floor":23,"key":"REST"},{"floor":32,"key":"RECALL"},{"floor":42,"key":"REST"},{"floor":46,"key":"REST"},{"floor":49,"key":"REST"},{"floor":53,"key":"REST"}],"neow_cost":"NO_GOLD","seed_source_timestamp":47795619102192,"circlet_count":0,"master_deck":["AscendersBane","Strike_B","Defend_B","Defend_B","Defend_B","Defend_B","Zap","Dualcast","Ball Lightning+1","Sweeping Beam+1","Sweeping Beam+1","Genetic Algorithm","Glacier","BootSequence","Biased Cognition","Cold Snap+1","Compile Driver+1","Leap+1","FTL","Creative AI","Compile Driver+1","Coolheaded","Recycle","Undo","FTL+1","Capacitor","Compile Driver+1","Reinforced Body","Steam Power"],"relics":["Cracked Core","StoneCalendar","Torii","Dead Branch","Fusion Hammer","Nilry\u0027s Codex","Ice Cream","Calipers","Matryoshka","Whetstone","FossilizedHelix","Turnip","Kunai","Sozu","Medical Kit","Red Mask","Question Card","Molten Egg 2","PreservedInsect","Vajra","Anchor"],"potions_floor_usage":[3,5,8,8,16,27,31,56],"damage_taken":[{"damage":2,"enemies":"Jaw Worm","floor":1,"turns":3},{"damage":0,"enemies":"Cultist","floor":3,"turns":3},{"damage":9,"enemies":"Small Slimes","floor":4,"turns":3},{"damage":9,"enemies":"Exordium Wildlife","floor":5,"turns":4},{"damage":10,"enemies":"Lagavulin","floor":8,"turns":5},{"damage":13,"enemies":"3 Sentries","floor":11,"turns":4},{"damage":0,"enemies":"Large Slime","floor":12,"turns":6},{"damage":0,"enemies":"Blue Slaver","floor":14,"turns":4},{"damage":18,"enemies":"Slime Boss","floor":16,"turns":7},{"damage":0,"enemies":"Spheric Guardian","floor":18,"turns":4},{"damage":1,"enemies":"Chosen","floor":22,"turns":4},{"damage":0,"enemies":"Book of Stabbing","floor":24,"turns":7},{"damage":0,"enemies":"Centurion and Healer","floor":25,"turns":7},{"damage":8,"enemies":"Slavers","floor":27,"turns":4},{"damage":2,"enemies":"Book of Stabbing","floor":29,"turns":5},{"damage":0,"enemies":"Colosseum Slavers","floor":31,"turns":4},{"damage":0,"enemies":"Colosseum Nobs","floor":31,"turns":5},{"damage":0,"enemies":"Automaton","floor":33,"turns":13},{"damage":0,"enemies":"3 Darklings","floor":35,"turns":5},{"damage":0,"enemies":"3 Shapes","floor":37,"turns":7},{"damage":0,"enemies":"Giant Head","floor":40,"turns":10},{"damage":0,"enemies":"Jaw Worm Horde","floor":41,"turns":5},{"damage":0,"enemies":"Nemesis","floor":44,"turns":7},{"damage":0,"enemies":"Transient","floor":45,"turns":6},{"damage":0,"enemies":"Writhing Mass","floor":48,"turns":8},{"damage":14,"enemies":"Donu and Deca","floor":50,"turns":9},{"damage":40,"enemies":"Time Eater","floor":51,"turns":22},{"damage":56,"enemies":"Shield and Spear","floor":55,"turns":6},{"damage":20,"enemies":"The Heart","floor":56,"turns":9}],"seed_played":"-2877798518773669065","potions_obtained":[{"floor":2,"key":"Fruit Juice"},{"floor":2,"key":"SpeedPotion"},{"floor":3,"key":"EssenceOfSteel"},{"floor":5,"key":"GamblersBrew"},{"floor":11,"key":"AttackPotion"},{"floor":14,"key":"Explosive Potion"},{"floor":16,"key":"Regen Potion"},{"floor":22,"key":"Weak Potion"},{"floor":29,"key":"FearPotion"},{"floor":31,"key":"SneckoOil"}],"is_trial":false,"path_per_floor":["M","?","M","M","M","R","?","E","T","R","E","M","R","M","R","B",null,"M","?","?","$","M","R","E","M","T","E","?","E","$","?","R","B",null,"M","$","M","?","?","E","M","R","T","E","M","R","$","M","R","B","B",null,"R","$","E","B"],"character_chosen":"DEFECT","items_purchased":["Ice Cream","Cold Snap","Medical Kit","Compile Driver+1"],"campfire_rested":7,"item_purchase_floors":[21,21,36,47],"current_hp_per_floor":[62,62,67,58,49,49,38,28,28,50,37,37,37,37,59,41,67,67,67,46,46,45,67,67,67,67,71,71,69,69,69,69,69,74,74,74,74,74,74,74,74,76,76,76,76,76,76,76,76,62,22,63,76,76,20,0],"gold":75,"neow_bonus":"REMOVE_TWO","is_prod":false,"is_daily":false,"chose_seed":false,"campfire_upgraded":2,"win_rate":0,"timestamp":1549158391,"path_taken":["M","?","M","M","?","R","?","E","T","R","E","M","R","M","R","BOSS","M","?","?","$","M","R","E","M","T","E","?","E","$","?","R","BOSS","M","$","M","?","?","E","M","R","T","E","M","R","$","?","R","BOSS","BOSS","R","$","E","BOSS"],"build_version":"2019-01-23","purchased_purges":1,"victory":false,"max_hp_per_floor":[71,71,76,76,76,76,76,76,76,76,76,76,76,76,76,76,76,76,76,76,76,76,76,76,76,76,76,76,76,76,76,76,76,76,76,76,76,76,76,76,76,76,76,76,76,76,76,76,76,76,76,76,76,76,76,76],"card_choices":[{"not_picked":["Stack","Coolheaded"],"picked":"Ball Lightning","floor":1},{"not_picked":["Barrage","Hologram"],"picked":"Sweeping Beam","floor":3},{"not_picked":["Hyperbeam","Streamline"],"picked":"Sweeping Beam","floor":4},{"not_picked":["Go for the Eyes","Tempest","Lockon"],"picked":"SKIP","floor":5},{"not_picked":["Compile Driver","Stack"],"picked":"Genetic Algorithm","floor":8},{"not_picked":["Beam Cell","Lockon"],"picked":"Glacier","floor":11},{"not_picked":["Turbo","Beam Cell","Sweeping Beam"],"picked":"SKIP","floor":12},{"not_picked":["Turbo","Beam Cell","Sweeping Beam"],"picked":"SKIP","floor":12},{"not_picked":["Go for the Eyes","Consume"],"picked":"BootSequence","floor":14},{"not_picked":["Meteor Strike","Reboot"],"picked":"Biased Cognition","floor":16},{"not_picked":["Auto Shields","Streamline","Fusion"],"picked":"SKIP","floor":18},{"not_picked":["Turbo","Barrage"],"picked":"Compile Driver+1","floor":22},{"not_picked":["Ball Lightning","Steam Power","Steam+1"],"picked":"SKIP","floor":24},{"not_picked":["Melter","Tempest"],"picked":"Leap+1","floor":25},{"not_picked":["Rebound","All For One","Melter"],"picked":"SKIP","floor":27},{"not_picked":["Storm","Gash","Sweeping Beam"],"picked":"SKIP","floor":29},{"not_picked":["Redo","Go for the Eyes+1"],"picked":"FTL","floor":31},{"not_picked":["Multi-Cast","Amplify"],"picked":"Creative AI","floor":33},{"not_picked":["Cold Snap","Gash"],"picked":"Compile Driver+1","floor":35},{"not_picked":["Chaos","Heatsinks"],"picked":"Coolheaded","floor":37},{"not_picked":["Reboot","Static Discharge+1","Compile Driver"],"picked":"Recycle","floor":40},{"not_picked":["Hologram","Aggregate+1","Ball Lightning+1"],"picked":"Undo","floor":41},{"not_picked":["Scrape+1","Barrage+1","Gash+1"],"picked":"FTL+1","floor":44},{"not_picked":["Sweeping Beam+1","Conserve Battery","Meteor Strike+1"],"picked":"Capacitor","floor":45},{"not_picked":["BootSequence","Beam Cell+1","Compile Driver+1"],"picked":"Reinforced Body","floor":48},{"not_picked":["Tempest","Chill","Rebound+1"],"picked":"Steam Power","floor":55}],"player_experience":856414,"relics_obtained":[{"floor":8,"key":"StoneCalendar"},{"floor":9,"key":"Torii"},{"floor":11,"key":"Dead Branch"},{"floor":20,"key":"Nilry\u0027s Codex"},{"floor":24,"key":"Calipers"},{"floor":26,"key":"Matryoshka"},{"floor":27,"key":"Whetstone"},{"floor":29,"key":"FossilizedHelix"},{"floor":31,"key":"Turnip"},{"floor":31,"key":"Kunai"},{"floor":40,"key":"Molten Egg 2"},{"floor":43,"key":"PreservedInsect"},{"floor":44,"key":"Vajra"},{"floor":55,"key":"Anchor"}],"event_choices":[{"damage_healed":0,"gold_gain":0,"player_choice":"Got Potions","damage_taken":0,"max_hp_gain":0,"max_hp_loss":0,"event_name":"Lab","floor":2,"gold_loss":0},{"damage_healed":0,"gold_gain":75,"player_choice":"Gather Gold","damage_taken":11,"max_hp_gain":0,"max_hp_loss":0,"event_name":"World of Goop","floor":7,"gold_loss":0},{"damage_healed":0,"gold_gain":50,"player_choice":"Stole From Cult","damage_taken":0,"max_hp_gain":0,"max_hp_loss":0,"event_name":"Nest","floor":19,"gold_loss":0},{"damage_healed":0,"gold_gain":0,"player_choice":"Obtained Book","damage_taken":21,"max_hp_gain":0,"max_hp_loss":0,"event_name":"Cursed Tome","floor":20,"gold_loss":0},{"damage_healed":0,"gold_gain":0,"player_choice":"Ignored","damage_taken":0,"max_hp_gain":0,"max_hp_loss":0,"event_name":"The Mausoleum","floor":28,"gold_loss":0},{"damage_healed":0,"gold_gain":0,"player_choice":"Fight","damage_taken":0,"max_hp_gain":0,"max_hp_loss":0,"event_name":"Colosseum","floor":31,"gold_loss":0},{"damage_healed":0,"gold_gain":0,"player_choice":"Fought Nobs","damage_taken":0,"max_hp_gain":0,"max_hp_loss":0,"event_name":"Colosseum","floor":31,"gold_loss":0},{"damage_healed":0,"gold_gain":0,"player_choice":"Paid","damage_taken":0,"relics_obtained":["Red Mask"],"max_hp_gain":0,"max_hp_loss":0,"event_name":"Tomb of Lord Red Mask","floor":38,"gold_loss":33},{"damage_healed":0,"gold_gain":0,"player_choice":"Gave Potion","damage_taken":0,"relics_obtained":["Question Card"],"max_hp_gain":0,"max_hp_loss":0,"event_name":"WeMeetAgain","floor":39,"gold_loss":0}],"is_beta":false,"boss_relics":[{"not_picked":["Eternal Feather","White Beast Statue"],"picked":"Fusion Hammer"},{"not_picked":["Orrery","Tiny House"],"picked":"Sozu"}],"items_purged_floors":[30],"is_endless":false,"potions_floor_spawned":[3,5,11,14,16,22,29,31,41,45,48],"killed_by":"The Heart","ascension_level":20}