{"gold_per_floor":[367,378,389,314,364,364,391,391,391,410,424,451,451,101,101,172,172,185,197,112,112,112],"floor_reached":22,"playtime":1982,"items_purged":["Strike_R"],"score":388,"play_id":"5417c286-ad08-433f-8c2e-edf1cc85e5bd","local_time":"20190310145043","is_ascension_mode":true,"campfire_choices":[{"data":"Bash","floor":6,"key":"SMITH"},{"data":"Bludgeon","floor":8,"key":"SMITH"},{"data":"Shockwave","floor":13,"key":"SMITH"},{"data":"Disarm","floor":15,"key":"SMITH"}],"neow_cost":"TEN_PERCENT_HP_LOSS","seed_source_timestamp":7311278574385,"circlet_count":0,"master_deck":["AscendersBane","Strike_R","Strike_R","Strike_R","Defend_R","Defend_R","Defend_R","Defend_R","Bash+1","Anger","Disarm+1","Bludgeon+1","Battle Trance","Shockwave+1","Spot Weakness","Feed","Writhe"],"relics":["Burning Blood","Gambling Chip","Boot","Singing Bowl","Velvet Choker","Pear","Letter Opener"],"potions_floor_usage":[11,22],"damage_taken":[{"damage":6,"enemies":"Cultist","floor":1,"turns":4},{"damage":9,"enemies":"Jaw Worm","floor":2,"turns":4},{"damage":8,"enemies":"2 Louse","floor":3,"turns":3},{"damage":21,"enemies":"Lagavulin","floor":7,"turns":6},{"damage":6,"enemies":"2 Fungi Beasts","floor":10,"turns":3},{"damage":0,"enemies":"3 Louse","floor":11,"turns":1},{"damage":15,"enemies":"3 Sentries","floor":12,"turns":4},{"damage":9,"enemies":"The Guardian","floor":16,"turns":11},{"damage":5,"enemies":"3 Byrds","floor":18,"turns":5},{"damage":11,"enemies":"Spheric Guardian","floor":19,"turns":3},{"damage":8,"enemies":"Colosseum Slavers","floor":22,"turns":2},{"damage":81,"enemies":"Colosseum Nobs","floor":22,"turns":5}],"seed_played":"-3474976702707851572","potions_obtained":[{"floor":7,"key":"Explosive Potion"},{"floor":10,"key":"Ancient Potion"},{"floor":12,"key":"Ancient Potion"},{"floor":16,"key":"SteroidPotion"}],"is_trial":false,"path_per_floor":["M","M","M","?","?","R","E","R","T","M","M","E","R","$","R","B",null,"M","M","?","?","?"],"character_chosen":"IRONCLAD","items_purchased":["Singing Bowl"],"campfire_rested":0,"item_purchase_floors":[14],"current_hp_per_floor":[68,65,63,63,63,63,48,48,48,48,54,45,45,45,45,42,62,68,68,78,78,0],"gold":112,"neow_bonus":"TWO_FIFTY_GOLD","is_prod":false,"is_daily":false,"chose_seed":false,"campfire_upgraded":4,"win_rate":0,"timestamp":1552225843,"path_taken":["M","M","?","?","?","R","E","R","T","?","M","E","R","$","R","BOSS","M","M","?","?","?"],"build_version":"2019-01-23","purchased_purges":1,"victory":false,"max_hp_per_floor":[68,68,68,68,68,68,68,68,68,68,68,68,68,68,68,68,68,73,78,88,88,91],"card_choices":[{"not_picked":["True Grit","Iron Wave"],"picked":"Anger","floor":1},{"not_picked":["Sword Boomerang","Flex","Wild Strike"],"picked":"SKIP","floor":2},{"not_picked":["Body Slam","Flame Barrier"],"picked":"Disarm","floor":3},{"not_picked":["Perfected Strike","Clash"],"picked":"Bludgeon","floor":7},{"not_picked":["Sever Soul","Anger"],"picked":"Battle Trance","floor":10},{"not_picked":["Metallicize","Reckless Charge"],"picked":"Shockwave","floor":11},{"not_picked":["Power Through","Hemokinesis"],"picked":"Spot Weakness","floor":12},{"not_picked":["Demon Form","Brutality"],"picked":"Feed","floor":16},{"not_picked":["Clash","Reckless Charge","Fire Breathing"],"picked":"Singing Bowl","floor":18},{"not_picked":["Uppercut","Wild Strike","Perfected Strike"],"picked":"Singing Bowl","floor":19}],"player_experience":1021956,"relics_obtained":[{"floor":7,"key":"Gambling Chip"},{"floor":12,"key":"Boot"}],"event_choices":[{"cards_removed":["Strike_R"],"damage_healed":0,"gold_gain":0,"player_choice":"Card Removal","damage_taken":0,"max_hp_gain":0,"max_hp_loss":0,"event_name":"The Cleric","floor":4,"gold_loss":75},{"damage_healed":0,"gold_gain":50,"player_choice":"Pray","damage_taken":0,"max_hp_gain":0,"max_hp_loss":0,"event_name":"Golden Shrine","floor":5,"gold_loss":0},{"damage_healed":0,"gold_gain":0,"player_choice":"Obtained Relic","damage_taken":0,"relics_obtained":["Pear"],"max_hp_gain":0,"max_hp_loss":0,"event_name":"Addict","floor":20,"gold_loss":85},{"damage_healed":0,"gold_gain":0,"player_choice":"Opened","damage_taken":0,"relics_obtained":["Letter Opener"],"max_hp_gain":0,"max_hp_loss":0,"event_name":"The Mausoleum","floor":21,"gold_loss":0,"cards_obtained":["Writhe"]},{"damage_healed":0,"gold_gain":0,"player_choice":"Fight","damage_taken":0,"max_hp_gain":0,"max_hp_loss":0,"event_name":"Colosseum","floor":22,"gold_loss":0},{"damage_healed":0,"gold_gain":0,"player_choice":"Fought Nobs","damage_taken":0,"max_hp_gain":0,"max_hp_loss":0,"event_name":"Colosseum","floor":22,"gold_loss":0}],"is_beta":false,"boss_relics":[{"not_picked":["Eternal Feather","Pandora\u0027s Box"],"picked":"Velvet Choker"}],"items_purged_floors":[14],"is_endless":false,"potions_floor_spawned":[7,10,12,16,18],"killed_by":"Colosseum Nobs","ascension_level":20}