{"gold_per_floor":[209,222,0,17,37,64,64,91,91,91,106,125,125,142,142,142],"floor_reached":16,"playtime":922,"items_purged":[],"score":228,"play_id":"a5ab96a6-9265-4bf7-a17f-1ee897768cdb","local_time":"20190128151002","is_ascension_mode":true,"campfire_choices":[{"floor":7,"key":"REST"},{"floor":10,"key":"REST"},{"data":"Coolheaded","floor":13,"key":"SMITH"},{"data":"Static Discharge","floor":15,"key":"SMITH"}],"neow_cost":"NONE","seed_source_timestamp":8750245870951,"circlet_count":0,"master_deck":["AscendersBane","Strike_B","Strike_B","Strike_B","Strike_B","Defend_B","Defend_B","Defend_B","Defend_B","Zap","Dualcast","Gash","Ball Lightning","Hyperbeam","Coolheaded+1","Static Discharge+1","Cold Snap","Glacier","Undo"],"relics":["Cracked Core","OrangePellets","Dream Catcher","Bottled Lightning"],"potions_floor_usage":[4,16,16],"damage_taken":[{"damage":0,"enemies":"Cultist","floor":1,"turns":3},{"damage":5,"enemies":"Small Slimes","floor":2,"turns":4},{"damage":2,"enemies":"2 Louse","floor":4,"turns":2},{"damage":8,"enemies":"Red Slaver","floor":5,"turns":3},{"damage":35,"enemies":"3 Sentries","floor":6,"turns":7},{"damage":23,"enemies":"Lagavulin","floor":8,"turns":6},{"damage":1,"enemies":"3 Louse","floor":11,"turns":2},{"damage":5,"enemies":"Exordium Thugs","floor":12,"turns":4},{"damage":4,"enemies":"Blue Slaver","floor":14,"turns":3},{"damage":42,"enemies":"The Guardian","floor":16,"turns":15}],"seed_played":"4172321582585848128","potions_obtained":[{"floor":2,"key":"AttackPotion"},{"floor":11,"key":"SpeedPotion"},{"floor":12,"key":"SkillPotion"}],"is_trial":false,"path_per_floor":["M","M","$","M","M","E","R","E","T","R","M","M","R","M","R","B"],"character_chosen":"DEFECT","items_purchased":["OrangePellets"],"campfire_rested":2,"item_purchase_floors":[3],"current_hp_per_floor":[64,59,59,57,49,14,35,12,12,33,32,27,27,23,23,0],"gold":142,"neow_bonus":"HUNDRED_GOLD","is_prod":false,"is_daily":false,"chose_seed":false,"campfire_upgraded":2,"win_rate":0,"timestamp":1548684602,"path_taken":["M","M","$","M","M","E","R","E","T","R","M","M","R","M","R","BOSS"],"build_version":"2019-01-23","purchased_purges":0,"victory":false,"max_hp_per_floor":[71,71,71,71,71,71,71,71,71,71,71,71,71,71,71,71],"card_choices":[{"not_picked":["Beam Cell","BootSequence"],"picked":"Gash","floor":1},{"not_picked":["Rebound","Streamline"],"picked":"Ball Lightning","floor":2},{"not_picked":["Reprogram","Stack"],"picked":"Hyperbeam","floor":4},{"not_picked":["Steam","Sunder"],"picked":"Coolheaded","floor":5},{"not_picked":["Recycle","Heatsinks"],"picked":"Static Discharge","floor":6},{"not_picked":["Chill","Turbo"],"picked":"Cold Snap","floor":7},{"not_picked":["Stack","Skim","Scrape"],"picked":"SKIP","floor":8},{"not_picked":["Static Discharge","Barrage"],"picked":"Glacier","floor":11},{"not_picked":["Beam Cell","Turbo","Hyperbeam"],"picked":"SKIP","floor":12},{"not_picked":["Compile Driver","Sunder"],"picked":"Undo","floor":14}],"player_experience":792118,"relics_obtained":[{"floor":6,"key":"Dream Catcher"},{"floor":8,"key":"Bottled Lightning"}],"event_choices":[],"is_beta":false,"boss_relics":[],"items_purged_floors":[],"is_endless":false,"potions_floor_spawned":[2,11,12],"killed_by":"The Guardian","ascension_level":20}