{"gold_per_floor":[110,110,125,125,138,138,138,162,240,190,219,219,233,244,244,321,321,310,321,73,83,83,112,128,128,211,237,237,7,7,7,7,79,79,93,110,120,120,20,20,47,47,47,66,66,66,101,201,201,201],"floor_reached":50,"playtime":2553,"items_purged":["Defend_R","Regret"],"score":911,"play_id":"80ecc0b1-4bcc-40ee-91d7-3e3b819f12f3","local_time":"20190510185202","is_ascension_mode":true,"campfire_choices":[{"data":"Shrug It Off","floor":6,"key":"SMITH"},{"data":"Cleave","floor":12,"key":"SMITH"},{"data":"Iron Wave","floor":15,"key":"SMITH"},{"floor":25,"key":"REST"},{"floor":28,"key":"REST"},{"floor":32,"key":"REST"},{"floor":40,"key":"REST"},{"floor":42,"key":"REST"},{"floor":49,"key":"REST"}],"neow_cost":"NONE","seed_source_timestamp":1913870996656799,"circlet_count":0,"master_deck":["AscendersBane","Strike_R","Strike_R","Strike_R","Defend_R","Defend_R+1","Bash","Iron Wave+1","Rage+1","Shrug It Off+1","Cleave+1","Iron Wave+1","Demon Form","Dropkick","Disarm+1","Pommel Strike+1","Shrug It Off+1","Headbutt","Shame","Uppercut+1","Rampage","Heavy Blade","Flex","Anger","Feed","Anger"],"relics":["Burning Blood","NeowsBlessing","Odd Mushroom","Matryoshka","Singing Bowl","Fusion Hammer","Bottled Tornado","Dodecahedron","Juzu Bracelet","Tiny Chest","Vajra","Omamori","War Paint","Calling Bell","Happy Flower","Frozen Egg 2","Nunchaku","Letter Opener","Dream Catcher","Sundial","Shuriken","Bird Faced Urn"],"potions_floor_usage":[11,14,18,19,27,35,36,41,44,50],"damage_taken":[{"damage":0,"enemies":"Jaw Worm","floor":1,"turns":1},{"damage":0,"enemies":"Small Slimes","floor":3,"turns":1},{"damage":0,"enemies":"Cultist","floor":5,"turns":1},{"damage":7,"enemies":"The Mushroom Lair","floor":8,"turns":8},{"damage":8,"enemies":"Lagavulin","floor":11,"turns":10},{"damage":2,"enemies":"Blue Slaver","floor":13,"turns":5},{"damage":2,"enemies":"Large Slime","floor":14,"turns":6},{"damage":34,"enemies":"The Guardian","floor":16,"turns":17},{"damage":4,"enemies":"2 Thieves","floor":18,"turns":4},{"damage":14,"enemies":"Spheric Guardian","floor":19,"turns":5},{"damage":5,"enemies":"Snake Plant","floor":21,"turns":5},{"damage":20,"enemies":"Gremlin Leader","floor":23,"turns":6},{"damage":1,"enemies":"Snecko","floor":24,"turns":4},{"damage":11,"enemies":"Book of Stabbing","floor":27,"turns":5},{"damage":51,"enemies":"Automaton","floor":33,"turns":9},{"damage":25,"enemies":"3 Shapes","floor":35,"turns":5},{"damage":1,"enemies":"Orb Walker","floor":36,"turns":3},{"damage":14,"enemies":"Writhing Mass","floor":37,"turns":7},{"damage":53,"enemies":"Reptomancer","floor":41,"turns":6},{"damage":42,"enemies":"Jaw Worm Horde","floor":44,"turns":5},{"damage":36,"enemies":"Nemesis","floor":47,"turns":7},{"damage":10,"enemies":"Mind Bloom Boss Battle","floor":48,"turns":5},{"damage":83,"enemies":"Donu and Deca","floor":50,"turns":6}],"seed_played":"-8449311211557900174","potions_obtained":[{"floor":3,"key":"Ancient Potion"},{"floor":13,"key":"Poison Potion"},{"floor":16,"key":"AttackPotion"},{"floor":18,"key":"PowerPotion"},{"floor":23,"key":"BloodPotion"},{"floor":24,"key":"GamblersBrew"},{"floor":33,"key":"AttackPotion"},{"floor":35,"key":"EssenceOfSteel"},{"floor":41,"key":"SkillPotion"},{"floor":48,"key":"Weak Potion"}],"is_trial":false,"path_per_floor":["M","?","M","?","M","R","?","?","T","?","E","R","M","M","R","B",null,"M","M","$","M","?","E","M","R","T","E","R","$","?","?","R","B",null,"M","M","M","?","$","R","E","R","T","M","?","?","E","?","R","B"],"character_chosen":"IRONCLAD","items_purchased":["Bottled Tornado","Omamori"],"campfire_rested":6,"item_purchase_floors":[20,29],"current_hp_per_floor":[74,59,65,65,71,71,64,63,63,63,63,63,69,73,73,45,71,73,65,65,66,66,54,61,83,83,78,83,83,83,83,83,40,74,65,70,62,62,62,87,42,68,68,32,32,78,48,44,67,0],"gold":201,"neow_bonus":"THREE_ENEMY_KILL","is_prod":false,"is_daily":false,"chose_seed":false,"campfire_upgraded":3,"win_rate":0,"timestamp":1557525122,"path_taken":["M","?","M","?","?","R","?","?","T","?","E","R","?","M","R","BOSS","M","M","$","M","?","E","M","R","T","E","R","$","?","?","R","BOSS","M","M","M","?","$","R","E","R","T","M","?","?","E","?","R","BOSS"],"build_version":"2019-01-23","purchased_purges":2,"victory":false,"max_hp_per_floor":[75,75,75,75,75,75,75,75,75,75,77,77,79,79,79,79,79,79,79,79,79,79,81,83,83,83,83,83,83,83,83,83,85,85,87,87,87,87,87,87,89,89,89,89,89,78,78,78,78,78],"card_choices":[{"not_picked":["Clash","Power Through"],"picked":"Iron Wave","floor":1},{"not_picked":["Clash","Blood for Blood"],"picked":"Rage","floor":3},{"not_picked":["Carnage","True Grit"],"picked":"Shrug It Off","floor":5},{"not_picked":["Dropkick","Power Through"],"picked":"Cleave","floor":8},{"not_picked":["Rupture","Berserk","Twin Strike"],"picked":"Singing Bowl","floor":11},{"not_picked":["Sever Soul","Clash","Armaments"],"picked":"Singing Bowl","floor":13},{"not_picked":["Sentinel","Armaments"],"picked":"Iron Wave","floor":14},{"not_picked":["Reaper","Offering"],"picked":"Demon Form","floor":16},{"not_picked":["Warcry","Iron Wave"],"picked":"Dropkick","floor":18},{"not_picked":["Iron Wave","Wild Strike+1"],"picked":"Disarm","floor":19},{"not_picked":["Wild Strike","Twin Strike"],"picked":"Pommel Strike+1","floor":21},{"not_picked":["Reckless Charge","Havoc","Feel No Pain"],"picked":"Singing Bowl","floor":23},{"not_picked":["Headbutt","Shrug It Off","Warcry"],"picked":"Singing Bowl","floor":24},{"not_picked":["Clash","Immolate"],"picked":"Shrug It Off","floor":27},{"not_picked":["Offering","Double Tap","Exhume"],"picked":"Singing Bowl","floor":33},{"not_picked":["Entrench","Shrug It Off","Warcry"],"picked":"Singing Bowl","floor":35},{"not_picked":["Second Wind","Whirlwind"],"picked":"Uppercut+1","floor":36},{"not_picked":["Disarm","Feel No Pain+1"],"picked":"Rampage","floor":37},{"not_picked":["Pummel","Havoc","Corruption+1"],"picked":"Singing Bowl","floor":41},{"not_picked":["True Grit","Clothesline"],"picked":"Heavy Blade","floor":44},{"not_picked":["Inflame+1","Burning Pact"],"picked":"Anger","floor":47},{"not_picked":["Warcry","Heavy Blade"],"picked":"Feed","floor":48},{"not_picked":["Flame Barrier","Power Through"],"picked":"Anger","floor":49}],"player_experience":724595,"relics_obtained":[{"floor":8,"key":"Odd Mushroom"},{"floor":9,"key":"Matryoshka"},{"floor":11,"key":"Singing Bowl"},{"floor":23,"key":"Dodecahedron"},{"floor":26,"key":"Juzu Bracelet"},{"floor":26,"key":"Tiny Chest"},{"floor":27,"key":"Vajra"},{"floor":34,"key":"Happy Flower"},{"floor":34,"key":"Frozen Egg 2"},{"floor":34,"key":"Nunchaku"},{"floor":41,"key":"Letter Opener"},{"floor":43,"key":"Dream Catcher"},{"floor":43,"key":"Sundial"},{"floor":47,"key":"Shuriken"},{"floor":48,"key":"Bird Faced Urn"}],"event_choices":[{"damage_healed":0,"gold_gain":0,"player_choice":"Entered Light","damage_taken":15,"max_hp_gain":0,"max_hp_loss":0,"event_name":"Shining Light","floor":2,"gold_loss":0,"cards_upgraded":["Iron Wave","Defend_R"]},{"damage_healed":0,"gold_gain":0,"player_choice":"Upgraded","damage_taken":0,"max_hp_gain":0,"max_hp_loss":0,"event_name":"Upgrade Shrine","floor":4,"gold_loss":0,"cards_upgraded":["Rage"]},{"cards_removed":["Strike_R"],"damage_healed":0,"gold_gain":0,"player_choice":"Card Removal","damage_taken":7,"max_hp_gain":0,"max_hp_loss":0,"event_name":"Golden Wing","floor":7,"gold_loss":0},{"damage_healed":0,"gold_gain":0,"player_choice":"Fought Mushrooms","damage_taken":0,"max_hp_gain":0,"max_hp_loss":0,"event_name":"Mushrooms","floor":8,"gold_loss":0},{"cards_removed":["Defend_R"],"damage_healed":0,"gold_gain":0,"player_choice":"Card Removal","damage_taken":0,"max_hp_gain":0,"max_hp_loss":0,"event_name":"The Cleric","floor":10,"gold_loss":50},{"damage_healed":0,"gold_gain":0,"player_choice":"Ignored","damage_taken":0,"max_hp_gain":0,"max_hp_loss":0,"event_name":"Vampires","floor":22,"gold_loss":0},{"damage_healed":0,"gold_gain":0,"player_choice":"Read","damage_taken":0,"max_hp_gain":0,"max_hp_loss":0,"event_name":"The Library","floor":30,"gold_loss":0,"cards_obtained":["Headbutt"]},{"damage_healed":0,"gold_gain":0,"player_choice":"Stole Relic","damage_taken":0,"relics_obtained":["War Paint"],"max_hp_gain":0,"max_hp_loss":0,"event_name":"Addict","floor":31,"gold_loss":0,"cards_obtained":["Shame"]},{"damage_healed":0,"gold_gain":0,"player_choice":"Ignored","damage_taken":0,"max_hp_gain":0,"max_hp_loss":0,"event_name":"Mysterious Sphere","floor":38,"gold_loss":0},{"damage_healed":0,"gold_gain":0,"cards_transformed":["Strike_R"],"player_choice":"Transformed","damage_taken":0,"max_hp_gain":0,"max_hp_loss":0,"event_name":"Transmorgrifier","floor":45,"gold_loss":0,"cards_obtained":["Flex"]},{"damage_healed":78,"gold_gain":0,"player_choice":"Heal","damage_taken":0,"max_hp_gain":0,"max_hp_loss":11,"event_name":"The Moai Head","floor":46,"gold_loss":0},{"damage_healed":0,"gold_gain":0,"player_choice":"Fight","damage_taken":0,"max_hp_gain":0,"max_hp_loss":0,"event_name":"MindBloom","floor":48,"gold_loss":0}],"is_beta":false,"boss_relics":[{"not_picked":["Velvet Choker","Black Blood"],"picked":"Fusion Hammer"},{"not_picked":["Mark of Pain","Pandora\u0027s Box"],"picked":"Calling Bell"}],"items_purged_floors":[29,39],"is_endless":false,"potions_floor_spawned":[3,13,16,18,23,24,33,35,41,48],"killed_by":"Donu and Deca","ascension_level":14}