{"path_per_floor":["M","$","$","?","T","E","M","M","T","M","R","?","?","M","R","B",null,"M","$","M","?","M","R"],"character_chosen":"THE_SILENT","items_purchased":["Quick Slash","Heel Hook","Thread and Needle"],"gold_per_floor":[109,85,46,46,127,159,171,190,190,200,200,165,165,181,181,280,280,296,2,18,18,34,34],"floor_reached":24,"campfire_rested":3,"playtime":2203,"current_hp_per_floor":[70,70,70,70,70,34,34,34,34,21,42,59,41,37,58,32,70,44,44,44,44,33,54],"items_purged":[],"gold":34,"play_id":"4124a748-81d8-44cb-bc87-a776f2f9f0a5","is_prod":false,"is_daily":false,"is_ascension_mode":false,"campfire_upgraded":0,"path_taken":["M","?","$","?","?","E","M","M","T","M","R","?","?","M","R","BOSS","M","$","M","?","M","R","E"],"build_version":"2018-02-01-PROD3","purchased_purges":0,"victory":false,"master_deck":["Defend_G","Defend_G","Defend_G","Defend_G","Defend_G","Strike_G","Strike_G","Strike_G","Strike_G","Strike_G","Survivor","Neutralize","Crippling Poison","Quick Slash","Heel Hook","Prepared","Noxious Fumes","Deadly Poison","Finisher","Dagger Spray","Glass Knife","Deadly Poison+1","Endless Agony","Poisoned Stab"],"max_hp_per_floor":[70,70,70,70,70,70,70,70,70,70,70,70,70,70,70,70,70,70,70,70,70,70,70],"relics":["Ring of the Snake","Juzu Bracelet","Smiling Mask","Letter Opener","Unceasing Top","Blood Vial","Thread and Needle","Nloth\u0027s Gift"],"card_choices":[{"not_picked":["Dagger Throw","Outmaneuver"],"picked":"Crippling Poison"},{"not_picked":["Flying Knee","Sucker Punch"],"picked":"Prepared"},{"not_picked":["Unload","Bane"],"picked":"Noxious Fumes"},{"not_picked":["Riddle With Holes","Backflip"],"picked":"Deadly Poison"},{"not_picked":["Dodge and Roll","Skewer"],"picked":"Finisher"},{"not_picked":["Backflip","PiercingWail"],"picked":"Dagger Spray"},{"not_picked":["Corpse Explosion","A Thousand Cuts"],"picked":"Glass Knife"},{"not_picked":["Flechettes","Bouncing Flask","Dodge and Roll"],"picked":"Deadly Poison"},{"not_picked":["Deflect","Flying Knee","Phantasmal Killer"],"picked":"Endless Agony"},{"not_picked":["Blade Dance","Backflip"],"picked":"Poisoned Stab"}],"player_experience":40874,"potions_floor_usage":[16,20,22,24],"damage_taken":[{"damage":0,"enemies":"Blue Slaver","floor":1,"turns":8},{"damage":36,"enemies":"3 Sentries","floor":6,"turns":17},{"damage":0,"enemies":"Jaw Worm","floor":7,"turns":3},{"damage":0,"enemies":"Cultist","floor":8,"turns":3},{"damage":13,"enemies":"2 Fungi Beasts","floor":10,"turns":3},{"damage":6,"enemies":"Exordium Wildlife","floor":14,"turns":6},{"damage":28,"enemies":"Hexaghost","floor":16,"turns":10},{"damage":26,"enemies":"Spheric Guardian","floor":18,"turns":6},{"damage":2,"enemies":"Shell Parasite","floor":20,"turns":6},{"damage":13,"enemies":"Snake Plant","floor":22,"turns":3},{"damage":60,"enemies":"Gremlin Leader","floor":24,"turns":5}],"event_choices":[{"event_name":"Liars Game","player_choice":"disagreed","floor":4,"damage_taken":0},{"event_name":"The Cleric","player_choice":"Healed","floor":12,"damage_taken":0},{"event_name":"Scrap Ooze","player_choice":"success","floor":13,"damage_taken":18},{"event_name":"N\u0027loth","player_choice":"Traded a Question Card","floor":21,"damage_taken":0}],"boss_relics":[{"not_picked":["Runic Dome","Runic Pyramid"],"picked":"Question Card"}],"potions_floor_spawned":[10,18,20,22],"seed_played":"-6124257345949607565","killed_by":"Gremlin Leader","ascension_level":0,"is_trial":false}