{"gold_per_floor":[114,114,10,21,38,69,69,100,100,116,27,27,55,69,69,145,145,159,82,101,121,121,121,151,151,176,205,61,71,341,351,351,425,425,438,20,20],"floor_reached":37,"playtime":1814,"items_purged":["Pain","Strike_R"],"score":904,"play_id":"99986f24-7905-4065-b7cf-3ebdb0a79b74","local_time":"20190601173315","is_ascension_mode":true,"campfire_choices":[{"data":"Carnage","floor":7.0,"key":"SMITH"},{"data":"Immolate","floor":12.0,"key":"SMITH"},{"data":"Clothesline","floor":15.0,"key":"SMITH"},{"data":"Battle Trance","floor":23.0,"key":"SMITH"},{"data":"Strike_R","floor":25.0,"key":"PURGE"},{"floor":32.0,"key":"REST"}],"neow_cost":"NONE","seed_source_timestamp":15714277852124,"circlet_count":0,"master_deck":["AscendersBane","Strike_R","Strike_R","Strike_R","Defend_R","Defend_R","Defend_R","Defend_R","Bash+1","Pommel Strike","Clothesline+1","Carnage+1","Battle Trance+1","Shrug It Off","Immolate+1","Limit Break","Reaper","Headbutt","Corruption","Exhume","Metallicize","True Grit","True Grit+1","Shrug It Off","Shrug It Off","Evolve"],"special_seed":0,"relics":["Burning Blood","WarpedTongs","Potion Belt","Torii","Mummified Hand","Ancient Tea Set","Sozu","Peace Pipe","Dodecahedron","Runic Pyramid","Shuriken"],"potions_floor_usage":[37],"damage_taken":[{"damage":8.0,"enemies":"Small Slimes","floor":1.0,"turns":4.0},{"damage":0.0,"enemies":"Cultist","floor":4.0,"turns":2.0},{"damage":0.0,"enemies":"Jaw Worm","floor":5.0,"turns":3.0},{"damage":8.0,"enemies":"Gremlin Nob","floor":6.0,"turns":3.0},{"damage":25.0,"enemies":"3 Sentries","floor":8.0,"turns":8.0},{"damage":11.0,"enemies":"Red Slaver","floor":10.0,"turns":4.0},{"damage":0.0,"enemies":"Gremlin Nob","floor":13.0,"turns":3.0},{"damage":0.0,"enemies":"Blue Slaver","floor":14.0,"turns":2.0},{"damage":35.0,"enemies":"Slime Boss","floor":16.0,"turns":11.0},{"damage":0.0,"enemies":"Spheric Guardian","floor":18.0,"turns":3.0},{"damage":1.0,"enemies":"Chosen","floor":20.0,"turns":3.0},{"damage":7.0,"enemies":"3 Cultists","floor":21.0,"turns":4.0},{"damage":22.0,"enemies":"Book of Stabbing","floor":24.0,"turns":5.0},{"damage":1.0,"enemies":"Gremlin Leader","floor":27.0,"turns":4.0},{"damage":8.0,"enemies":"Centurion and Healer","floor":29.0,"turns":4.0},{"damage":15.0,"enemies":"Snake Plant","floor":31.0,"turns":4.0},{"damage":41.0,"enemies":"Collector","floor":33.0,"turns":9.0},{"damage":43,"enemies":"3 Darklings","floor":35,"turns":6},{"damage":63,"enemies":"2 Orb Walkers","floor":37,"turns":5}],"seed_played":"2281914277106803276","potions_obtained":[{"floor":4.0,"key":"Poison Potion"},{"floor":5.0,"key":"Explosive Potion"},{"floor":10.0,"key":"Explosive Potion"},{"floor":13.0,"key":"SpeedPotion"}],"is_trial":false,"path_per_floor":["M","?","$","M","M","E","R","E","T","M","$","R","E","M","R","B",null,"M","$","M","M","?","R","E","R","T","E","$","M","?","M","R","B",null,"M","$","?"],"character_chosen":"IRONCLAD","items_purchased":["Clothesline","Immolate","Corruption","Metallicize","Shuriken","Shrug It Off","Evolve"],"campfire_rested":1,"item_purchase_floors":[3,11,19,28,36,36,36],"current_hp_per_floor":[66,66,66,72,75,73,73,54,54,49,49,49,55,61,61,32,64,70,70,75,74,74,74,63,63,63,68,68,71,43,39,61,30,64,54,54,0],"gold":20,"neow_bonus":"UPGRADE_CARD","is_prod":false,"is_daily":false,"chose_seed":false,"campfire_upgraded":4,"win_rate":0,"timestamp":1559403195,"path_taken":["M","?","?","M","M","E","R","E","T","?","?","R","E","M","R","BOSS","M","$","M","M","?","R","E","R","T","E","?","M","?","M","R","BOSS","M","$","?"],"build_version":"2019-01-23","purchased_purges":2,"victory":false,"max_hp_per_floor":[75,75,75,75,75,75,75,75,75,75,75,75,75,75,75,75,75,75,75,75,75,75,75,75,75,75,75,75,75,75,75,75,75,75,75,75,75],"card_choices":[{"not_picked":["Blood for Blood","Wild Strike"],"picked":"Pommel Strike","floor":1.0},{"not_picked":["Heavy Blade","Rampage"],"picked":"Carnage","floor":4.0},{"not_picked":["Rage","Clash","Bloodletting"],"picked":"SKIP","floor":5.0},{"not_picked":["Headbutt","Fire Breathing","Wild Strike"],"picked":"SKIP","floor":6.0},{"not_picked":["Warcry","Flex"],"picked":"Battle Trance","floor":8.0},{"not_picked":["Pommel Strike","Perfected Strike"],"picked":"Shrug It Off","floor":10.0},{"not_picked":["Flex","Clothesline","Intimidate"],"picked":"SKIP","floor":13.0},{"not_picked":["Iron Wave","Heavy Blade"],"picked":"Limit Break","floor":14.0},{"not_picked":["Immolate","Barricade"],"picked":"Reaper","floor":16.0},{"not_picked":["Second Wind","Fire Breathing"],"picked":"Headbutt","floor":18.0},{"not_picked":["Wild Strike","Armaments","Thunderclap"],"picked":"SKIP","floor":20.0},{"not_picked":["Dropkick","Sword Boomerang+1","Pommel Strike"],"picked":"SKIP","floor":21.0},{"not_picked":["Thunderclap","Anger","Corruption"],"picked":"SKIP","floor":24.0},{"not_picked":["Ghostly Armor","Clash"],"picked":"Exhume","floor":27.0},{"not_picked":["Havoc","Power Through+1"],"picked":"True Grit","floor":29.0},{"not_picked":["Clash","Anger+1"],"picked":"True Grit+1","floor":31.0},{"not_picked":["Iron Wave","Sword Boomerang"],"picked":"Shrug It Off","floor":35}],"player_experience":1271901,"relics_obtained":[{"floor":6.0,"key":"Potion Belt"},{"floor":8.0,"key":"Torii"},{"floor":9.0,"key":"Mummified Hand"},{"floor":13.0,"key":"Ancient Tea Set"},{"floor":24.0,"key":"Peace Pipe"},{"floor":27.0,"key":"Dodecahedron"}],"event_choices":[{"damage_healed":0.0,"max_hp_gain":0.0,"max_hp_loss":0.0,"gold_gain":0.0,"event_name":"Accursed Blacksmith","player_choice":"Rummage","floor":2.0,"gold_loss":0.0,"damage_taken":0.0,"relics_obtained":["WarpedTongs"],"cards_obtained":["Pain"]},{"damage_healed":0.0,"max_hp_gain":0.0,"max_hp_loss":0.0,"gold_gain":0.0,"event_name":"Lab","player_choice":"Got Potions","floor":22.0,"gold_loss":0.0,"damage_taken":0.0},{"damage_healed":0.0,"max_hp_gain":0.0,"max_hp_loss":0.0,"gold_gain":270.0,"event_name":"Knowing Skull","player_choice":"GOLD GOLD GOLD ","floor":30.0,"potions_obtained":[],"gold_loss":0.0,"damage_taken":28.0,"cards_obtained":[]},{"damage_healed":0,"gold_gain":0,"player_choice":"Fight","damage_taken":0,"max_hp_gain":0,"max_hp_loss":0,"event_name":"Mysterious Sphere","floor":37,"gold_loss":0}],"is_beta":false,"boss_relics":[{"not_picked":["White Beast Statue","Tiny House"],"picked":"Sozu"},{"not_picked":["Runic Dome","Empty Cage"],"picked":"Runic Pyramid"}],"items_purged_floors":[3,28],"is_endless":false,"potions_floor_spawned":[4,5,10,13,21,24,27,29],"killed_by":"2 Orb Walkers","ascension_level":20}