{"gold_per_floor":[119,119,119,137,148,148,173,192,219,245,245,12,39,56,56,132,132,132,0,0,11,28,28,62,62,62,62,90,90,105,136,136,207,207,223,223,22,39,0,0,25,25,25,37,62,74,96,136,148,160,172,184,196,72,103,103],"floor_reached":56,"playtime":4100,"items_purged":["Strike_G"],"score":2172,"play_id":"97f70cd7-f54f-43c5-8c5a-a133053c18d7","local_time":"20190603212937","is_ascension_mode":true,"campfire_choices":[{"data":"Poisoned Stab","floor":6.0,"key":"SMITH"},{"floor":11.0,"key":"REST"},{"data":"Noxious Fumes","floor":15.0,"key":"SMITH"},{"floor":23.0,"key":"REST"},{"floor":25.0,"key":"REST"},{"floor":27.0,"key":"RECALL"},{"floor":32.0,"key":"REST"},{"floor":40.0,"key":"REST"},{"floor":49.0,"key":"REST"},{"floor":53.0,"key":"REST"}],"neow_cost":"NONE","seed_source_timestamp":30151802821732,"circlet_count":0,"master_deck":["AscendersBane","Defend_G","Defend_G","Defend_G","Defend_G","Defend_G","Strike_G","Strike_G","Strike_G","Survivor","Neutralize+1","Terror","Poisoned Stab+1","Calculated Gamble","Corpse Explosion","PiercingWail+1","Dagger Spray","Adrenaline","Crippling Poison","Backstab","Noxious Fumes+1","After Image","Dodge and Roll+1","PiercingWail","Blur","Malaise","Footwork+1","Backflip","Blur","PiercingWail+1","Night Terror","Backflip","Backflip","Backflip","Bouncing Flask+1","Finesse","Panacea","Leg Sweep","Dodge and Roll+1","Malaise","Dodge and Roll","Backflip","Footwork","Prepared+1"],"special_seed":0,"relics":["Ring of the Serpent","Dream Catcher","Omamori","Vajra","Happy Flower","Turnip","Fusion Hammer","Ninja Scroll","Centennial Puzzle","Ginger","Regal Pillow","Bottled Lightning","War Paint","Red Mask","Boot","MawBank","Darkstone Periapt","Bottled Tornado"],"potions_floor_usage":[55,56,56,56,56],"damage_taken":[{"damage":1.0,"enemies":"Jaw Worm","floor":1.0,"turns":5.0},{"damage":0.0,"enemies":"2 Louse","floor":4.0,"turns":2.0},{"damage":0.0,"enemies":"Cultist","floor":5.0,"turns":4.0},{"damage":19.0,"enemies":"Lagavulin","floor":7.0,"turns":7.0},{"damage":0.0,"enemies":"Large Slime","floor":8.0,"turns":5.0},{"damage":12.0,"enemies":"3 Sentries","floor":10.0,"turns":4.0},{"damage":7.0,"enemies":"Gremlin Nob","floor":13.0,"turns":3.0},{"damage":9.0,"enemies":"Red Slaver","floor":14.0,"turns":2.0},{"damage":5.0,"enemies":"The Guardian","floor":16.0,"turns":10.0},{"damage":0.0,"enemies":"2 Thieves","floor":18.0,"turns":1.0},{"damage":15.0,"enemies":"Chosen","floor":21.0,"turns":4.0},{"damage":0.0,"enemies":"Snake Plant","floor":22.0,"turns":4.0},{"damage":34.0,"enemies":"Book of Stabbing","floor":24.0,"turns":7.0},{"damage":0.0,"enemies":"Gremlin Leader","floor":28.0,"turns":7.0},{"damage":1.0,"enemies":"Chosen and Byrds","floor":30.0,"turns":5.0},{"damage":7.0,"enemies":"Slavers","floor":31.0,"turns":2.0},{"damage":37.0,"enemies":"Automaton","floor":33.0,"turns":13.0},{"damage":0.0,"enemies":"3 Shapes","floor":35.0,"turns":3.0},{"damage":7.0,"enemies":"3 Darklings","floor":38.0,"turns":5.0},{"damage":20.0,"enemies":"Reptomancer","floor":41.0,"turns":10.0},{"damage":0.0,"enemies":"Sphere and 2 Shapes","floor":44.0,"turns":7.0},{"damage":0.0,"enemies":"Nemesis","floor":45.0,"turns":10.0},{"damage":10.0,"enemies":"Transient","floor":47.0,"turns":6.0},{"damage":20.0,"enemies":"Giant Head","floor":48.0,"turns":15.0},{"damage":4.0,"enemies":"Time Eater","floor":50.0,"turns":23.0},{"damage":29.0,"enemies":"Donu and Deca","floor":51.0,"turns":11.0},{"damage":29,"enemies":"Shield and Spear","floor":55,"turns":11},{"damage":44,"enemies":"The Heart","floor":56,"turns":6}],"seed_played":"7855510492494626550","potions_obtained":[{"floor":5.0,"key":"AttackPotion"},{"floor":7.0,"key":"SmokeBomb"},{"floor":21.0,"key":"Explosive Potion"},{"floor":24.0,"key":"FearPotion"},{"floor":30.0,"key":"SkillPotion"},{"floor":33.0,"key":"EntropicBrew"},{"floor":44.0,"key":"PowerPotion"},{"floor":55,"key":"Energy Potion"}],"is_trial":false,"path_per_floor":["M","?","?","M","M","R","E","M","T","E","R","$","E","M","R","B",null,"M","$","?","M","M","R","E","R","T","R","E","?","M","E","R","B",null,"M","T","$","M","?","R","E","?","T","M","E","?","M","E","R","B","B",null,"R","$","E","B"],"character_chosen":"THE_SILENT","items_purchased":["Happy Flower","Crippling Poison","Dodge and Roll","Backflip","War Paint","Footwork","SpeedPotion"],"campfire_rested":7,"item_purchase_floors":[12,12,19,37,37,54,54],"current_hp_per_floor":[64,64,64,64,64,64,45,45,45,33,54,54,47,38,38,33,62,62,62,62,47,47,68,34,55,55,55,55,55,54,47,72,35,63,63,63,63,56,56,72,52,42,42,42,42,42,32,12,48,44,15,58,72,72,43,0],"gold":103,"neow_bonus":"TEN_PERCENT_HP_BONUS","is_prod":false,"is_daily":false,"chose_seed":false,"campfire_upgraded":2,"win_rate":0,"timestamp":1559590177,"path_taken":["M","?","?","M","M","R","E","M","T","E","R","$","E","M","R","BOSS","M","$","?","?","M","R","E","R","T","R","E","?","M","E","R","BOSS","M","?","$","M","?","R","E","?","T","M","E","?","M","E","R","BOSS","BOSS","R","$","E","BOSS"],"build_version":"2019-01-23","purchased_purges":1,"victory":false,"max_hp_per_floor":[72,72,72,72,72,72,72,72,72,72,72,72,72,72,72,72,72,72,72,72,72,72,72,72,72,72,72,72,72,72,72,72,72,72,72,72,72,72,72,72,72,72,72,72,72,72,72,72,72,72,72,72,72,72,72,72],"card_choices":[{"not_picked":["Underhanded Strike","Sucker Punch"],"picked":"Terror","floor":1.0},{"not_picked":["Dodge and Roll","Calculated Gamble"],"picked":"Poisoned Stab","floor":4.0},{"not_picked":["Heel Hook","Blade Dance"],"picked":"Calculated Gamble","floor":5.0},{"not_picked":["Bullet Time","Prepared"],"picked":"Corpse Explosion","floor":7.0},{"not_picked":["Bane","Blade Dance"],"picked":"PiercingWail","floor":8.0},{"not_picked":["Slice","Blade Dance"],"picked":"Dagger Spray","floor":10.0},{"not_picked":["Flying Knee","Deflect"],"picked":"Adrenaline","floor":11.0},{"not_picked":["Prepared","Endless Agony"],"picked":"Backstab","floor":13.0},{"not_picked":["Expertise","Outmaneuver"],"picked":"Noxious Fumes","floor":14.0},{"not_picked":["Venomology","Unload"],"picked":"After Image","floor":16.0},{"not_picked":["Underhanded Strike","Blade Dance"],"picked":"PiercingWail","floor":21.0},{"not_picked":["Sucker Punch","Terror","Riddle With Holes"],"picked":"SKIP","floor":22.0},{"not_picked":["Backstab","Outmaneuver+1"],"picked":"Blur","floor":23.0},{"not_picked":["Poisoned Stab","Setup"],"picked":"Malaise","floor":24.0},{"not_picked":["Deadly Poison","Tactician"],"picked":"Footwork","floor":25.0},{"not_picked":["Tactician","Deflect"],"picked":"Backflip","floor":28.0},{"not_picked":["Sucker Punch","Terror+1","Quick Slash"],"picked":"SKIP","floor":30.0},{"not_picked":["Heel Hook","Deadly Poison"],"picked":"Blur","floor":31.0},{"not_picked":["Tools of the Trade","Masterful Stab+1"],"picked":"PiercingWail+1","floor":32.0},{"not_picked":["A Thousand Cuts","Envenom"],"picked":"Night Terror","floor":33.0},{"not_picked":["Quick Slash+1","Deadly Poison+1"],"picked":"Backflip","floor":35.0},{"not_picked":["Slice","Dagger Throw","All Out Attack"],"picked":"SKIP","floor":38.0},{"not_picked":["Dagger Spray","Choke"],"picked":"Backflip","floor":40.0},{"not_picked":["Underhanded Strike","Quick Slash"],"picked":"Bouncing Flask+1","floor":41.0},{"not_picked":["Flash of Steel","PanicButton"],"picked":"Finesse","floor":42.0},{"not_picked":["Trip","PanicButton"],"picked":"Panacea","floor":42.0},{"not_picked":["Expertise","Blade Dance"],"picked":"Leg Sweep","floor":44.0},{"not_picked":["Terror","Choke"],"picked":"Dodge and Roll+1","floor":45.0},{"not_picked":["Prepared","Poisoned Stab","Blade Dance"],"picked":"SKIP","floor":47.0},{"not_picked":["Crippling Poison","Setup"],"picked":"Malaise","floor":48.0},{"not_picked":["Sucker Punch","Eviscerate"],"picked":"Dodge and Roll","floor":49.0},{"not_picked":["PiercingWail","Acrobatics"],"picked":"Backflip","floor":53.0},{"not_picked":["Endless Agony","Bane+1"],"picked":"Prepared+1","floor":55}],"player_experience":1278450,"relics_obtained":[{"floor":7.0,"key":"Dream Catcher"},{"floor":9.0,"key":"Omamori"},{"floor":10.0,"key":"Vajra"},{"floor":13.0,"key":"Turnip"},{"floor":24.0,"key":"Ninja Scroll"},{"floor":26.0,"key":"Centennial Puzzle"},{"floor":28.0,"key":"Ginger"},{"floor":31.0,"key":"Regal Pillow"},{"floor":36.0,"key":"Bottled Lightning"},{"floor":41.0,"key":"Boot"},{"floor":45.0,"key":"MawBank"},{"floor":48.0,"key":"Darkstone Periapt"},{"floor":55,"key":"Bottled Tornado"}],"event_choices":[{"damage_healed":0.0,"max_hp_gain":0.0,"max_hp_loss":0.0,"gold_gain":0.0,"event_name":"Liars Game","player_choice":"Ignored","floor":2.0,"gold_loss":0.0,"damage_taken":0.0},{"damage_healed":0.0,"max_hp_gain":0.0,"max_hp_loss":0.0,"gold_gain":0.0,"event_name":"Living Wall","player_choice":"Grow","floor":3.0,"gold_loss":0.0,"damage_taken":0.0,"cards_upgraded":["Neutralize"]},{"damage_healed":0.0,"max_hp_gain":0.0,"max_hp_loss":0.0,"gold_gain":0.0,"event_name":"N\u0027loth","player_choice":"Ignored","floor":20.0,"gold_loss":0.0,"damage_taken":0.0},{"damage_healed":0.0,"max_hp_gain":0.0,"max_hp_loss":0.0,"gold_gain":0.0,"event_name":"Accursed Blacksmith","player_choice":"Forge","floor":29.0,"gold_loss":0.0,"damage_taken":0.0,"cards_upgraded":["Footwork"]},{"damage_healed":0.0,"max_hp_gain":0.0,"max_hp_loss":0.0,"gold_gain":0.0,"event_name":"Tomb of Lord Red Mask","player_choice":"Paid","floor":39.0,"gold_loss":39.0,"damage_taken":0.0,"relics_obtained":["Red Mask"]},{"damage_healed":0.0,"max_hp_gain":0.0,"max_hp_loss":0.0,"gold_gain":0.0,"event_name":"SensoryStone","player_choice":"Memory 3","floor":42.0,"gold_loss":0.0,"damage_taken":10.0},{"cards_removed":["Strike_G"],"damage_healed":0.0,"max_hp_gain":0.0,"max_hp_loss":0.0,"gold_gain":0.0,"event_name":"Falling","player_choice":"Removed Attack","floor":46.0,"gold_loss":0.0,"damage_taken":0.0}],"is_beta":false,"boss_relics":[{"not_picked":["Velvet Choker","Orrery"],"picked":"Fusion Hammer"},{"not_picked":["Lizard Tail","Busted Crown"],"picked":"Ring of the Serpent"}],"items_purged_floors":[19],"is_endless":false,"potions_floor_spawned":[5,7,8,13,21,24,30,33,35,44,55],"killed_by":"The Heart","ascension_level":20}