{"gold_per_floor":[115,129,141,141,151,151,181,181,181,211,97,97,112,12,12,12],"floor_reached":16,"playtime":553,"items_purged":["Strike_B","Strike_B"],"score":220,"play_id":"fe48418c-5e1a-4b63-bdfd-b16f5ab9e621","local_time":"20190416162615","is_ascension_mode":true,"campfire_choices":[{"data":"Zap","floor":6,"key":"SMITH"},{"data":"Auto Shields","floor":8,"key":"SMITH"},{"data":"Electrodynamics","floor":12,"key":"SMITH"},{"data":"Static Discharge","floor":15,"key":"SMITH"}],"neow_cost":"NONE","seed_source_timestamp":14409305380390,"circlet_count":0,"master_deck":["AscendersBane","Strike_B","Strike_B","Defend_B","Defend_B","Defend_B","Defend_B","Zap+1","Dualcast","Auto Shields+1","Rebound","Gash","Coolheaded","Electrodynamics+1","Static Discharge+1"],"relics":["Cracked Core","Shuriken","Singing Bowl"],"potions_floor_usage":[7,10,16,16],"damage_taken":[{"damage":0,"enemies":"2 Louse","floor":1,"turns":2},{"damage":0,"enemies":"Cultist","floor":2,"turns":4},{"damage":0,"enemies":"Jaw Worm","floor":3,"turns":3},{"damage":1,"enemies":"2 Fungi Beasts","floor":5,"turns":3},{"damage":39,"enemies":"Gremlin Nob","floor":7,"turns":4},{"damage":29,"enemies":"3 Sentries","floor":10,"turns":7},{"damage":1,"enemies":"Blue Slaver","floor":13,"turns":4},{"damage":25,"enemies":"Hexaghost","floor":16,"turns":8}],"seed_played":"6533160796261324295","potions_obtained":[{"floor":4,"key":"Dexterity Potion"},{"floor":4,"key":"SteroidPotion"},{"floor":7,"key":"Regen Potion"},{"floor":13,"key":"SteroidPotion"}],"is_trial":false,"path_per_floor":["M","M","M","?","M","R","E","R","T","E","$","R","M","$","R","B"],"character_chosen":"DEFECT","items_purchased":["Static Discharge"],"campfire_rested":0,"item_purchase_floors":[11],"current_hp_per_floor":[71,71,71,71,70,70,31,31,31,17,17,17,18,18,18,0],"gold":12,"neow_bonus":"TEN_PERCENT_HP_BONUS","is_prod":false,"is_daily":false,"chose_seed":false,"campfire_upgraded":4,"win_rate":0,"timestamp":1555424775,"path_taken":["M","M","M","?","?","R","E","R","T","E","?","R","M","$","R","BOSS"],"build_version":"2019-01-23","purchased_purges":2,"victory":false,"max_hp_per_floor":[78,78,78,78,78,78,78,78,78,78,78,78,80,80,80,80],"card_choices":[{"not_picked":["Barrage","Turbo"],"picked":"Auto Shields","floor":1},{"not_picked":["Turbo","Stack"],"picked":"Rebound","floor":2},{"not_picked":["Compile Driver","Rebound"],"picked":"Gash","floor":3},{"not_picked":["Force Field","Beam Cell","Meteor Strike"],"picked":"SKIP","floor":5},{"not_picked":["Gash","Auto Shields"],"picked":"Coolheaded","floor":7},{"not_picked":["Beam Cell","Steam"],"picked":"Electrodynamics","floor":10},{"not_picked":["Hello World","Hologram","Streamline"],"picked":"Singing Bowl","floor":13}],"player_experience":1144630,"relics_obtained":[{"floor":7,"key":"Shuriken"},{"floor":10,"key":"Singing Bowl"}],"event_choices":[{"damage_healed":0,"gold_gain":0,"player_choice":"Got Potions","damage_taken":0,"max_hp_gain":0,"max_hp_loss":0,"event_name":"Lab","floor":4,"gold_loss":0}],"is_beta":false,"boss_relics":[],"items_purged_floors":[11,14],"is_endless":false,"potions_floor_spawned":[7,13],"killed_by":"Hexaghost","ascension_level":20}