{"gold_per_floor":[359,370,370,25,100,100,100,138,220,220,255,274,297,338,338,437,437,456,477,477,13,29,29,64,114,167,28,28,28],"floor_reached":29,"playtime":1698,"items_purged":["Normality","Bite"],"score":543,"play_id":"d68998ed-8ee5-48cd-bc2d-97012de6a79e","local_time":"20181221195335","is_ascension_mode":true,"campfire_choices":[{"data":"Neutralize","floor":6,"key":"SMITH"},{"data":"Caltrops","floor":15,"key":"SMITH"},{"data":"After Image","floor":23,"key":"SMITH"},{"data":"Footwork","floor":28,"key":"SMITH"}],"neow_cost":"CURSE","seed_source_timestamp":9648827373575,"circlet_count":0,"master_deck":["AscendersBane","Defend_G","Defend_G","Defend_G","Defend_G","Defend_G","Survivor","Neutralize+1","Quick Slash","Backstab","Cloak And Dagger","Cloak And Dagger","Leg Sweep","Caltrops+1","After Image+1","Backflip","PiercingWail","Bite","Bite","Bite","Bite","Footwork+1","Leg Sweep","Cloak And Dagger","Caltrops"],"special_seed":0,"relics":["Ring of the Snake","Golden Idol","Shuriken","Mango","Mummified Hand","Regal Pillow","Strawberry","WristBlade","Happy Flower","OrangePellets","Thread and Needle"],"potions_floor_usage":[8,14,16,24,29],"damage_taken":[{"damage":1.0,"enemies":"Small Slimes","floor":1.0,"turns":4.0},{"damage":9,"enemies":"Jaw Worm","floor":2,"turns":7},{"damage":17,"enemies":"3 Sentries","floor":8,"turns":8},{"damage":19,"enemies":"Gremlin Nob","floor":11,"turns":4},{"damage":0,"enemies":"2 Louse","floor":12,"turns":3},{"damage":0,"enemies":"Exordium Wildlife","floor":13,"turns":3},{"damage":2,"enemies":"3 Sentries","floor":14,"turns":8},{"damage":36,"enemies":"Hexaghost","floor":16,"turns":13},{"damage":6,"enemies":"Spheric Guardian","floor":18,"turns":5},{"damage":6,"enemies":"Chosen","floor":19,"turns":6},{"damage":0,"enemies":"Snecko","floor":22,"turns":5},{"damage":1,"enemies":"Slavers","floor":24,"turns":9},{"damage":88,"enemies":"Gremlin Leader","floor":29,"turns":13}],"seed_played":"-8158527417290667191","potions_obtained":[{"floor":2,"key":"AttackPotion"},{"floor":12,"key":"GamblersBrew"},{"floor":13,"key":"FairyPotion"},{"floor":14,"key":"GamblersBrew"},{"floor":19,"key":"Ancient Potion"},{"floor":22,"key":"Fruit Juice"},{"floor":24,"key":"Poison Potion"}],"is_trial":false,"path_per_floor":["M","M","?","$","?","R","?","E","T","?","E","M","M","E","R","B",null,"M","M","?","$","M","R","E","?","T","$","R","E"],"character_chosen":"THE_SILENT","items_purchased":["Shuriken","Happy Flower","OrangePellets","Footwork","Caltrops"],"campfire_rested":0,"item_purchase_floors":[4,21,21,21,27],"current_hp_per_floor":[58,49,49,49,38,38,31,28,28,52,33,33,33,38,38,2,61,55,49,49,49,56,56,61,61,61,61,61,0],"gold":28,"neow_bonus":"TWO_FIFTY_GOLD","is_prod":false,"is_daily":false,"chose_seed":false,"campfire_upgraded":4,"win_rate":0,"timestamp":1545418415,"path_taken":["M","M","?","$","?","R","?","E","T","?","E","M","M","E","R","BOSS","M","M","?","$","M","R","E","?","T","?","R","E"],"build_version":"2018-12-20","purchased_purges":2,"victory":false,"max_hp_per_floor":[66,66,60,60,60,60,60,74,74,74,74,74,74,81,81,81,81,81,81,56,56,56,56,61,61,61,61,61,61],"card_choices":[{"not_picked":["Choke","Blade Dance"],"picked":"Quick Slash","floor":1.0},{"not_picked":["Underhanded Strike","Dagger Throw"],"picked":"Backstab","floor":2},{"not_picked":["Quick Slash","PiercingWail"],"picked":"Cloak And Dagger","floor":8},{"not_picked":["Slice","Endless Agony"],"picked":"Cloak And Dagger","floor":11},{"not_picked":["Tactician","Deflect"],"picked":"Leg Sweep","floor":12},{"not_picked":["Predator","Bane"],"picked":"Caltrops","floor":13},{"not_picked":["Sucker Punch","Quick Slash","Acrobatics"],"picked":"SKIP","floor":14},{"not_picked":["Wraith Form v2","Bullet Time"],"picked":"After Image","floor":16},{"not_picked":["Caltrops","Quick Slash"],"picked":"Backflip","floor":18},{"not_picked":["Dagger Throw","All Out Attack"],"picked":"PiercingWail","floor":19},{"not_picked":["Finisher","Distraction"],"picked":"Leg Sweep","floor":22},{"not_picked":["Escape Plan","Caltrops"],"picked":"Cloak And Dagger","floor":24}],"player_experience":661050,"relics_obtained":[{"floor":8,"key":"Mango"},{"floor":9,"key":"Mummified Hand"},{"floor":11,"key":"Regal Pillow"},{"floor":14,"key":"Strawberry"},{"floor":24,"key":"Thread and Needle"}],"event_choices":[{"damage_healed":0,"gold_gain":0,"player_choice":"Lose Max HP","damage_taken":0,"relics_obtained":["Golden Idol"],"max_hp_gain":0,"max_hp_loss":6,"event_name":"Golden Idol","floor":3,"gold_loss":0},{"damage_healed":0,"gold_gain":75,"player_choice":"Gather Gold","damage_taken":11,"max_hp_gain":0,"max_hp_loss":0,"event_name":"World of Goop","floor":5,"gold_loss":0},{"cards_removed":["Strike_G"],"damage_healed":0,"gold_gain":0,"player_choice":"Card Removal","damage_taken":7,"max_hp_gain":0,"max_hp_loss":0,"event_name":"Golden Wing","floor":7,"gold_loss":0},{"damage_healed":24,"gold_gain":0,"player_choice":"Banana","damage_taken":0,"max_hp_gain":0,"max_hp_loss":0,"event_name":"Big Fish","floor":10,"gold_loss":0},{"damage_healed":0,"gold_gain":0,"player_choice":"Became a vampire","damage_taken":0,"max_hp_gain":0,"max_hp_loss":25,"event_name":"Vampires","floor":20,"gold_loss":0,"cards_obtained":["Bite","Bite","Bite","Bite","Bite"]},{"damage_healed":0,"gold_gain":50,"player_choice":"Stole From Cult","damage_taken":0,"max_hp_gain":0,"max_hp_loss":0,"event_name":"Nest","floor":25,"gold_loss":0}],"is_beta":false,"boss_relics":[{"not_picked":["Runic Dome","Orrery"],"picked":"WristBlade"}],"items_purged_floors":[4,27],"is_endless":false,"potions_floor_spawned":[2,12,13,14,19,22,24],"killed_by":"Gremlin Leader","ascension_level":20}