{"gold_per_floor":[119,133,11,25,36,63,63,18,318,343,343,357,357,371,371,445,445,445,445,445,445,445,445,23,23,23,23,23,23,23,23,23,23],"floor_reached":33,"playtime":2982,"items_purged":["Strike_G"],"score":723,"play_id":"734cab1c-5ea7-468c-b4cb-6e2af2ac2205","local_time":"20190111211350","is_ascension_mode":true,"campfire_choices":[{"floor":7,"key":"REST"},{"floor":11,"key":"REST"},{"data":"Glass Knife","floor":13,"key":"SMITH"},{"data":"Footwork","floor":15,"key":"SMITH"},{"data":"A Thousand Cuts","floor":23,"key":"SMITH"},{"data":"Well Laid Plans","floor":28,"key":"SMITH"},{"floor":32,"key":"REST"}],"neow_cost":"TEN_PERCENT_HP_LOSS","seed_source_timestamp":28754543773986,"circlet_count":0,"master_deck":["AscendersBane","Defend_G+1","Defend_G+1","Defend_G+1","Defend_G+1","Defend_G+1","Strike_G+1","Strike_G+1","Strike_G+1","Strike_G+1","Survivor","Neutralize","Glass Knife+1","Dagger Throw","Dagger Spray","Footwork+1","Dodge and Roll","Leg Sweep","Dodge and Roll","Dodge and Roll","Dodge and Roll","A Thousand Cuts+1","Well Laid Plans+1","Calculated Gamble","PiercingWail","PiercingWail+1","Escape Plan+1"],"relics":["Ring of the Snake","Dream Catcher","Old Coin","Sundial","Ectoplasm","FossilizedHelix","Mummified Hand","Meat on the Bone","Art of War","Bag of Preparation"],"potions_floor_usage":[6,10,14,21,21,21,33,33],"damage_taken":[{"damage":0,"enemies":"2 Louse","floor":1,"turns":3},{"damage":0,"enemies":"Cultist","floor":2,"turns":3},{"damage":10,"enemies":"Jaw Worm","floor":4,"turns":6},{"damage":1,"enemies":"3 Louse","floor":5,"turns":3},{"damage":48,"enemies":"Lagavulin","floor":6,"turns":12},{"damage":0,"enemies":"Exordium Thugs","floor":8,"turns":5},{"damage":34,"enemies":"Gremlin Nob","floor":10,"turns":5},{"damage":0,"enemies":"2 Fungi Beasts","floor":12,"turns":4},{"damage":3,"enemies":"Lots of Slimes","floor":14,"turns":5},{"damage":12,"enemies":"The Guardian","floor":16,"turns":31},{"damage":10,"enemies":"Chosen","floor":18,"turns":7},{"damage":5,"enemies":"Spheric Guardian","floor":19,"turns":10},{"damage":3,"enemies":"Chosen and Byrds","floor":21,"turns":11},{"damage":0,"enemies":"Snecko","floor":22,"turns":12},{"damage":0,"enemies":"Slavers","floor":25,"turns":5},{"damage":0,"enemies":"Gremlin Leader","floor":30,"turns":6},{"damage":0,"enemies":"Centurion and Healer","floor":31,"turns":7},{"damage":67,"enemies":"Champ","floor":33,"turns":36}],"seed_played":"-7382735347768478813","potions_obtained":[{"floor":5,"key":"Regen Potion"},{"floor":8,"key":"Swift Potion"},{"floor":14,"key":"EntropicBrew"},{"floor":16,"key":"FearPotion"},{"floor":21,"key":"GhostInAJar"},{"floor":30,"key":"FearPotion"}],"is_trial":false,"path_per_floor":["M","M","$","M","M","E","R","M","T","E","R","M","R","M","R","B",null,"M","M","?","M","M","R","$","E","T","?","R","$","E","M","R","B"],"character_chosen":"THE_SILENT","items_purchased":["Footwork","Regen Potion","Mummified Hand","PiercingWail"],"campfire_rested":3,"item_purchase_floors":[3,3,24,24],"current_hp_per_floor":[59,59,59,49,48,5,23,23,23,3,21,21,21,18,18,6,47,37,32,32,29,29,29,29,29,29,29,29,29,41,41,59,0],"gold":23,"neow_bonus":"THREE_RARE_CARDS","is_prod":false,"is_daily":false,"chose_seed":false,"campfire_upgraded":4,"win_rate":0,"timestamp":1547237630,"path_taken":["M","M","$","M","M","E","R","M","T","E","R","M","R","M","R","BOSS","M","M","?","?","M","R","$","E","T","?","R","?","E","M","R","BOSS"],"build_version":"2019-01-10","purchased_purges":1,"victory":false,"max_hp_per_floor":[60,60,60,60,60,60,60,60,60,60,60,60,60,60,60,60,60,60,60,60,60,60,60,60,60,60,60,60,60,60,60,60,60],"card_choices":[{"not_picked":["Die Die Die","After Image"],"picked":"Glass Knife","floor":0},{"not_picked":["Flying Knee","Bane"],"picked":"Dagger Throw","floor":1},{"not_picked":["Prepared","Dodge and Roll"],"picked":"Dagger Spray","floor":2},{"not_picked":["Reflex","Escape Plan","Blade Dance"],"picked":"SKIP","floor":4},{"not_picked":["Deflect","Outmaneuver","Calculated Gamble"],"picked":"SKIP","floor":5},{"not_picked":["Outmaneuver","Heel Hook","Poisoned Stab"],"picked":"SKIP","floor":6},{"not_picked":["A Thousand Cuts","Acrobatics"],"picked":"Dodge and Roll","floor":7},{"not_picked":["Dagger Spray","Dagger Throw"],"picked":"Leg Sweep","floor":8},{"not_picked":["Bouncing Flask","Acrobatics"],"picked":"Dodge and Roll","floor":10},{"not_picked":["PiercingWail","Cloak And Dagger"],"picked":"Dodge and Roll","floor":11},{"not_picked":["Blade Dance","Skewer","Envenom"],"picked":"SKIP","floor":12},{"not_picked":["Slice","Dagger Throw"],"picked":"Dodge and Roll","floor":14},{"not_picked":["Tools of the Trade","Die Die Die"],"picked":"A Thousand Cuts","floor":16},{"not_picked":["Concentrate","Finisher+1","Infinite Blades"],"picked":"SKIP","floor":18},{"not_picked":["Poisoned Stab","Blade Dance","Dagger Spray"],"picked":"SKIP","floor":19},{"not_picked":["Dagger Throw","Blur"],"picked":"Well Laid Plans","floor":21},{"not_picked":["Bouncing Flask","Reflex"],"picked":"Calculated Gamble","floor":22},{"not_picked":["Backflip","Dash"],"picked":"PiercingWail+1","floor":25},{"not_picked":["Corpse Explosion","Underhanded Strike"],"picked":"Escape Plan+1","floor":30},{"not_picked":["Acrobatics","Predator","Poisoned Stab"],"picked":"SKIP","floor":31}],"player_experience":739591,"relics_obtained":[{"floor":6,"key":"Dream Catcher"},{"floor":9,"key":"Old Coin"},{"floor":10,"key":"Sundial"},{"floor":25,"key":"Meat on the Bone"},{"floor":26,"key":"Art of War"},{"floor":30,"key":"Bag of Preparation"}],"event_choices":[{"damage_healed":0,"gold_gain":0,"player_choice":"Gave Potion","damage_taken":0,"relics_obtained":["FossilizedHelix"],"max_hp_gain":0,"max_hp_loss":0,"event_name":"WeMeetAgain","floor":20,"gold_loss":0},{"damage_healed":0,"gold_gain":0,"player_choice":"Simplicity","damage_taken":0,"max_hp_gain":0,"max_hp_loss":0,"event_name":"Back to Basics","floor":27,"gold_loss":0,"cards_upgraded":["Defend_G","Defend_G","Defend_G","Defend_G","Defend_G","Strike_G","Strike_G","Strike_G","Strike_G"]}],"is_beta":false,"boss_relics":[{"not_picked":["Astrolabe","Runic Dome"],"picked":"Ectoplasm"}],"items_purged_floors":[24],"is_endless":false,"potions_floor_spawned":[5,8,14,16,21,30],"killed_by":"Champ","ascension_level":20}