{"gold_per_floor":[113,127,52,52,52,79,79,109,135,166,166,146,156,174,174,253,253,264,284,22,22,34,34,66,66,66,81,81,92,122,133,133,133],"floor_reached":33,"playtime":1392,"items_purged":[],"score":710,"play_id":"33fcc81b-e7fc-435f-a187-54046ed02866","local_time":"20190614145450","is_ascension_mode":true,"campfire_choices":[{"data":"Sweeping Beam","floor":7,"key":"SMITH"},{"data":"Hyperbeam","floor":11,"key":"SMITH"},{"data":"Conserve Battery","floor":15,"key":"SMITH"},{"floor":23,"key":"REST"},{"floor":25,"key":"REST"},{"floor":28,"key":"REST"},{"floor":32,"key":"REST"}],"neow_cost":"NONE","seed_source_timestamp":9399020584192,"circlet_count":0,"master_deck":["AscendersBane","Strike_B","Strike_B","Defend_B","Defend_B","Defend_B","Defend_B","Zap","Dualcast","Cold Snap+1","Sweeping Beam+1","Rip and Tear","Hyperbeam+1","Conserve Battery+1","Compile Driver+1","Echo Form","Reinforced Body","Self Repair"],"relics":["Cracked Core","NeowsBlessing","Smiling Mask","Question Card","Anchor","Bag of Marbles","Velvet Choker","Singing Bowl","Enchiridion","Whetstone","Pen Nib"],"potions_floor_usage":[8,24,24,29],"damage_taken":[{"damage":0,"enemies":"Small Slimes","floor":1,"turns":1},{"damage":0,"enemies":"Cultist","floor":2,"turns":1},{"damage":0,"enemies":"Gremlin Nob","floor":6,"turns":1},{"damage":16,"enemies":"Lagavulin","floor":8,"turns":6},{"damage":0,"enemies":"3 Sentries","floor":10,"turns":2},{"damage":0,"enemies":"Jaw Worm","floor":13,"turns":2},{"damage":0,"enemies":"Large Slime","floor":14,"turns":3},{"damage":24,"enemies":"Slime Boss","floor":16,"turns":8},{"damage":11,"enemies":"Spheric Guardian","floor":18,"turns":5},{"damage":1,"enemies":"Shell Parasite","floor":19,"turns":3},{"damage":0,"enemies":"Centurion and Healer","floor":22,"turns":6},{"damage":42,"enemies":"Book of Stabbing","floor":24,"turns":5},{"damage":10,"enemies":"Sentry and Sphere","floor":27,"turns":4},{"damage":13,"enemies":"Shelled Parasite and Fungi","floor":29,"turns":5},{"damage":30,"enemies":"Slavers","floor":30,"turns":4},{"damage":0,"enemies":"Cultist and Chosen","floor":31,"turns":2},{"damage":59,"enemies":"Automaton","floor":33,"turns":10}],"seed_played":"4586443255172124635","potions_obtained":[{"floor":1,"key":"FearPotion"},{"floor":10,"key":"Swift Potion"},{"floor":12,"key":"PowerPotion"},{"floor":13,"key":"FocusPotion"},{"floor":27,"key":"Regen Potion"},{"floor":29,"key":"Weak Potion"}],"is_trial":false,"path_per_floor":["M","M","?","$","?","E","R","E","T","E","R","?","M","M","R","B",null,"M","M","$","?","M","R","E","R","T","M","R","M","E","M","R","B"],"character_chosen":"DEFECT","items_purchased":["Singing Bowl"],"campfire_rested":4,"item_purchase_floors":[20],"current_hp_per_floor":[64,64,64,64,57,57,57,41,41,41,41,41,41,41,41,17,58,47,46,46,25,27,48,8,30,30,22,45,48,18,27,51,0],"gold":133,"neow_bonus":"THREE_ENEMY_KILL","is_prod":false,"is_daily":false,"chose_seed":false,"campfire_upgraded":3,"win_rate":0,"timestamp":1560516890,"path_taken":["M","M","?","$","?","E","R","E","T","E","R","?","?","M","R","BOSS","M","M","$","?","M","R","E","R","T","M","R","M","E","M","R","BOSS"],"build_version":"2019-01-23","purchased_purges":0,"victory":false,"max_hp_per_floor":[71,71,71,71,71,71,71,71,71,71,71,71,71,71,71,71,71,71,71,71,71,73,73,75,75,75,77,77,79,79,81,81,81],"card_choices":[{"not_picked":["Recycle","Beam Cell"],"picked":"Cold Snap","floor":1},{"not_picked":["Reprogram","Self Repair"],"picked":"Sweeping Beam","floor":2},{"not_picked":["Beam Cell","Capacitor"],"picked":"Rip and Tear","floor":6},{"not_picked":["Capacitor","Skim"],"picked":"Hyperbeam","floor":8},{"not_picked":["Streamline","Compile Driver","Sweeping Beam"],"picked":"Conserve Battery","floor":10},{"not_picked":["Gash","Conserve Battery","Auto Shields","Skim"],"picked":"SKIP","floor":13},{"not_picked":["Stack","Gash","Chill"],"picked":"Compile Driver","floor":14},{"not_picked":["Rainbow","Hyperbeam","Electrodynamics"],"picked":"Echo Form","floor":16},{"not_picked":["Conserve Battery","Beam Cell","Chill"],"picked":"Reinforced Body","floor":18},{"not_picked":["Reinforced Body","Conserve Battery","Force Field","Ball Lightning"],"picked":"SKIP","floor":19},{"not_picked":["Ball Lightning","Cold Snap","Gash","Rebound"],"picked":"Singing Bowl","floor":22},{"not_picked":["Compile Driver","Redo","Gash","Stack"],"picked":"Singing Bowl","floor":24},{"not_picked":["Go for the Eyes","Reinforced Body","Auto Shields","Cold Snap"],"picked":"Singing Bowl","floor":27},{"not_picked":["Streamline","Go for the Eyes","Rebound","Hyperbeam"],"picked":"Singing Bowl","floor":29},{"not_picked":["Gash","Aggregate","Rip and Tear"],"picked":"Self Repair","floor":30},{"not_picked":["Cold Snap","Reinforced Body","Chaos+1","Sunder+1"],"picked":"Singing Bowl","floor":31}],"player_experience":1351355,"relics_obtained":[{"floor":6,"key":"Smiling Mask"},{"floor":8,"key":"Question Card"},{"floor":9,"key":"Anchor"},{"floor":10,"key":"Bag of Marbles"},{"floor":21,"key":"Enchiridion"},{"floor":24,"key":"Whetstone"},{"floor":30,"key":"Pen Nib"}],"event_choices":[{"cards_removed":["Strike_B"],"damage_healed":0,"gold_gain":0,"player_choice":"Card Removal","damage_taken":0,"max_hp_gain":0,"max_hp_loss":0,"event_name":"The Cleric","floor":3,"gold_loss":75},{"cards_removed":["Strike_B"],"damage_healed":0,"gold_gain":0,"player_choice":"Card Removal","damage_taken":7,"max_hp_gain":0,"max_hp_loss":0,"event_name":"Golden Wing","floor":5,"gold_loss":0},{"damage_healed":0,"gold_gain":0,"player_choice":"Bought 1 Potion","damage_taken":0,"max_hp_gain":0,"max_hp_loss":0,"event_name":"The Woman in Blue","floor":12,"gold_loss":0},{"damage_healed":0,"gold_gain":0,"player_choice":"Obtained Book","damage_taken":21,"max_hp_gain":0,"max_hp_loss":0,"event_name":"Cursed Tome","floor":21,"gold_loss":0}],"is_beta":false,"boss_relics":[{"not_picked":["Inserter","FrozenCore"],"picked":"Velvet Choker"}],"items_purged_floors":[],"is_endless":false,"potions_floor_spawned":[1,10,13,14,16,19,27,29],"killed_by":"Automaton","ascension_level":20}