{"gold_per_floor":[115,115,65,40,40,74,74,101,101,112,144,74,84,118,118,223,223,235,220,235,6,22,22,121,21,21,31,50,50,80,80,80,182,182,196,471,108,128,128,128,128,155,155,155,155,155,155,174,174,174],"floor_reached":50,"playtime":4910,"items_purged":["Strike_R","Bash","Regret"],"score":718,"play_id":"14636a34-c135-4554-a4a5-9193828d9db0","local_time":"20190202123123","is_ascension_mode":true,"campfire_choices":[{"data":"Wild Strike","floor":7,"key":"SMITH"},{"data":"Evolve","floor":15,"key":"SMITH"},{"data":"Cleave","floor":23,"key":"SMITH"},{"data":"Power Through","floor":32,"key":"SMITH"},{"floor":40,"key":"REST"},{"floor":44,"key":"REST"},{"floor":47,"key":"REST"},{"floor":49,"key":"REST"}],"neow_cost":"NONE","seed_source_timestamp":1037387280006850,"circlet_count":0,"master_deck":["Strike_R+1","Strike_R+1","Strike_R+1","Defend_R+1","Defend_R+1","Defend_R+1","Defend_R+1","Wild Strike+1","Thunderclap+1","Cleave+1","Power Through+1","Evolve+1","Warcry+1","True Grit+1","Ghostly Armor+1","Feel No Pain+1","True Grit+1","J.A.X.+1","Fiend Fire+1","Wild Strike+1","Panache+1","Feel No Pain+1","Inflame+1"],"relics":["Burning Blood","NeowsBlessing","Orichalcum","Shuriken","Thread and Needle","Odd Mushroom","Ice Cream","Magic Flower","Toxic Egg 2","Mark of Pain","PreservedInsect","Pantograph","Art of War","Philosopher\u0027s Stone","Singing Bowl","Juzu Bracelet","Blue Candle","Mark of the Bloom"],"potions_floor_usage":[14,18,27,28,28,33,42,42],"damage_taken":[{"damage":0,"enemies":"2 Louse","floor":1,"turns":1},{"damage":0,"enemies":"Gremlin Nob","floor":6,"turns":1},{"damage":0,"enemies":"The Mushroom Lair","floor":8,"turns":1},{"damage":3,"enemies":"Small Slimes","floor":10,"turns":3},{"damage":12,"enemies":"Lagavulin","floor":11,"turns":5},{"damage":0,"enemies":"Jaw Worm","floor":13,"turns":2},{"damage":0,"enemies":"3 Sentries","floor":14,"turns":5},{"damage":24,"enemies":"Slime Boss","floor":16,"turns":9},{"damage":0,"enemies":"3 Byrds","floor":18,"turns":3},{"damage":12,"enemies":"2 Thieves","floor":19,"turns":4},{"damage":8,"enemies":"Shelled Parasite and Fungi","floor":20,"turns":9},{"damage":3,"enemies":"Centurion and Healer","floor":22,"turns":5},{"damage":0,"enemies":"Cultist and Chosen","floor":27,"turns":5},{"damage":8,"enemies":"Snake Plant","floor":28,"turns":7},{"damage":25,"enemies":"Book of Stabbing","floor":30,"turns":7},{"damage":36,"enemies":"Collector","floor":33,"turns":10},{"damage":45,"enemies":"3 Darklings","floor":35,"turns":5},{"damage":6,"enemies":"Orb Walker","floor":38,"turns":3},{"damage":26,"enemies":"Reptomancer","floor":42,"turns":3},{"damage":8,"enemies":"Maw","floor":48,"turns":7},{"damage":71,"enemies":"Awakened One","floor":50,"turns":5}],"seed_played":"4396199193313906836","potions_obtained":[{"floor":1,"key":"Ancient Potion"},{"floor":11,"key":"Fruit Juice"},{"floor":16,"key":"AttackPotion"},{"floor":20,"key":"Weak Potion"},{"floor":22,"key":"AttackPotion"},{"floor":28,"key":"EssenceOfSteel"},{"floor":33,"key":"Energy Potion"},{"floor":35,"key":"Ancient Potion"},{"floor":38,"key":"Swift Potion"}],"is_trial":false,"path_per_floor":["M","?","?","$","?","E","R","?","T","M","E","$","M","E","R","B",null,"M","M","M","$","M","R","?","$","T","M","M","?","E","?","R","B",null,"M","?","$","M","$","R","T","E","T","R","?","?","R","M","R","B"],"character_chosen":"IRONCLAD","items_purchased":["Thunderclap","Evolve","PreservedInsect","Panache","Feel No Pain"],"campfire_rested":4,"item_purchase_floors":[4,12,21,37,37],"current_hp_per_floor":[80,80,80,80,68,74,74,80,80,80,74,74,80,85,85,70,81,85,82,83,83,85,85,85,85,85,85,85,85,69,69,69,58,78,42,42,42,45,45,70,70,53,53,78,78,78,78,70,70,0],"gold":174,"neow_bonus":"THREE_ENEMY_KILL","is_prod":false,"is_daily":false,"chose_seed":false,"campfire_upgraded":4,"win_rate":0,"timestamp":1549125083,"path_taken":["M","?","?","$","?","E","R","?","T","?","E","$","M","E","R","BOSS","M","M","?","$","M","R","?","$","T","M","M","?","E","?","R","BOSS","M","?","$","?","?","R","?","E","T","R","?","?","R","M","R","BOSS"],"build_version":"2019-01-23","purchased_purges":3,"victory":false,"max_hp_per_floor":[80,80,80,80,80,80,80,80,80,80,80,80,80,85,85,85,85,85,85,85,85,85,85,85,85,85,85,85,85,85,85,85,85,85,85,85,85,85,85,85,85,85,85,85,85,85,85,87,87,87],"card_choices":[{"not_picked":["Whirlwind","Perfected Strike"],"picked":"Wild Strike","floor":1},{"not_picked":["Pommel Strike","Twin Strike"],"picked":"Cleave","floor":6},{"not_picked":["Anger","Corruption"],"picked":"Power Through","floor":10},{"not_picked":["Corruption","Second Wind","Entrench"],"picked":"SKIP","floor":11},{"not_picked":["Anger","Berserk","Warcry"],"picked":"SKIP","floor":13},{"not_picked":["Perfected Strike","Whirlwind"],"picked":"Warcry","floor":14},{"not_picked":["Thunderclap","Iron Wave"],"picked":"True Grit+1","floor":18},{"not_picked":["Searing Blow","Twin Strike"],"picked":"Ghostly Armor+1","floor":19},{"not_picked":["Dual Wield+1","Headbutt+1","Uppercut"],"picked":"SKIP","floor":20},{"not_picked":["Rampage","Reckless Charge+1"],"picked":"Feel No Pain+1","floor":22},{"not_picked":["Thunderclap","Carnage","Power Through+1"],"picked":"SKIP","floor":27},{"not_picked":["Searing Blow+1","Ghostly Armor+1","Twin Strike+1"],"picked":"SKIP","floor":28},{"not_picked":["Searing Blow+1","Ghostly Armor+1","Twin Strike+1"],"picked":"SKIP","floor":28},{"not_picked":["Clothesline+1","Bludgeon"],"picked":"True Grit+1","floor":30},{"not_picked":["Reaper","Bludgeon"],"picked":"Fiend Fire","floor":33},{"not_picked":["Rampage+1","Sword Boomerang"],"picked":"Wild Strike+1","floor":35},{"not_picked":["Clash","Armaments+1","Thunderclap"],"picked":"SKIP","floor":38},{"not_picked":["Shrug It Off+1","Havoc+1"],"picked":"Inflame","floor":42},{"not_picked":["True Grit+1","Blood for Blood","Body Slam"],"picked":"Singing Bowl","floor":48}],"player_experience":382689,"relics_obtained":[{"floor":6,"key":"Thread and Needle"},{"floor":8,"key":"Odd Mushroom"},{"floor":9,"key":"Ice Cream"},{"floor":11,"key":"Magic Flower"},{"floor":14,"key":"Toxic Egg 2"},{"floor":26,"key":"Pantograph"},{"floor":30,"key":"Art of War"},{"floor":41,"key":"Singing Bowl"},{"floor":42,"key":"Juzu Bracelet"},{"floor":43,"key":"Blue Candle"}],"event_choices":[{"damage_healed":0,"gold_gain":0,"player_choice":"Box","damage_taken":0,"relics_obtained":["Orichalcum"],"max_hp_gain":0,"max_hp_loss":0,"event_name":"Big Fish","floor":2,"gold_loss":0,"cards_obtained":["Regret"]},{"cards_removed":["Regret"],"damage_healed":0,"gold_gain":0,"player_choice":"Card Removal","damage_taken":0,"max_hp_gain":0,"max_hp_loss":0,"event_name":"The Cleric","floor":3,"gold_loss":50},{"damage_healed":0,"gold_gain":0,"player_choice":"Success","damage_taken":12,"relics_obtained":["Shuriken"],"max_hp_gain":0,"max_hp_loss":0,"event_name":"Scrap Ooze","floor":5,"gold_loss":0},{"damage_healed":0,"gold_gain":0,"player_choice":"Fought Mushrooms","damage_taken":0,"max_hp_gain":0,"max_hp_loss":0,"event_name":"Mushrooms","floor":8,"gold_loss":0},{"damage_healed":0,"gold_gain":99,"player_choice":"Stole From Cult","damage_taken":0,"max_hp_gain":0,"max_hp_loss":0,"event_name":"Nest","floor":24,"gold_loss":0},{"damage_healed":0,"gold_gain":0,"player_choice":"Ignored","damage_taken":0,"max_hp_gain":0,"max_hp_loss":0,"event_name":"Ghosts","floor":29,"gold_loss":0},{"damage_healed":0,"gold_gain":0,"player_choice":"Obtain J.A.X.","damage_taken":0,"max_hp_gain":0,"max_hp_loss":0,"event_name":"Drug Dealer","floor":31,"gold_loss":0,"cards_obtained":["J.A.X."]},{"damage_healed":0,"gold_gain":275,"player_choice":"Desecrate","damage_taken":0,"max_hp_gain":0,"max_hp_loss":0,"event_name":"Golden Shrine","floor":36,"gold_loss":0,"cards_obtained":["Regret"]},{"damage_healed":0,"gold_gain":0,"player_choice":"Upgrade","damage_taken":0,"relics_obtained":["Mark of the Bloom"],"max_hp_gain":0,"max_hp_loss":0,"event_name":"MindBloom","floor":45,"gold_loss":0,"cards_upgraded":["Strike_R","Strike_R","Strike_R","Strike_R","Defend_R","Defend_R","Defend_R","Defend_R","Thunderclap","Fiend Fire","Panache","Feel No Pain","Inflame"]},{"cards_removed":["Strike_R"],"damage_healed":0,"gold_gain":0,"player_choice":"Offered Basic","damage_taken":0,"max_hp_gain":0,"max_hp_loss":0,"event_name":"Bonfire Elementals","floor":46,"gold_loss":0}],"is_beta":false,"boss_relics":[{"not_picked":["Pandora\u0027s Box","Lizard Tail"],"picked":"Mark of Pain"},{"not_picked":["Fusion Hammer","White Beast Statue"],"picked":"Philosopher\u0027s Stone"}],"items_purged_floors":[21,25,37],"is_endless":false,"potions_floor_spawned":[1,11,16,20,22,28,33,35,38],"killed_by":"Awakened One","ascension_level":5}