{"gold_per_floor":[116,135,14,89,107,107,7,37,60,89,102,131,149,149,149,251,251,264,276,201,52,69,69,95,95,119,119,133,147,176,176,176,275,275,291,291],"floor_reached":36,"playtime":2604,"items_purged":["Defend_R","Defend_R"],"score":528,"play_id":"037e0f85-619c-48c5-a14f-12956bffe677","local_time":"20190202181421","is_ascension_mode":true,"campfire_choices":[{"data":"Shockwave","floor":6.0,"key":"SMITH"},{"floor":15.0,"key":"REST"},{"floor":23.0,"key":"REST"},{"data":"Inflame","floor":32.0,"key":"SMITH"}],"neow_cost":"NONE","seed_source_timestamp":0,"circlet_count":0,"master_deck":["Strike_R","Strike_R","Defend_R","Battle Trance","Iron Wave","Clash","Shockwave+1","Sword Boomerang","Pummel","Inflame+1","Whirlwind","Flex","Offering","Hemokinesis+1","Flex+1","Limit Break+1","Heavy Blade","Armaments+1","Twin Strike","Seeing Red","Reaper","Warcry+1"],"special_seed":0,"relics":["Burning Blood","Happy Flower","Bottled Flame","Regal Pillow","Oddly Smooth Stone","Astrolabe","Anchor","Ornamental Fan","Nloth\u0027s Gift","Blood Vial","Shuriken","Philosopher\u0027s Stone"],"potions_floor_usage":[36],"damage_taken":[{"damage":9.0,"enemies":"2 Louse","floor":1.0,"turns":2.0},{"damage":1.0,"enemies":"Cultist","floor":2.0,"turns":3.0},{"damage":4.0,"enemies":"Jaw Worm","floor":5.0,"turns":3.0},{"damage":30.0,"enemies":"3 Sentries","floor":8.0,"turns":7.0},{"damage":10.0,"enemies":"Lagavulin","floor":10.0,"turns":4.0},{"damage":0.0,"enemies":"Gremlin Gang","floor":11.0,"turns":3.0},{"damage":15.0,"enemies":"3 Sentries","floor":12.0,"turns":5.0},{"damage":26.0,"enemies":"Exordium Thugs","floor":13.0,"turns":3.0},{"damage":26.0,"enemies":"Hexaghost","floor":16.0,"turns":6.0},{"damage":9.0,"enemies":"Shell Parasite","floor":18.0,"turns":3.0},{"damage":21.0,"enemies":"2 Thieves","floor":19.0,"turns":3.0},{"damage":25.0,"enemies":"Snecko","floor":22.0,"turns":4.0},{"damage":31.0,"enemies":"Slavers","floor":24.0,"turns":3.0},{"damage":4.0,"enemies":"Centurion and Healer","floor":28.0,"turns":4.0},{"damage":6.0,"enemies":"3 Cultists","floor":29.0,"turns":3.0},{"damage":15.0,"enemies":"Book of Stabbing","floor":30.0,"turns":3.0},{"damage":40.0,"enemies":"Collector","floor":33.0,"turns":5.0},{"damage":6,"enemies":"Orb Walker","floor":35,"turns":2},{"damage":94,"enemies":"2 Orb Walkers","floor":36,"turns":4}],"seed_played":"6949999857597824845","potions_obtained":[{"floor":1.0,"key":"SteroidPotion"},{"floor":10.0,"key":"Ancient Potion"},{"floor":11.0,"key":"PowerPotion"},{"floor":12.0,"key":"Ancient Potion"},{"floor":18.0,"key":"BloodPotion"},{"floor":24.0,"key":"EntropicBrew"},{"floor":28.0,"key":"Energy Potion"}],"is_trial":false,"path_per_floor":["M","M","$","?","M","R","$","E","T","E","M","E","M","?","R","B",null,"M","M","?","$","M","R","E","?","T","$","M","M","E","?","R","B",null,"M","?"],"character_chosen":"IRONCLAD","items_purchased":["Clash","Anchor"],"campfire_rested":2,"item_purchase_floors":[3,21],"current_hp_per_floor":[77,80,80,72,74,74,74,50,50,46,52,43,23,23,62,42,71,68,61,61,61,42,80,55,55,55,55,71,73,80,80,80,46,72,80,0],"gold":291,"neow_bonus":"REMOVE_CARD","is_prod":false,"is_daily":false,"chose_seed":false,"campfire_upgraded":2,"win_rate":0,"timestamp":1549145661,"path_taken":["M","M","$","?","M","R","$","E","T","E","?","E","M","?","R","BOSS","M","?","?","$","M","R","E","?","T","$","M","?","E","?","R","BOSS","M","?"],"build_version":"2019-01-23","purchased_purges":2,"victory":false,"max_hp_per_floor":[80,80,80,80,80,80,80,80,80,80,80,80,80,80,80,80,80,80,80,80,80,80,80,80,80,80,80,80,80,80,80,80,80,80,80,80],"card_choices":[{"not_picked":["Burning Pact","Anger"],"picked":"Battle Trance","floor":1.0},{"not_picked":["Clothesline","Dual Wield"],"picked":"Iron Wave","floor":2.0},{"not_picked":["Sword Boomerang","Twin Strike"],"picked":"Shockwave","floor":5.0},{"not_picked":["Juggernaut","Warcry"],"picked":"Sword Boomerang","floor":8.0},{"not_picked":["Reckless Charge","Second Wind"],"picked":"Pummel","floor":10.0},{"not_picked":["Heavy Blade","Perfected Strike"],"picked":"Inflame","floor":11.0},{"not_picked":["Limit Break","Warcry"],"picked":"Whirlwind","floor":12.0},{"not_picked":["Body Slam","Reckless Charge"],"picked":"Flex","floor":13.0},{"not_picked":["Brutality","Fiend Fire"],"picked":"Offering","floor":16.0},{"not_picked":["Havoc+1","Anger"],"picked":"Heavy Blade","floor":18.0},{"not_picked":["Pommel Strike+1","Spot Weakness"],"picked":"Armaments+1","floor":19.0},{"not_picked":["Hemokinesis","Flex"],"picked":"Twin Strike","floor":22.0},{"not_picked":["Evolve","Heavy Blade"],"picked":"Seeing Red","floor":24.0},{"not_picked":["Evolve","Thunderclap+1"],"picked":"Reaper","floor":28.0},{"not_picked":["Sword Boomerang","Entrench"],"picked":"Warcry+1","floor":29.0},{"not_picked":["Warcry","Thunderclap","Uppercut"],"picked":"SKIP","floor":30.0},{"not_picked":["Cleave+1","Heavy Blade+1","Body Slam"],"picked":"SKIP","floor":35}],"player_experience":388365,"relics_obtained":[{"floor":8.0,"key":"Happy Flower"},{"floor":9.0,"key":"Potion Belt"},{"floor":10.0,"key":"Bottled Flame"},{"floor":12.0,"key":"Regal Pillow"},{"floor":24.0,"key":"Ornamental Fan"},{"floor":26.0,"key":"Blood Vial"},{"floor":30.0,"key":"Shuriken"}],"event_choices":[{"damage_healed":0.0,"max_hp_gain":0.0,"max_hp_loss":0.0,"gold_gain":75.0,"event_name":"FaceTrader","player_choice":"Touch","floor":4.0,"gold_loss":0.0,"damage_taken":8.0},{"damage_healed":0.0,"max_hp_gain":0.0,"max_hp_loss":0.0,"gold_gain":0.0,"event_name":"WeMeetAgain","player_choice":"Gave Potion","floor":14.0,"gold_loss":0.0,"damage_taken":0.0,"relics_obtained":["Oddly Smooth Stone"]},{"cards_removed":["Defend_R"],"damage_healed":0.0,"max_hp_gain":0.0,"max_hp_loss":0.0,"gold_gain":0.0,"event_name":"Beggar","player_choice":"Gave Gold","floor":20.0,"gold_loss":75.0,"damage_taken":0.0},{"damage_healed":0.0,"max_hp_gain":0.0,"max_hp_loss":0.0,"gold_gain":0.0,"event_name":"N\u0027loth","player_choice":"Traded Relic","floor":25.0,"relics_lost":["Potion Belt"],"gold_loss":0.0,"damage_taken":0.0,"relics_obtained":["Nloth\u0027s Gift"]},{"damage_healed":0.0,"max_hp_gain":0.0,"max_hp_loss":0.0,"gold_gain":0.0,"event_name":"Transmorgrifier","player_choice":"Ignored","floor":31.0,"gold_loss":0.0,"damage_taken":0.0},{"damage_healed":0,"gold_gain":0,"player_choice":"Fight","damage_taken":0,"max_hp_gain":0,"max_hp_loss":0,"event_name":"Mysterious Sphere","floor":36,"gold_loss":0}],"is_beta":false,"boss_relics":[{"not_picked":["Runic Pyramid","Pandora\u0027s Box"],"picked":"Astrolabe"},{"not_picked":["Black Star","Coffee Dripper"],"picked":"Philosopher\u0027s Stone"}],"items_purged_floors":[3,7],"is_endless":false,"potions_floor_spawned":[1,10,11,12,18,24,28],"killed_by":"2 Orb Walkers","ascension_level":5}