{"gold_per_floor":[111,111,123,137,137,192,192,192],"floor_reached":8,"playtime":436,"items_purged":[],"score":112,"play_id":"1e9b76c5-57a6-4e06-8b5c-fe5731e2b305","local_time":"20181215132937","is_ascension_mode":true,"campfire_choices":[{"data":"Whirlwind","floor":7,"key":"SMITH"}],"neow_cost":"TEN_PERCENT_HP_LOSS","seed_source_timestamp":8741325502270,"circlet_count":0,"master_deck":["AscendersBane","Strike_R","Strike_R","Strike_R","Strike_R","Strike_R","Defend_R","Defend_R","Defend_R","Defend_R","Bash","Shockwave+1","Shrug It Off","Whirlwind+1","Battle Trance"],"relics":["Burning Blood","Turnip","Tiny Chest"],"potions_floor_usage":[6,8],"damage_taken":[{"damage":5,"enemies":"Small Slimes","floor":1,"turns":5},{"damage":9,"enemies":"2 Louse","floor":3,"turns":4},{"damage":8,"enemies":"Jaw Worm","floor":4,"turns":5},{"damage":22,"enemies":"Lagavulin","floor":6,"turns":7},{"damage":62,"enemies":"Gremlin Nob","floor":8,"turns":5}],"seed_played":"3328370963149070862","potions_obtained":[{"floor":4,"key":"Strength Potion"},{"floor":6,"key":"Swift Potion"}],"is_trial":false,"path_per_floor":["M","?","M","M","?","E","R","E"],"character_chosen":"IRONCLAD","items_purchased":[],"campfire_rested":0,"item_purchase_floors":[],"current_hp_per_floor":[68,68,65,63,63,47,47,0],"gold":192,"neow_bonus":"ONE_RARE_RELIC","is_prod":false,"is_daily":false,"chose_seed":false,"campfire_upgraded":1,"win_rate":0,"timestamp":1544876977,"path_taken":["M","?","M","M","?","E","R","E"],"build_version":"2018-12-13","purchased_purges":0,"victory":false,"max_hp_per_floor":[68,68,68,68,68,68,68,68],"card_choices":[{"not_picked":["Flex","Armaments"],"picked":"Shockwave","floor":1},{"not_picked":["Feel No Pain","Second Wind"],"picked":"Shrug It Off","floor":3},{"not_picked":["Iron Wave","Armaments"],"picked":"Whirlwind","floor":4},{"not_picked":["Rampage","Seeing Red"],"picked":"Battle Trance","floor":6}],"player_experience":641572,"relics_obtained":[{"floor":6,"key":"Tiny Chest"}],"event_choices":[{"damage_healed":0,"gold_gain":0,"player_choice":"Grow","damage_taken":0,"max_hp_gain":0,"max_hp_loss":0,"event_name":"Living Wall","floor":2,"gold_loss":0,"cards_upgraded":["Shockwave"]},{"damage_healed":0,"gold_gain":0,"player_choice":"Ignored","damage_taken":0,"max_hp_gain":0,"max_hp_loss":0,"event_name":"Liars Game","floor":5,"gold_loss":0}],"is_beta":false,"boss_relics":[],"items_purged_floors":[],"is_endless":false,"potions_floor_spawned":[4,6],"killed_by":"Gremlin Nob","ascension_level":20}