{"gold_per_floor":[117,192,27,47,62,62,79,112,158,158,178,178,194,207,207,207],"floor_reached":16,"playtime":610,"items_purged":[],"score":208,"play_id":"0eaab72b-1927-4d1c-9ba8-845afbba7dce","local_time":"20190617221442","is_ascension_mode":true,"campfire_choices":[{"data":"Bash","floor":6,"key":"SMITH"},{"data":"Fiend Fire","floor":10,"key":"SMITH"},{"data":"Combust","floor":12,"key":"SMITH"},{"data":"Pommel Strike","floor":15,"key":"SMITH"}],"neow_cost":"NONE","seed_source_timestamp":34118473679709,"circlet_count":0,"master_deck":["AscendersBane","Strike_R","Strike_R","Strike_R","Strike_R","Strike_R","Defend_R","Defend_R","Defend_R","Defend_R","Bash+1","Clothesline","Shrug It Off","Shrug It Off","Fiend Fire+1","Combust+1","Pommel Strike+1","Rampage"],"relics":["Burning Blood","Happy Flower","Oddly Smooth Stone","The Courier","Omamori"],"potions_floor_usage":[8,16,16],"damage_taken":[{"damage":2,"enemies":"2 Louse","floor":1,"turns":4},{"damage":6,"enemies":"Jaw Worm","floor":4,"turns":5},{"damage":0,"enemies":"Cultist","floor":5,"turns":3},{"damage":8,"enemies":"Red Slaver","floor":7,"turns":6},{"damage":34,"enemies":"3 Sentries","floor":8,"turns":14},{"damage":0,"enemies":"Looter","floor":11,"turns":1},{"damage":0,"enemies":"3 Louse","floor":13,"turns":4},{"damage":11,"enemies":"Gremlin Gang","floor":14,"turns":4},{"damage":46,"enemies":"Hexaghost","floor":16,"turns":9}],"seed_played":"2212086297999740170","potions_obtained":[{"floor":4,"key":"Block Potion"},{"floor":7,"key":"Strength Potion"},{"floor":13,"key":"Poison Potion"}],"is_trial":false,"path_per_floor":["M","?","$","M","M","R","M","E","T","R","M","R","M","M","R","B"],"character_chosen":"IRONCLAD","items_purchased":["Oddly Smooth Stone"],"campfire_rested":0,"item_purchase_floors":[3],"current_hp_per_floor":[72,61,61,61,67,67,65,37,37,37,43,43,49,44,44,0],"gold":207,"neow_bonus":"RANDOM_COMMON_RELIC","is_prod":false,"is_daily":false,"chose_seed":false,"campfire_upgraded":4,"win_rate":0,"timestamp":1560802482,"path_taken":["M","?","$","M","M","R","M","E","T","R","M","R","M","M","R","BOSS"],"build_version":"2019-01-23","purchased_purges":0,"victory":false,"max_hp_per_floor":[75,75,75,75,75,75,75,75,75,75,75,75,75,75,75,75],"card_choices":[{"not_picked":["True Grit","Flex","Warcry"],"picked":"SKIP","floor":1},{"not_picked":["Shrug It Off","Searing Blow"],"picked":"Clothesline","floor":4},{"not_picked":["Havoc","Armaments"],"picked":"Shrug It Off","floor":5},{"not_picked":["True Grit","Warcry"],"picked":"Shrug It Off","floor":7},{"not_picked":["Corruption","Power Through"],"picked":"Fiend Fire","floor":8},{"not_picked":["Dual Wield","Sword Boomerang"],"picked":"Combust","floor":11},{"not_picked":["Entrench","Perfected Strike"],"picked":"Pommel Strike","floor":13},{"not_picked":["Entrench","Rage"],"picked":"Rampage","floor":14}],"player_experience":1401794,"relics_obtained":[{"floor":8,"key":"The Courier"},{"floor":9,"key":"Omamori"}],"event_choices":[{"damage_healed":0,"gold_gain":75,"player_choice":"Gather Gold","damage_taken":11,"max_hp_gain":0,"max_hp_loss":0,"event_name":"World of Goop","floor":2,"gold_loss":0}],"is_beta":false,"boss_relics":[],"items_purged_floors":[],"is_endless":false,"potions_floor_spawned":[4,7,13],"killed_by":"Hexaghost","ascension_level":20}