{"gold_per_floor":[114,39,39,58,73,98,98,13,39,61,73,73,86,112,112,112],"floor_reached":16,"playtime":1037,"items_purged":[],"score":220,"play_id":"17f9eef1-e762-4697-b8fd-6014b756fdf5","local_time":"20190123221832","is_ascension_mode":true,"campfire_choices":[{"floor":7,"key":"REST"},{"floor":12,"key":"REST"},{"floor":15,"key":"REST"}],"neow_cost":"NONE","seed_source_timestamp":33140685325931,"circlet_count":0,"master_deck":["AscendersBane","Defend_G","Defend_G","Defend_G","Defend_G","Strike_G","Strike_G","Strike_G","Strike_G","Survivor","Neutralize+1","Cloak And Dagger","Terror","Flying Knee","Flying Knee","Corpse Explosion","Caltrops","Escape Plan","Bane","Backflip"],"relics":["Ring of the Snake","Dream Catcher","Potion Belt","Odd Mushroom","Orichalcum"],"potions_floor_usage":[14,16],"damage_taken":[{"damage":7,"enemies":"Small Slimes","floor":1,"turns":5},{"damage":1,"enemies":"2 Louse","floor":4,"turns":3},{"damage":0,"enemies":"Jaw Worm","floor":5,"turns":4},{"damage":41,"enemies":"3 Sentries","floor":6,"turns":16},{"damage":4,"enemies":"The Mushroom Lair","floor":10,"turns":3},{"damage":24,"enemies":"Large Slime","floor":11,"turns":8},{"damage":13,"enemies":"Gremlin Gang","floor":13,"turns":3},{"damage":3,"enemies":"Gremlin Nob","floor":14,"turns":3},{"damage":26,"enemies":"Hexaghost","floor":16,"turns":9}],"seed_played":"6637567421153428043","potions_obtained":[{"floor":4,"key":"SpeedPotion"},{"floor":13,"key":"SkillPotion"}],"is_trial":false,"path_per_floor":["M","?","?","M","M","E","R","$","T","?","M","R","M","E","R","B"],"character_chosen":"THE_SILENT","items_purchased":["Caltrops"],"campfire_rested":3,"item_purchase_floors":[8],"current_hp_per_floor":[52,52,52,51,51,10,29,29,29,25,1,20,7,4,23,0],"gold":112,"neow_bonus":"REMOVE_CARD","is_prod":false,"is_daily":false,"chose_seed":false,"campfire_upgraded":0,"win_rate":0,"timestamp":1548278312,"path_taken":["M","?","?","M","M","E","R","$","T","?","M","R","?","E","R","BOSS"],"build_version":"2019-01-23","purchased_purges":0,"victory":false,"max_hp_per_floor":[66,66,66,66,66,66,66,66,66,66,66,66,66,66,66,66],"card_choices":[{"not_picked":["Acrobatics","Slice"],"picked":"Cloak And Dagger","floor":1},{"not_picked":["Prepared","Deflect"],"picked":"Terror","floor":4},{"not_picked":["PiercingWail","Concentrate"],"picked":"Flying Knee","floor":5},{"not_picked":["Acrobatics","Underhanded Strike"],"picked":"Flying Knee","floor":6},{"not_picked":["Noxious Fumes","Deadly Poison"],"picked":"Corpse Explosion","floor":7},{"not_picked":["Sucker Punch","All Out Attack","Blade Dance"],"picked":"SKIP","floor":11},{"not_picked":["Acrobatics","Tactician"],"picked":"Escape Plan","floor":12},{"not_picked":["Slice","Flying Knee","Concentrate"],"picked":"SKIP","floor":13},{"not_picked":["Unload","Masterful Stab"],"picked":"Bane","floor":14},{"not_picked":["Deflect","Dodge and Roll"],"picked":"Backflip","floor":15}],"player_experience":761482,"relics_obtained":[{"floor":6,"key":"Dream Catcher"},{"floor":9,"key":"Potion Belt"},{"floor":10,"key":"Odd Mushroom"},{"floor":14,"key":"Orichalcum"}],"event_choices":[{"cards_removed":["Defend_G"],"damage_healed":0,"gold_gain":0,"player_choice":"Card Removal","damage_taken":0,"max_hp_gain":0,"max_hp_loss":0,"event_name":"The Cleric","floor":2,"gold_loss":75},{"damage_healed":0,"gold_gain":0,"player_choice":"Grow","damage_taken":0,"max_hp_gain":0,"max_hp_loss":0,"event_name":"Living Wall","floor":3,"gold_loss":0,"cards_upgraded":["Neutralize"]},{"damage_healed":0,"gold_gain":0,"player_choice":"Fought Mushrooms","damage_taken":0,"max_hp_gain":0,"max_hp_loss":0,"event_name":"Mushrooms","floor":10,"gold_loss":0}],"is_beta":false,"boss_relics":[],"items_purged_floors":[],"is_endless":false,"potions_floor_spawned":[4,13],"killed_by":"Hexaghost","ascension_level":20}