{"gold_per_floor":[110,60,24,24,36,36,54,54,78,78,4,35,35,49,49,154,154,172,172,132,151,8,8,39,39,84,116,136,155,155,70,70,175,175,190,201,201,216,226,226,255,267,267,287,304,304,304,330,330,330],"floor_reached":50,"playtime":2730,"items_purged":["Defend_R"],"score":663,"play_id":"9e32ea05-ebf2-49da-88db-9144feea3e5e","local_time":"20190217124934","is_ascension_mode":true,"campfire_choices":[{"data":"Uppercut","floor":6.0,"key":"SMITH"},{"data":"Seeing Red","floor":13.0,"key":"SMITH"},{"data":"Limit Break","floor":15.0,"key":"SMITH"},{"data":"Metallicize","floor":23.0,"key":"SMITH"},{"floor":25.0,"key":"REST"},{"floor":30.0,"key":"REST"},{"data":"Metallicize","floor":32.0,"key":"SMITH"},{"floor":40,"key":"REST"},{"floor":47,"key":"REST"},{"floor":49,"key":"REST"}],"neow_cost":"NONE","seed_source_timestamp":0,"circlet_count":0,"master_deck":["Strike_R+1","Strike_R+1","Strike_R+1","Strike_R","Defend_R","Defend_R","Defend_R","Bash","Metallicize+1","Uppercut+1","Sword Boomerang","Flex","Metallicize+1","Seeing Red+1","Limit Break+1","Feed+1","Fire Breathing+1","Metallicize","Sword Boomerang","Barricade+1","Body Slam+1","Parasite","Headbutt+1","Inflame+1","Intimidate+1","Sword Boomerang+1","Fire Breathing+1"],"special_seed":0,"relics":["Burning Blood","Vajra","Orichalcum","Red Skull","Matryoshka","Sozu","Champion Belt","Whetstone","Happy Flower","Bag of Preparation","Lizard Tail","Blue Candle","Omamori","Paper Frog","Dream Catcher"],"potions_floor_usage":[],"damage_taken":[{"damage":6.0,"enemies":"Small Slimes","floor":1.0,"turns":5.0},{"damage":0.0,"enemies":"Jaw Worm","floor":5.0,"turns":5.0},{"damage":1.0,"enemies":"Cultist","floor":7.0,"turns":3.0},{"damage":3.0,"enemies":"Lagavulin","floor":12.0,"turns":4.0},{"damage":0.0,"enemies":"Exordium Wildlife","floor":14.0,"turns":4.0},{"damage":53.0,"enemies":"Hexaghost","floor":16.0,"turns":11.0},{"damage":10.0,"enemies":"Spheric Guardian","floor":18.0,"turns":4.0},{"damage":2.0,"enemies":"2 Thieves","floor":21.0,"turns":4.0},{"damage":31.0,"enemies":"Slavers","floor":24.0,"turns":4.0},{"damage":34.0,"enemies":"Gremlin Leader","floor":27.0,"turns":7.0},{"damage":11.0,"enemies":"Snake Plant","floor":28.0,"turns":3.0},{"damage":0.0,"enemies":"Snecko","floor":29.0,"turns":3.0},{"damage":15.0,"enemies":"Champ","floor":33.0,"turns":9.0},{"damage":2,"enemies":"Orb Walker","floor":35,"turns":3},{"damage":45,"enemies":"3 Darklings","floor":36,"turns":6},{"damage":30,"enemies":"Writhing Mass","floor":38,"turns":5},{"damage":37,"enemies":"Transient","floor":39,"turns":5},{"damage":40,"enemies":"Giant Head","floor":41,"turns":7},{"damage":0,"enemies":"Maw","floor":42,"turns":5},{"damage":4,"enemies":"Spire Growth","floor":44,"turns":3},{"damage":14,"enemies":"4 Shapes","floor":45,"turns":9},{"damage":96,"enemies":"Awakened One","floor":50,"turns":5}],"seed_played":"-1520507615820980382","potions_obtained":[{"floor":5.0,"key":"Strength Potion"},{"floor":12.0,"key":"Fire Potion"}],"is_trial":false,"path_per_floor":["M","?","$","?","M","R","M","$","T","?","$","E","R","M","R","B",null,"M","?","?","M","$","R","E","R","T","E","M","M","R","?","R","B",null,"M","M","?","M","M","R","E","M","T","M","M","?","R","T","R","B"],"character_chosen":"IRONCLAD","items_purchased":["Uppercut","Metallicize","Metallicize"],"campfire_rested":5,"item_purchase_floors":[3,11,22],"current_hp_per_floor":[80,80,80,85,85,85,85,85,85,85,85,85,85,85,85,38,73,69,53,53,60,60,60,35,62,62,34,33,39,68,68,68,59,88,92,53,53,29,51,80,46,52,52,54,50,50,78,78,96,0],"gold":330,"neow_bonus":"RANDOM_COMMON_RELIC","is_prod":false,"is_daily":false,"chose_seed":false,"campfire_upgraded":5,"win_rate":0,"timestamp":1550422174,"path_taken":["M","?","$","?","M","R","M","?","T","?","$","E","R","M","R","BOSS","M","?","?","M","$","R","E","R","T","E","M","?","R","?","R","BOSS","M","M","?","M","M","R","E","M","T","M","?","?","R","?","R","BOSS"],"build_version":"2019-01-23","purchased_purges":1,"victory":false,"max_hp_per_floor":[80,80,80,85,85,85,85,85,85,85,85,85,85,85,85,85,85,85,90,90,93,93,93,93,93,93,93,97,97,97,97,97,97,97,97,97,97,97,97,97,97,97,97,97,101,96,96,96,96,96],"card_choices":[{"not_picked":["True Grit","Headbutt"],"picked":"Metallicize","floor":1.0},{"not_picked":["Perfected Strike","Iron Wave"],"picked":"Sword Boomerang","floor":5.0},{"not_picked":["Anger","Armaments"],"picked":"Flex","floor":7.0},{"not_picked":["Burning Pact","Dual Wield"],"picked":"Seeing Red","floor":12.0},{"not_picked":["Heavy Blade","Clothesline"],"picked":"Limit Break","floor":14.0},{"not_picked":["Offering","Impervious"],"picked":"Feed","floor":16.0},{"not_picked":["Havoc","Twin Strike"],"picked":"Fire Breathing+1","floor":18.0},{"not_picked":["Armaments","Twin Strike","Clothesline"],"picked":"SKIP","floor":21.0},{"not_picked":["Wild Strike","Carnage","Perfected Strike"],"picked":"SKIP","floor":24.0},{"not_picked":["Thunderclap","Warcry","Shrug It Off"],"picked":"SKIP","floor":27.0},{"not_picked":["Clash","Flame Barrier"],"picked":"Sword Boomerang","floor":28.0},{"not_picked":["Thunderclap","Wild Strike+1","Perfected Strike"],"picked":"SKIP","floor":29.0},{"not_picked":["Juggernaut","Immolate"],"picked":"Barricade","floor":33.0},{"not_picked":["Shrug It Off","Thunderclap","True Grit+1"],"picked":"SKIP","floor":35},{"not_picked":["Shrug It Off","Thunderclap","True Grit+1"],"picked":"SKIP","floor":35},{"not_picked":["Carnage","Havoc"],"picked":"Body Slam+1","floor":36},{"not_picked":["Bloodletting+1","Body Slam+1"],"picked":"Headbutt+1","floor":38},{"not_picked":["Fiend Fire","Havoc+1"],"picked":"Inflame+1","floor":39},{"not_picked":["Armaments","Shrug It Off","Feel No Pain+1"],"picked":"SKIP","floor":41},{"not_picked":["Bloodletting","Rage"],"picked":"Intimidate+1","floor":42},{"not_picked":["Pommel Strike","Burning Pact"],"picked":"Sword Boomerang+1","floor":44},{"not_picked":["Carnage","Perfected Strike+1"],"picked":"Fire Breathing+1","floor":45}],"player_experience":441970,"relics_obtained":[{"floor":9.0,"key":"Orichalcum"},{"floor":12.0,"key":"Matryoshka"},{"floor":24.0,"key":"Champion Belt"},{"floor":26.0,"key":"Whetstone"},{"floor":27.0,"key":"Happy Flower"},{"floor":41,"key":"Blue Candle"},{"floor":43,"key":"Omamori"},{"floor":43,"key":"Paper Frog"},{"floor":48,"key":"Dream Catcher"}],"event_choices":[{"cards_removed":["Strike_R"],"damage_healed":0.0,"max_hp_gain":0.0,"max_hp_loss":0.0,"gold_gain":0.0,"event_name":"The Cleric","player_choice":"Card Removal","floor":2.0,"gold_loss":50.0,"damage_taken":0.0},{"damage_healed":0.0,"max_hp_gain":5.0,"max_hp_loss":0.0,"gold_gain":0.0,"event_name":"Big Fish","player_choice":"Donut","floor":4.0,"gold_loss":0.0,"damage_taken":0.0},{"damage_healed":0.0,"max_hp_gain":0.0,"max_hp_loss":0.0,"gold_gain":0.0,"event_name":"WeMeetAgain","player_choice":"Gave Potion","floor":10.0,"gold_loss":0.0,"damage_taken":0.0,"relics_obtained":["Red Skull"]},{"damage_healed":0.0,"max_hp_gain":5.0,"max_hp_loss":0.0,"gold_gain":0.0,"event_name":"Forgotten Altar","player_choice":"Shed Blood","floor":19.0,"gold_loss":0.0,"damage_taken":21.0},{"damage_healed":0.0,"max_hp_gain":0.0,"max_hp_loss":0.0,"gold_gain":0.0,"event_name":"Designer","player_choice":"Upgraded Two","floor":20.0,"gold_loss":40.0,"damage_taken":0.0,"cards_upgraded":["Strike_R","Strike_R"]},{"damage_healed":0.0,"max_hp_gain":0.0,"max_hp_loss":0.0,"gold_gain":0.0,"event_name":"Addict","player_choice":"Obtained Relic","floor":31.0,"gold_loss":85.0,"damage_taken":0.0,"relics_obtained":["Bag of Preparation"]},{"damage_healed":0,"gold_gain":0,"player_choice":"Forge","damage_taken":0,"max_hp_gain":0,"max_hp_loss":0,"event_name":"Accursed Blacksmith","floor":37,"gold_loss":0,"cards_upgraded":["Barricade"]},{"damage_healed":0,"gold_gain":0,"player_choice":"Max HP","damage_taken":0,"max_hp_gain":0,"max_hp_loss":5,"event_name":"Winding Halls","floor":46,"gold_loss":0}],"is_beta":false,"boss_relics":[{"not_picked":["Eternal Feather","Cursed Key"],"picked":"Sozu"},{"not_picked":["Mark of Pain","Runic Dome"],"picked":"Lizard Tail"}],"items_purged_floors":[22],"is_endless":false,"potions_floor_spawned":[5,12,18,21,27,29,35,39,42],"killed_by":"Awakened One","ascension_level":5}