{"gold_per_floor":[113,28,28,44,44,44,71,88,88,99,134,134,134,162,162,235,235,254,17,17,50,70,70,95,95,95,95,126,47,47,74,74,74],"floor_reached":33,"playtime":1464,"items_purged":["Strike_G"],"score":759,"play_id":"45d6e1ac-2d4e-4f22-b30a-00434e4ec2e7","local_time":"20190207224222","is_ascension_mode":true,"campfire_choices":[{"data":"Poisoned Stab","floor":6,"key":"SMITH"},{"data":"A Thousand Cuts","floor":12,"key":"SMITH"},{"floor":13,"key":"REST"},{"data":"Neutralize","floor":15,"key":"SMITH"},{"data":"After Image","floor":23,"key":"SMITH"},{"floor":25,"key":"REST"},{"data":"Catalyst","floor":32,"key":"SMITH"}],"neow_cost":"NONE","seed_source_timestamp":36594897182603,"circlet_count":0,"master_deck":["AscendersBane","Defend_G+1","Defend_G+1","Defend_G+1","Defend_G+1","Defend_G+1","Survivor","Neutralize+1","Caltrops","Infinite Blades","Poisoned Stab+1","A Thousand Cuts+1","Flying Knee","Cloak And Dagger","After Image+1","Crippling Poison","PiercingWail","Bite","Bite","Bite","Bite","Bite","Noxious Fumes","Catalyst+1"],"relics":["Ring of the Snake","NeowsBlessing","Pantograph","Bronze Scales","WingedGreaves","Mummified Hand","Cursed Key","MutagenicStrength","Red Mask","Bottled Tornado","Lantern","Ancient Tea Set"],"potions_floor_usage":[11,16,21,24],"damage_taken":[{"damage":0,"enemies":"2 Louse","floor":1,"turns":2},{"damage":0,"enemies":"Jaw Worm","floor":4,"turns":1},{"damage":0,"enemies":"3 Sentries","floor":7,"turns":1},{"damage":0,"enemies":"Cultist","floor":8,"turns":5},{"damage":11,"enemies":"Looter","floor":10,"turns":3},{"damage":10,"enemies":"Lagavulin","floor":11,"turns":7},{"damage":22,"enemies":"3 Sentries","floor":14,"turns":5},{"damage":25,"enemies":"Slime Boss","floor":16,"turns":6},{"damage":14,"enemies":"Chosen","floor":18,"turns":4},{"damage":10,"enemies":"Masked Bandits","floor":21,"turns":4},{"damage":0,"enemies":"Spheric Guardian","floor":22,"turns":5},{"damage":22,"enemies":"Book of Stabbing","floor":24,"turns":4},{"damage":14,"enemies":"Slavers","floor":28,"turns":4},{"damage":0,"enemies":"Gremlin Leader","floor":31,"turns":4},{"damage":79,"enemies":"Champ","floor":33,"turns":13}],"seed_played":"1617436352559413074","potions_obtained":[{"floor":1,"key":"Fire Potion"},{"floor":4,"key":"FearPotion"},{"floor":8,"key":"Block Potion"},{"floor":22,"key":"LiquidBronze"},{"floor":31,"key":"LiquidBronze"}],"is_trial":false,"path_per_floor":["M","$","?","M","T","R","E","M","T","M","E","R","R","E","R","B",null,"M","$","?","?","M","R","E","R","T","?","E","$","?","E","R","B"],"character_chosen":"THE_SILENT","items_purchased":["Infinite Blades","Crippling Poison","GhostInAJar","Catalyst"],"campfire_rested":2,"item_purchase_floors":[2,19,19,29],"current_hp_per_floor":[59,59,59,59,59,59,59,59,59,48,38,38,57,35,35,35,58,44,44,44,34,34,34,12,31,31,31,27,27,27,35,35,0],"gold":74,"neow_bonus":"THREE_ENEMY_KILL","is_prod":false,"is_daily":false,"chose_seed":false,"campfire_upgraded":5,"win_rate":0,"timestamp":1549575742,"path_taken":["M","$","?","M","?","R","E","M","T","?","E","R","R","E","R","BOSS","M","$","?","?","M","R","E","R","T","?","E","$","?","E","R","BOSS"],"build_version":"2019-01-23","purchased_purges":1,"victory":false,"max_hp_per_floor":[66,66,66,66,66,66,66,66,66,66,66,66,66,66,66,66,66,66,66,66,66,66,66,66,66,66,46,46,46,46,46,46,46],"card_choices":[{"not_picked":["Bane","Slice"],"picked":"Caltrops","floor":1},{"not_picked":["Flying Knee","Quick Slash"],"picked":"Poisoned Stab","floor":4},{"not_picked":["Backflip","Expertise"],"picked":"A Thousand Cuts","floor":7},{"not_picked":["Underhanded Strike","Setup"],"picked":"Flying Knee","floor":8},{"not_picked":["Quick Slash","Dagger Throw","Tactician"],"picked":"SKIP","floor":10},{"not_picked":["Terror","Calculated Gamble"],"picked":"Cloak And Dagger","floor":11},{"not_picked":["Deadly Poison","Eviscerate","Dagger Spray"],"picked":"SKIP","floor":14},{"not_picked":["Envenom","Venomology"],"picked":"After Image","floor":16},{"not_picked":["Caltrops","Underhanded Strike+1","Acrobatics"],"picked":"SKIP","floor":18},{"not_picked":["Dodge and Roll","Deflect"],"picked":"PiercingWail","floor":22},{"not_picked":["Poisoned Stab","Masterful Stab","Slice"],"picked":"SKIP","floor":24},{"not_picked":["Poisoned Stab","Malaise"],"picked":"Noxious Fumes","floor":28},{"not_picked":["Skewer","Acrobatics","Reflex"],"picked":"SKIP","floor":31}],"player_experience":924577,"relics_obtained":[{"floor":5,"key":"Pantograph"},{"floor":7,"key":"Bronze Scales"},{"floor":11,"key":"WingedGreaves"},{"floor":14,"key":"Mummified Hand"},{"floor":21,"key":"Red Mask"},{"floor":24,"key":"Bottled Tornado"},{"floor":28,"key":"Lantern"},{"floor":31,"key":"Ancient Tea Set"}],"event_choices":[{"damage_healed":0,"gold_gain":0,"player_choice":"Ignored","damage_taken":0,"max_hp_gain":0,"max_hp_loss":0,"event_name":"Liars Game","floor":3,"gold_loss":0},{"damage_healed":0,"gold_gain":0,"player_choice":"Inject Mutagens","damage_taken":0,"relics_obtained":["MutagenicStrength"],"max_hp_gain":0,"max_hp_loss":0,"event_name":"Drug Dealer","floor":20,"gold_loss":0},{"damage_healed":0,"gold_gain":0,"player_choice":"Fought Bandits","damage_taken":0,"max_hp_gain":0,"max_hp_loss":0,"event_name":"Masked Bandits","floor":21,"gold_loss":0},{"damage_healed":0,"gold_gain":0,"player_choice":"Became a vampire","damage_taken":0,"max_hp_gain":0,"max_hp_loss":20,"event_name":"Vampires","floor":27,"gold_loss":0,"cards_obtained":["Bite","Bite","Bite","Bite","Bite"]},{"damage_healed":0,"gold_gain":0,"player_choice":"Simplicity","damage_taken":0,"max_hp_gain":0,"max_hp_loss":0,"event_name":"Back to Basics","floor":30,"gold_loss":0,"cards_upgraded":["Defend_G","Defend_G","Defend_G","Defend_G","Defend_G"]}],"is_beta":false,"boss_relics":[{"not_picked":["White Beast Statue","Runic Dome"],"picked":"Cursed Key"}],"items_purged_floors":[19],"is_endless":false,"potions_floor_spawned":[1,4,8,22,31],"killed_by":"Champ","ascension_level":20}