{"gold_per_floor":[113,131,143,13,13,40,40,75,75,92,102,27,27,37,37,114,114,133,33,52,52,152,185,185,218,268,293,293,305,317,34,34,111,111,125,125,141,141,241,241,268,268,294,294,311,311,311,340,340,340,340,340,340,2,35,35],"floor_reached":57,"playtime":4007,"items_purged":["Strike_R","Berserk","Dual Wield"],"score":2902,"play_id":"e66f041c-de53-4515-b1a8-d4032e3aa0a0","local_time":"20190326000003","is_ascension_mode":true,"campfire_choices":[{"data":"Bludgeon","floor":7,"key":"SMITH"},{"data":"Fiend Fire","floor":13,"key":"SMITH"},{"data":"Feel No Pain","floor":15,"key":"SMITH"},{"data":"Burning Pact","floor":24,"key":"SMITH"},{"floor":28,"key":"REST"},{"data":"Flex","floor":32,"key":"SMITH"},{"data":"Fiend Fire","floor":40,"key":"SMITH"},{"data":"Flame Barrier","floor":42,"key":"SMITH"},{"data":"Rage","floor":44,"key":"SMITH"},{"floor":46,"key":"RECALL"},{"data":"Dark Shackles","floor":49,"key":"SMITH"},{"floor":53,"key":"REST"}],"neow_cost":"PERCENT_DAMAGE","seed_source_timestamp":28203318014299,"circlet_count":0,"master_deck":["AscendersBane","Bash","Iron Wave+1","Hemokinesis","Infernal Blade","Bludgeon+1","Feel No Pain+1","Fiend Fire+1","Burning Pact+1","Fiend Fire+1","Rage+1","Reckless Charge","Dropkick+1","Anger","Havoc+1","Flex+1","Immolate+1","Flame Barrier+1","Offering","Dark Shackles+1","Magnetism","Pommel Strike+1","Clothesline+1","Pommel Strike+1","Feel No Pain","Pommel Strike+1","Feel No Pain+1"],"relics":["Burning Blood","Regal Pillow","Charon\u0027s Ashes","Sundial","Pandora\u0027s Box","Enchiridion","Bird Faced Urn","Bottled Lightning","Matryoshka","Pen Nib","Molten Egg 2","Bottled Flame","Centennial Puzzle","Snecko Eye","Du-Vu Doll","Whetstone","Blood Vial","Vajra","Letter Opener","TheAbacus","Self Forming Clay"],"potions_floor_usage":[3,6,23,23,25,33,39,50],"damage_taken":[{"damage":12,"enemies":"Cultist","floor":1,"turns":4},{"damage":2,"enemies":"2 Louse","floor":2,"turns":4},{"damage":4,"enemies":"Small Slimes","floor":3,"turns":4},{"damage":18,"enemies":"Lagavulin","floor":6,"turns":5},{"damage":11,"enemies":"Gremlin Nob","floor":8,"turns":3},{"damage":0,"enemies":"2 Fungi Beasts","floor":10,"turns":2},{"damage":7,"enemies":"Looter","floor":11,"turns":3},{"damage":0,"enemies":"3 Louse","floor":14,"turns":1},{"damage":3,"enemies":"Slime Boss","floor":16,"turns":5},{"damage":28,"enemies":"Shell Parasite","floor":18,"turns":3},{"damage":0,"enemies":"3 Byrds","floor":20,"turns":3},{"damage":8,"enemies":"Colosseum Slavers","floor":22,"turns":2},{"damage":10,"enemies":"Colosseum Nobs","floor":22,"turns":4},{"damage":9,"enemies":"Slavers","floor":23,"turns":3},{"damage":5,"enemies":"Gremlin Leader","floor":25,"turns":3},{"damage":18,"enemies":"Book of Stabbing","floor":27,"turns":4},{"damage":0,"enemies":"Centurion and Healer","floor":29,"turns":2},{"damage":0,"enemies":"Snake Plant","floor":30,"turns":1},{"damage":62,"enemies":"Automaton","floor":33,"turns":8},{"damage":0,"enemies":"3 Shapes","floor":35,"turns":5},{"damage":28,"enemies":"3 Darklings","floor":37,"turns":6},{"damage":0,"enemies":"Mind Bloom Boss Battle","floor":39,"turns":4},{"damage":6,"enemies":"Reptomancer","floor":41,"turns":2},{"damage":0,"enemies":"Sphere and 2 Shapes","floor":45,"turns":2},{"damage":6,"enemies":"Nemesis","floor":48,"turns":1},{"damage":53,"enemies":"Awakened One","floor":50,"turns":6},{"damage":20,"enemies":"Time Eater","floor":51,"turns":3},{"damage":28,"enemies":"Shield and Spear","floor":55,"turns":3},{"damage":49,"enemies":"The Heart","floor":56,"turns":10}],"seed_played":"839872340394446807","potions_obtained":[{"floor":2,"key":"FearPotion"},{"floor":3,"key":"Explosive Potion"},{"floor":8,"key":"EssenceOfSteel"},{"floor":20,"key":"EssenceOfSteel"},{"floor":23,"key":"AttackPotion"},{"floor":27,"key":"BloodPotion"},{"floor":29,"key":"EssenceOfSteel"},{"floor":37,"key":"Explosive Potion"},{"floor":45,"key":"Block Potion"}],"is_trial":false,"path_per_floor":["M","M","M","$","?","E","R","E","T","M","M","$","R","M","R","B",null,"M","$","M","?","?","E","R","E","T","E","R","M","M","$","R","B",null,"M","?","M","?","?","R","E","R","T","R","M","R","?","E","R","B","B",null,"R","$","E","B",null],"character_chosen":"IRONCLAD","items_purchased":["Bludgeon","Block Potion","Centennial Puzzle","TheAbacus","Feel No Pain","Pommel Strike+1"],"campfire_rested":2,"item_purchase_floors":[4,4,31,54,54,54],"current_hp_per_floor":[44,48,50,50,50,38,38,33,33,39,38,38,38,44,44,47,68,46,46,52,31,25,24,24,29,29,21,58,64,70,70,70,16,60,70,70,51,41,54,54,54,54,54,54,62,62,62,66,66,29,21,59,71,71,51,20],"gold":35,"neow_bonus":"REMOVE_TWO","is_prod":false,"is_daily":false,"chose_seed":false,"campfire_upgraded":9,"win_rate":0,"timestamp":1553554803,"path_taken":["M","M","M","?","?","E","R","E","T","M","?","?","R","M","R","BOSS","M","?","M","?","?","E","R","E","T","E","R","M","M","$","R","BOSS","M","?","M","?","?","R","E","R","T","R","M","R","?","E","R","BOSS","BOSS","R","$","E","BOSS"],"build_version":"2019-01-23","purchased_purges":3,"victory":true,"max_hp_per_floor":[75,75,75,75,75,75,75,75,75,75,75,75,75,75,75,75,75,75,75,75,75,75,75,75,75,75,75,75,75,75,75,75,75,75,75,71,71,71,71,71,71,71,71,71,71,71,71,71,71,71,71,71,71,71,71,71],"card_choices":[{"not_picked":["Infernal Blade","Reckless Charge"],"picked":"Iron Wave","floor":1},{"not_picked":["Metallicize","Headbutt"],"picked":"Hemokinesis","floor":2},{"not_picked":["Perfected Strike","Havoc"],"picked":"Infernal Blade","floor":3},{"not_picked":["Heavy Blade","Rampage"],"picked":"Feel No Pain","floor":6},{"not_picked":["Intimidate","Clothesline"],"picked":"Fiend Fire","floor":8},{"not_picked":["Dropkick","Pommel Strike"],"picked":"Burning Pact","floor":10},{"not_picked":["Carnage","Sever Soul"],"picked":"Ghostly Armor","floor":11},{"not_picked":["Blood for Blood","Clothesline","Pommel Strike"],"picked":"SKIP","floor":14},{"not_picked":["Limit Break","Immolate"],"picked":"Fiend Fire","floor":16},{"not_picked":["Twin Strike","Iron Wave","Thunderclap"],"picked":"SKIP","floor":18},{"not_picked":["Twin Strike","Iron Wave","Thunderclap"],"picked":"SKIP","floor":18},{"not_picked":["Cleave","Sword Boomerang","Pummel"],"picked":"SKIP","floor":20},{"not_picked":["Clothesline","Reaper"],"picked":"Havoc+1","floor":23},{"not_picked":["Sword Boomerang","Carnage","Armaments"],"picked":"SKIP","floor":25},{"not_picked":["Sword Boomerang+1","Second Wind+1"],"picked":"Flex","floor":27},{"not_picked":["Clash+1","Rage"],"picked":"Immolate+1","floor":29},{"not_picked":["Iron Wave+1","Cleave+1"],"picked":"Flame Barrier","floor":30},{"not_picked":["Feed+1","Immolate+1"],"picked":"Offering","floor":33},{"not_picked":["Thunderclap+1","Reckless Charge+1","Ghostly Armor"],"picked":"SKIP","floor":35},{"not_picked":["Carnage+1","Body Slam+1","Cleave+1"],"picked":"SKIP","floor":37},{"not_picked":["Swift Strike+1","Panache"],"picked":"Dark Shackles","floor":38},{"not_picked":["Swift Strike+1","Secret Technique"],"picked":"Magnetism","floor":38},{"not_picked":["Heavy Blade+1","Wild Strike+1"],"picked":"Pommel Strike+1","floor":39},{"not_picked":["Anger+1","Cleave+1"],"picked":"Clothesline+1","floor":41},{"not_picked":["Perfected Strike+1","Body Slam+1"],"picked":"Pommel Strike+1","floor":45},{"not_picked":["Havoc","Sever Soul+1","Battle Trance+1"],"picked":"SKIP","floor":48},{"not_picked":["Cleave+1","Spot Weakness"],"picked":"Feel No Pain+1","floor":55}],"player_experience":1047427,"relics_obtained":[{"floor":6,"key":"Regal Pillow"},{"floor":8,"key":"Charon\u0027s Ashes"},{"floor":9,"key":"Sundial"},{"floor":21,"key":"Enchiridion"},{"floor":22,"key":"Bird Faced Urn"},{"floor":22,"key":"Bottled Lightning"},{"floor":23,"key":"Matryoshka"},{"floor":25,"key":"Pen Nib"},{"floor":26,"key":"Molten Egg 2"},{"floor":27,"key":"Bottled Flame"},{"floor":39,"key":"Du-Vu Doll"},{"floor":41,"key":"Whetstone"},{"floor":43,"key":"Blood Vial"},{"floor":43,"key":"Vajra"},{"floor":48,"key":"Letter Opener"},{"floor":55,"key":"Self Forming Clay"}],"event_choices":[{"damage_healed":0,"gold_gain":0,"cards_transformed":["Strike_R"],"player_choice":"Transformed","damage_taken":0,"max_hp_gain":0,"max_hp_loss":0,"event_name":"Transmorgrifier","floor":5,"gold_loss":0,"cards_obtained":["Berserk"]},{"damage_healed":0,"gold_gain":0,"player_choice":"Obtained Book","damage_taken":21,"max_hp_gain":0,"max_hp_loss":0,"event_name":"Cursed Tome","floor":21,"gold_loss":0},{"damage_healed":0,"gold_gain":0,"player_choice":"Fight","damage_taken":0,"max_hp_gain":0,"max_hp_loss":0,"event_name":"Colosseum","floor":22,"gold_loss":0},{"damage_healed":0,"gold_gain":0,"player_choice":"Fought Nobs","damage_taken":0,"max_hp_gain":0,"max_hp_loss":0,"event_name":"Colosseum","floor":22,"gold_loss":0},{"damage_healed":0,"gold_gain":0,"player_choice":"Max HP","damage_taken":0,"max_hp_gain":0,"max_hp_loss":4,"event_name":"Winding Halls","floor":36,"gold_loss":0},{"damage_healed":0,"gold_gain":0,"player_choice":"Memory 3","damage_taken":10,"max_hp_gain":0,"max_hp_loss":0,"event_name":"SensoryStone","floor":38,"gold_loss":0},{"damage_healed":0,"gold_gain":0,"player_choice":"Fight","damage_taken":0,"max_hp_gain":0,"max_hp_loss":0,"event_name":"MindBloom","floor":39,"gold_loss":0},{"cards_removed":["Ghostly Armor"],"damage_healed":0,"gold_gain":0,"player_choice":"Removed Skill","damage_taken":0,"max_hp_gain":0,"max_hp_loss":0,"event_name":"Falling","floor":47,"gold_loss":0}],"is_beta":false,"boss_relics":[{"not_picked":["Busted Crown","Black Star"],"picked":"Pandora\u0027s Box"},{"not_picked":["Orrery","Runic Dome"],"picked":"Snecko Eye"}],"items_purged_floors":[12,19,31],"is_endless":false,"potions_floor_spawned":[2,3,8,11,16,20,23,27,29,37,45],"ascension_level":20}