{"gold_per_floor":[19,29,48,64,64,64,64,102,181,221,244,258,16,16],"floor_reached":14,"playtime":751,"items_purged":[],"score":204,"play_id":"8b342797-dd63-460d-ae4f-5bf2a136f54a","local_time":"20190326201146","is_ascension_mode":true,"campfire_choices":[{"data":"Chaos","floor":6,"key":"SMITH"}],"neow_cost":"NO_GOLD","seed_source_timestamp":28186309041165,"circlet_count":0,"master_deck":["AscendersBane","Strike_B","Strike_B","Strike_B","Strike_B","Defend_B","Defend_B","Defend_B","Defend_B","Zap+1","Dualcast","Biased Cognition","Lockon","Chaos+1","Reinforced Body","Coolheaded","Defragment","Compile Driver"],"relics":["Cracked Core","Golden Idol","Calipers","Centennial Puzzle","Bag of Preparation"],"potions_floor_usage":[8,11,14],"damage_taken":[{"damage":1,"enemies":"Cultist","floor":1,"turns":4},{"damage":5,"enemies":"Small Slimes","floor":2,"turns":3},{"damage":0,"enemies":"Jaw Worm","floor":3,"turns":3},{"damage":9,"enemies":"Lots of Slimes","floor":4,"turns":7},{"damage":2,"enemies":"Lagavulin","floor":8,"turns":6},{"damage":32,"enemies":"Gremlin Nob","floor":10,"turns":5},{"damage":0,"enemies":"Red Slaver","floor":11,"turns":3},{"damage":12,"enemies":"Gremlin Gang","floor":12,"turns":4},{"damage":12,"enemies":"3 Sentries","floor":14,"turns":2}],"seed_played":"-3771110656182610465","potions_obtained":[{"floor":2,"key":"SteroidPotion"},{"floor":4,"key":"Fire Potion"},{"floor":10,"key":"Energy Potion"},{"floor":11,"key":"LiquidBronze"}],"is_trial":false,"path_per_floor":["M","M","M","M","?","R","?","E","T","E","M","M","$","E"],"character_chosen":"DEFECT","items_purchased":["Bag of Preparation","Regen Potion"],"campfire_rested":0,"item_purchase_floors":[13,13],"current_hp_per_floor":[63,58,58,49,49,49,49,47,47,15,15,3,3,0],"gold":16,"neow_bonus":"THREE_RARE_CARDS","is_prod":false,"is_daily":false,"chose_seed":false,"campfire_upgraded":1,"win_rate":0,"timestamp":1553627506,"path_taken":["M","?","M","M","?","R","?","E","T","E","M","M","$","E"],"build_version":"2019-01-23","purchased_purges":0,"victory":false,"max_hp_per_floor":[71,71,71,71,64,64,64,64,64,64,64,64,64,64],"card_choices":[{"not_picked":["Buffer","All For One"],"picked":"Biased Cognition","floor":0},{"not_picked":["Leap","Streamline"],"picked":"Lockon","floor":1},{"not_picked":["Hello World","Stack"],"picked":"Chaos","floor":2},{"not_picked":["Go for the Eyes","Beam Cell"],"picked":"Reinforced Body","floor":3},{"not_picked":["Consume","Turbo"],"picked":"Coolheaded","floor":4},{"not_picked":["BootSequence","Beam Cell","Go for the Eyes"],"picked":"SKIP","floor":8},{"not_picked":["Beam Cell","Steam Power","Machine Learning"],"picked":"SKIP","floor":10},{"not_picked":["Melter","Compile Driver"],"picked":"Defragment","floor":11},{"not_picked":["Redo","Capacitor"],"picked":"Compile Driver","floor":12}],"player_experience":1051645,"relics_obtained":[{"floor":8,"key":"Calipers"},{"floor":10,"key":"Centennial Puzzle"}],"event_choices":[{"damage_healed":0,"gold_gain":0,"player_choice":"Lose Max HP","damage_taken":0,"relics_obtained":["Golden Idol"],"max_hp_gain":0,"max_hp_loss":7,"event_name":"Golden Idol","floor":5,"gold_loss":0},{"damage_healed":0,"gold_gain":0,"player_choice":"Grow","damage_taken":0,"max_hp_gain":0,"max_hp_loss":0,"event_name":"Living Wall","floor":7,"gold_loss":0,"cards_upgraded":["Zap"]}],"is_beta":false,"boss_relics":[],"items_purged_floors":[],"is_endless":false,"potions_floor_spawned":[2,4,10,11],"killed_by":"3 Sentries","ascension_level":20}