{"gold_per_floor":[112,130,130,130,130,160,160,191,191,191,208,208,22,39,39,110,110,124,141,34,47,65,100,100,130,130,162,162,162,12,28,28,106,106,126,126,145,155,0,0,32,32,56,56,56,74,74,108,108,108,108,108,108,3,35,35],"floor_reached":57,"playtime":3812,"items_purged":["Strike_G","Strike_G","Strike_G","Strike_G"],"score":3202,"play_id":"1812ca7f-77e5-4188-9d4a-57330cb232fa","local_time":"20190415212607","is_ascension_mode":true,"campfire_choices":[{"data":"Neutralize","floor":7,"key":"SMITH"},{"data":"Noxious Fumes","floor":10,"key":"SMITH"},{"data":"Deadly Poison","floor":12,"key":"SMITH"},{"data":"Footwork","floor":15,"key":"SMITH"},{"floor":24,"key":"REST"},{"data":"Noxious Fumes","floor":29,"key":"SMITH"},{"data":"Leg Sweep","floor":32,"key":"SMITH"},{"data":"Wraith Form v2","floor":40,"key":"SMITH"},{"floor":45,"key":"RECALL"},{"data":"PiercingWail","floor":47,"key":"SMITH"},{"data":"PiercingWail","floor":49,"key":"SMITH"},{"data":"Dodge and Roll","floor":53,"key":"SMITH"}],"neow_cost":"NONE","seed_source_timestamp":26868199579213,"circlet_count":0,"master_deck":["AscendersBane","Defend_G","Defend_G+1","Defend_G","Defend_G","Defend_G","Survivor","Neutralize+1","Flying Knee","Noxious Fumes+1","Deadly Poison+1","Footwork+1","PiercingWail+1","Die Die Die","Deflect+1","Noxious Fumes+1","Dodge and Roll+1","PiercingWail+1","Leg Sweep+1","Backflip+1","Ghostly+1","Ghostly+1","Ghostly+1","Dodge and Roll+1","Backflip+1","Deflect+1","Wraith Form v2+1","PiercingWail+1","Doppelganger+1","Caltrops+1","Backflip+1","Footwork+1","Prepared+1","Deadly Poison+1","PiercingWail+1","Bouncing Flask+1"],"relics":["Ring of the Snake","NeowsBlessing","Meat on the Bone","Matryoshka","Smiling Mask","Mercury Hourglass","Runic Pyramid","Pen Nib","Prayer Wheel","War Paint","Mango","Toxic Egg 2","Coffee Dripper","Red Mask","Ninja Scroll","Bag of Preparation","Dead Branch","Darkstone Periapt","Anchor"],"potions_floor_usage":[8,18,25,35],"damage_taken":[{"damage":0,"enemies":"Small Slimes","floor":1,"turns":1},{"damage":0,"enemies":"Jaw Worm","floor":2,"turns":1},{"damage":0,"enemies":"3 Sentries","floor":6,"turns":1},{"damage":19,"enemies":"Gremlin Nob","floor":8,"turns":4},{"damage":0,"enemies":"2 Louse","floor":11,"turns":3},{"damage":5,"enemies":"Gremlin Gang","floor":14,"turns":4},{"damage":4,"enemies":"Hexaghost","floor":16,"turns":8},{"damage":16,"enemies":"2 Thieves","floor":18,"turns":4},{"damage":5,"enemies":"Spheric Guardian","floor":19,"turns":7},{"damage":0,"enemies":"Snake Plant","floor":21,"turns":5},{"damage":12,"enemies":"Shelled Parasite and Fungi","floor":22,"turns":7},{"damage":26,"enemies":"Book of Stabbing","floor":23,"turns":9},{"damage":0,"enemies":"Gremlin Leader","floor":25,"turns":6},{"damage":19,"enemies":"Slavers","floor":27,"turns":5},{"damage":0,"enemies":"Sentry and Sphere","floor":31,"turns":6},{"damage":0,"enemies":"Champ","floor":33,"turns":17},{"damage":0,"enemies":"3 Shapes","floor":35,"turns":4},{"damage":0,"enemies":"3 Darklings","floor":37,"turns":8},{"damage":0,"enemies":"Writhing Mass","floor":38,"turns":8},{"damage":0,"enemies":"Nemesis","floor":41,"turns":15},{"damage":0,"enemies":"Transient","floor":46,"turns":6},{"damage":0,"enemies":"Reptomancer","floor":48,"turns":7},{"damage":4,"enemies":"Time Eater","floor":50,"turns":15},{"damage":12,"enemies":"Awakened One","floor":51,"turns":15},{"damage":0,"enemies":"Shield and Spear","floor":55,"turns":8},{"damage":0,"enemies":"The Heart","floor":56,"turns":12}],"seed_played":"1459824069926115359","potions_obtained":[{"floor":1,"key":"Strength Potion"},{"floor":5,"key":"EssenceOfSteel"},{"floor":11,"key":"GhostInAJar"},{"floor":18,"key":"GhostInAJar"},{"floor":27,"key":"Fruit Juice"},{"floor":35,"key":"Regen Potion"},{"floor":38,"key":"EntropicBrew"}],"is_trial":false,"path_per_floor":["M","M","?","T","?","E","R","E","T","R","M","R","$","M","R","B",null,"M","M","$","M","M","E","R","E","T","E","?","R","$","M","R","B",null,"M","?","M","M","?","R","E","?","T","T","R","M","R","E","R","B","B",null,"R","$","E","B",null],"character_chosen":"THE_SILENT","items_purchased":["Footwork","PiercingWail","Dodge and Roll","Dodge and Roll+1","Backflip+1","PiercingWail+1"],"campfire_rested":1,"item_purchase_floors":[13,13,20,30,30,54],"current_hp_per_floor":[59,59,59,59,59,59,59,40,40,40,40,40,40,35,35,43,60,44,39,39,39,39,25,44,44,58,51,40,40,40,40,40,40,40,45,43,43,43,43,43,43,43,43,43,43,43,43,43,43,39,27,39,39,39,39,39],"gold":35,"neow_bonus":"THREE_ENEMY_KILL","is_prod":false,"is_daily":false,"chose_seed":false,"campfire_upgraded":10,"win_rate":0,"timestamp":1555356367,"path_taken":["M","M","?","?","?","E","R","E","T","R","M","R","$","M","R","BOSS","M","?","$","M","M","E","R","E","T","E","?","R","$","M","R","BOSS","M","?","M","M","?","R","E","?","T","?","R","M","R","E","R","BOSS","BOSS","R","$","E","BOSS"],"build_version":"2019-01-23","purchased_purges":4,"victory":true,"max_hp_per_floor":[66,66,66,66,66,66,66,66,66,66,66,66,66,66,66,66,66,66,66,66,66,66,66,66,66,80,80,40,40,40,40,40,40,40,45,43,43,43,43,43,43,43,43,43,43,43,43,43,43,43,43,43,43,43,43,43],"card_choices":[{"not_picked":["Infinite Blades","Heel Hook"],"picked":"Flying Knee","floor":1},{"not_picked":["Blade Dance","Slice"],"picked":"Dagger Throw","floor":2},{"not_picked":["Bane","Blade Dance"],"picked":"Noxious Fumes","floor":6},{"not_picked":["Outmaneuver","Storm of Steel","Slice"],"picked":"SKIP","floor":8},{"not_picked":["Dagger Throw","Bane"],"picked":"Deadly Poison","floor":11},{"not_picked":["Flying Knee","Bane","Cloak And Dagger"],"picked":"SKIP","floor":14},{"not_picked":["Grand Finale","Burst"],"picked":"Die Die Die","floor":16},{"not_picked":["Outmaneuver","Finisher"],"picked":"Deflect","floor":18},{"not_picked":["Outmaneuver+1","Backstab"],"picked":"Noxious Fumes","floor":19},{"not_picked":["Sucker Punch","Flying Knee","Dagger Spray"],"picked":"SKIP","floor":21},{"not_picked":["Sucker Punch","Flying Knee","Dagger Spray"],"picked":"SKIP","floor":21},{"not_picked":["Accuracy","Riddle With Holes"],"picked":"PiercingWail","floor":22},{"not_picked":["Deadly Poison+1","Wraith Form v2"],"picked":"Leg Sweep","floor":23},{"not_picked":["Underhanded Strike","Poisoned Stab","Finisher"],"picked":"SKIP","floor":25},{"not_picked":["Underhanded Strike","Dagger Spray"],"picked":"Backflip","floor":27},{"not_picked":["Eviscerate","Backflip+1"],"picked":"Deflect+1","floor":31},{"not_picked":["Eviscerate","Flying Knee","Bane"],"picked":"SKIP","floor":31},{"not_picked":["Burst+1","After Image"],"picked":"Wraith Form v2","floor":33},{"not_picked":["Finisher","Quick Slash"],"picked":"PiercingWail+1","floor":35},{"not_picked":["Outmaneuver+1","Blade Dance+1","Dagger Spray"],"picked":"SKIP","floor":35},{"not_picked":["Terror+1","Underhanded Strike"],"picked":"Doppelganger+1","floor":37},{"not_picked":["Terror+1","Concentrate+1"],"picked":"Caltrops+1","floor":37},{"not_picked":["All Out Attack","Outmaneuver+1"],"picked":"Backflip+1","floor":38},{"not_picked":["Blade Dance+1","Dash","Quick Slash"],"picked":"SKIP","floor":38},{"not_picked":["Bane","Backflip+1"],"picked":"Footwork+1","floor":41},{"not_picked":["Outmaneuver+1","Quick Slash"],"picked":"Prepared+1","floor":46},{"not_picked":["Predator","Masterful Stab","Finisher+1"],"picked":"SKIP","floor":46},{"not_picked":["Well Laid Plans+1","Die Die Die"],"picked":"Deadly Poison+1","floor":48},{"not_picked":["Heel Hook","Eviscerate+1"],"picked":"Bouncing Flask+1","floor":55}],"player_experience":1138925,"relics_obtained":[{"floor":4,"key":"Meat on the Bone"},{"floor":6,"key":"Matryoshka"},{"floor":8,"key":"Smiling Mask"},{"floor":9,"key":"Mercury Hourglass"},{"floor":23,"key":"Pen Nib"},{"floor":25,"key":"Prayer Wheel"},{"floor":26,"key":"War Paint"},{"floor":26,"key":"Mango"},{"floor":27,"key":"Toxic Egg 2"},{"floor":41,"key":"Ninja Scroll"},{"floor":43,"key":"Bag of Preparation"},{"floor":44,"key":"Dead Branch"},{"floor":48,"key":"Darkstone Periapt"},{"floor":55,"key":"Anchor"}],"event_choices":[{"cards_removed":["Strike_G"],"damage_healed":0,"gold_gain":0,"player_choice":"Forget","damage_taken":0,"max_hp_gain":0,"max_hp_loss":0,"event_name":"Living Wall","floor":3,"gold_loss":0},{"damage_healed":0,"gold_gain":0,"player_choice":"Got Potions","damage_taken":0,"max_hp_gain":0,"max_hp_loss":0,"event_name":"Lab","floor":5,"gold_loss":0},{"damage_healed":0,"gold_gain":0,"player_choice":"Became a Ghost","damage_taken":0,"max_hp_gain":0,"max_hp_loss":40,"event_name":"Ghosts","floor":28,"gold_loss":0,"cards_obtained":["Ghostly","Ghostly","Ghostly"]},{"damage_healed":0,"gold_gain":0,"player_choice":"Max HP","damage_taken":0,"max_hp_gain":0,"max_hp_loss":2,"event_name":"Winding Halls","floor":36,"gold_loss":0},{"damage_healed":0,"gold_gain":0,"player_choice":"Paid","damage_taken":0,"relics_obtained":["Red Mask"],"max_hp_gain":0,"max_hp_loss":0,"event_name":"Tomb of Lord Red Mask","floor":39,"gold_loss":155},{"cards_removed":["Dagger Throw"],"damage_healed":0,"gold_gain":0,"player_choice":"Removed Attack","damage_taken":0,"max_hp_gain":0,"max_hp_loss":0,"event_name":"Falling","floor":42,"gold_loss":0}],"is_beta":false,"boss_relics":[{"not_picked":["Sozu","Black Star"],"picked":"Runic Pyramid"},{"not_picked":["Calling Bell","Runic Dome"],"picked":"Coffee Dripper"}],"items_purged_floors":[13,20,30,54],"is_endless":false,"potions_floor_spawned":[1,11,18,19,27,35,38,41],"ascension_level":20}