{"gold_per_floor":[109,109,109,109,132,132,166,191,215,254,254],"floor_reached":11,"playtime":376,"items_purged":[],"score":134,"play_id":"b53bcdf7-ad53-4e7e-9168-6cefefecd4a1","local_time":"20190506164410","is_ascension_mode":true,"campfire_choices":[{"data":"Combust","floor":6,"key":"SMITH"}],"neow_cost":"TEN_PERCENT_HP_LOSS","seed_source_timestamp":1562780314830395,"circlet_count":0,"master_deck":["AscendersBane","Strike_R","Strike_R","Strike_R","Strike_R","Strike_R","Defend_R","Defend_R","Defend_R","Defend_R","Bash","Feed","Evolve","Combust+1","Ghostly Armor"],"relics":["Burning Blood","Golden Idol","Smiling Mask","PreservedInsect","The Courier"],"potions_floor_usage":[7,10],"damage_taken":[{"damage":1,"enemies":"Cultist","floor":1,"turns":3},{"damage":9,"enemies":"Jaw Worm","floor":5,"turns":4},{"damage":29,"enemies":"3 Sentries","floor":7,"turns":6},{"damage":10,"enemies":"Small Slimes","floor":8,"turns":4},{"damage":31,"enemies":"Lagavulin","floor":10,"turns":8},{"damage":31,"enemies":"Exordium Thugs","floor":11,"turns":5}],"seed_played":"4230429108005177258","potions_obtained":[{"floor":1,"key":"LiquidBronze"},{"floor":5,"key":"Ancient Potion"}],"is_trial":false,"path_per_floor":["M","?","?","?","M","R","E","M","T","E","M"],"character_chosen":"IRONCLAD","items_purchased":[],"campfire_rested":0,"item_purchase_floors":[],"current_hp_per_floor":[75,57,62,62,62,62,42,38,38,16,0],"gold":254,"neow_bonus":"THREE_RARE_CARDS","is_prod":false,"is_daily":false,"chose_seed":false,"campfire_upgraded":1,"win_rate":0,"timestamp":1557171850,"path_taken":["M","?","?","?","M","R","E","?","T","E","M"],"build_version":"2019-01-23","purchased_purges":0,"victory":false,"max_hp_per_floor":[75,75,80,80,83,83,86,86,86,89,92],"card_choices":[{"not_picked":["Reaper","Fiend Fire"],"picked":"Feed","floor":0},{"not_picked":["Spot Weakness","Fire Breathing"],"picked":"Evolve","floor":1},{"not_picked":["Reckless Charge","Headbutt"],"picked":"Combust","floor":5},{"not_picked":["Fiend Fire","Wild Strike","Twin Strike"],"picked":"SKIP","floor":7},{"not_picked":["Seeing Red","Warcry","Flex"],"picked":"SKIP","floor":8},{"not_picked":["Sword Boomerang","Brutality"],"picked":"Ghostly Armor","floor":10}],"player_experience":709711,"relics_obtained":[{"floor":7,"key":"Smiling Mask"},{"floor":9,"key":"PreservedInsect"},{"floor":10,"key":"The Courier"}],"event_choices":[{"damage_healed":0,"gold_gain":0,"player_choice":"Take Damage","damage_taken":18,"relics_obtained":["Golden Idol"],"max_hp_gain":0,"max_hp_loss":0,"event_name":"Golden Idol","floor":2,"gold_loss":0},{"damage_healed":0,"gold_gain":0,"player_choice":"Donut","damage_taken":0,"max_hp_gain":5,"max_hp_loss":0,"event_name":"Big Fish","floor":3,"gold_loss":0},{"damage_healed":0,"gold_gain":0,"player_choice":"Ignored","damage_taken":0,"max_hp_gain":0,"max_hp_loss":0,"event_name":"Liars Game","floor":4,"gold_loss":0}],"is_beta":false,"boss_relics":[],"items_purged_floors":[],"is_endless":false,"potions_floor_spawned":[1,5],"killed_by":"Exordium Thugs","ascension_level":13}