{"gold_per_floor":[112,187,199,210,210,210,246,279,279,299,329,353,353,374,374,498,498,521,521,541,237,237,255,279,299,323,339,339,339,368,385,385,480,480,492,511,528,288,288,288,300,318,341,341,360,360,9,28,28,28,28,28,28,60,60],"floor_reached":55,"playtime":3127,"items_purged":["Defend_R"],"score":670,"play_id":"03e9308e-a7c9-4f47-8425-db4753767960","local_time":"20190330162338","is_ascension_mode":false,"campfire_choices":[{"floor":6,"key":"REST"},{"floor":15,"key":"REST"},{"floor":29,"key":"REST"},{"floor":32,"key":"RECALL"},{"data":"Uppercut","floor":40,"key":"SMITH"},{"floor":44,"key":"REST"},{"floor":46,"key":"REST"},{"floor":49,"key":"REST"},{"data":"Limit Break","floor":52,"key":"SMITH"}],"neow_cost":"NONE","seed_source_timestamp":538571067905733,"circlet_count":0,"master_deck":["Strike_R","Strike_R","Strike_R","Strike_R","Defend_R","Defend_R","Defend_R+1","Bash","Uppercut+1","Dropkick+1","Bludgeon","Inflame","Demon Form","Heavy Blade+1","Rage","Double Tap+1","Seeing Red+1","Pummel","Armaments+1","Limit Break+1","Juggernaut","Warcry+1","Pummel","Sword Boomerang+1","Pommel Strike","Shrug It Off","Battle Trance","Sword Boomerang","True Grit+1"],"relics":["Burning Blood","Oddly Smooth Stone","Odd Mushroom","Matryoshka","Smiling Mask","Ornamental Fan","Centennial Puzzle","Snecko Eye","Champion Belt","Bronze Scales","Dream Catcher","Nloth\u0027s Gift","Art of War","Lizard Tail","War Paint","Whetstone","Pantograph","Anchor"],"potions_floor_usage":[7,8,12,12,20,25,27,30,30,30,30,30,37,45,48],"damage_taken":[{"damage":8,"enemies":"Small Slimes","floor":1,"turns":5},{"damage":2,"enemies":"Jaw Worm","floor":3,"turns":4},{"damage":0,"enemies":"2 Louse","floor":4,"turns":3},{"damage":22,"enemies":"The Mushroom Lair","floor":7,"turns":5},{"damage":60,"enemies":"3 Sentries","floor":8,"turns":11},{"damage":2,"enemies":"Exordium Wildlife","floor":10,"turns":3},{"damage":0,"enemies":"3 Louse","floor":12,"turns":4},{"damage":0,"enemies":"2 Fungi Beasts","floor":14,"turns":4},{"damage":18,"enemies":"Slime Boss","floor":16,"turns":11},{"damage":30,"enemies":"2 Thieves","floor":18,"turns":4},{"damage":31,"enemies":"3 Byrds","floor":20,"turns":5},{"damage":5,"enemies":"Shelled Parasite and Fungi","floor":23,"turns":3},{"damage":0,"enemies":"Cultist and Chosen","floor":24,"turns":3},{"damage":3,"enemies":"Snake Plant","floor":25,"turns":3},{"damage":0,"enemies":"Centurion and Healer","floor":27,"turns":3},{"damage":18,"enemies":"Slavers","floor":30,"turns":4},{"damage":0,"enemies":"Sentry and Sphere","floor":31,"turns":3},{"damage":27,"enemies":"Champ","floor":33,"turns":6},{"damage":32,"enemies":"3 Darklings","floor":35,"turns":4},{"damage":10,"enemies":"3 Shapes","floor":36,"turns":3},{"damage":9,"enemies":"Maw","floor":37,"turns":5},{"damage":18,"enemies":"Sphere and 2 Shapes","floor":41,"turns":2},{"damage":20,"enemies":"3 Darklings","floor":42,"turns":3},{"damage":43,"enemies":"Spire Growth","floor":45,"turns":4},{"damage":0,"enemies":"4 Shapes","floor":48,"turns":7},{"damage":121,"enemies":"Awakened One","floor":50,"turns":8},{"damage":57,"enemies":"Shield and Spear","floor":54,"turns":5},{"damage":56,"enemies":"The Heart","floor":55,"turns":3}],"seed_played":"-2129632603419072886","potions_obtained":[{"floor":3,"key":"Explosive Potion"},{"floor":7,"key":"Swift Potion"},{"floor":8,"key":"SpeedPotion"},{"floor":10,"key":"EssenceOfSteel"},{"floor":18,"key":"PowerPotion"},{"floor":24,"key":"EntropicBrew"},{"floor":25,"key":"PowerPotion"},{"floor":35,"key":"SteroidPotion"},{"floor":45,"key":"Dexterity Potion"}],"is_trial":false,"path_per_floor":["M","?","M","M","?","R","?","E","T","M","?","M","?","M","R","B",null,"M","?","M","$","?","M","M","M","T","M","?","R","E","M","R","B",null,"M","M","M","$","?","R","M","M","T","R","M","R","$","M","R","B",null,"R","$","E","B"],"character_chosen":"IRONCLAD","items_purchased":["Champion Belt","War Paint","Pummel","Strength Potion","Pantograph","Shrug It Off"],"campfire_rested":6,"item_purchase_floors":[21,38,38,38,47,47],"current_hp_per_floor":[78,67,71,77,57,80,64,10,10,14,14,20,20,26,50,38,80,56,56,31,31,31,32,38,41,41,47,47,71,59,65,65,44,80,54,50,47,47,47,47,35,21,21,45,8,32,32,38,62,16,80,80,80,29,0],"gold":60,"neow_bonus":"RANDOM_COMMON_RELIC","is_prod":false,"is_daily":false,"chose_seed":false,"campfire_upgraded":2,"win_rate":0,"timestamp":1553973818,"path_taken":["M","?","M","M","?","R","?","E","T","?","?","M","?","?","R","BOSS","M","?","M","$","?","M","M","?","T","M","?","R","E","M","R","BOSS","M","M","?","$","?","R","M","M","T","R","M","R","?","M","R","BOSS","R","$","E","BOSS"],"build_version":"2019-01-23","purchased_purges":1,"victory":false,"max_hp_per_floor":[80,80,80,80,80,80,80,80,80,80,80,80,80,80,80,80,80,80,80,80,80,80,80,80,80,80,80,80,80,80,80,80,80,80,80,80,80,80,80,80,80,80,80,80,80,80,80,80,80,80,80,80,80,80,80],"card_choices":[{"not_picked":["Wild Strike","Havoc","True Grit"],"picked":"SKIP","floor":1},{"not_picked":["Feel No Pain","Combust"],"picked":"Uppercut","floor":3},{"not_picked":["Searing Blow","Shrug It Off","Wild Strike"],"picked":"SKIP","floor":4},{"not_picked":["Seeing Red","Rupture"],"picked":"Dropkick","floor":7},{"not_picked":["Armaments","Shrug It Off","Berserk"],"picked":"SKIP","floor":8},{"not_picked":["Headbutt","Shrug It Off","Pommel Strike"],"picked":"SKIP","floor":10},{"not_picked":["Bludgeon","Thunderclap","Warcry"],"picked":"SKIP","floor":12},{"not_picked":["Thunderclap","Warcry"],"picked":"Bludgeon","floor":12},{"not_picked":["Armaments","Body Slam"],"picked":"Inflame","floor":14},{"not_picked":["Immolate","Fiend Fire"],"picked":"Demon Form","floor":16},{"not_picked":["Havoc+1","Sword Boomerang"],"picked":"Heavy Blade","floor":18},{"not_picked":["Sever Soul","Thunderclap+1"],"picked":"Disarm","floor":20},{"not_picked":["Iron Wave","Corruption","Body Slam"],"picked":"SKIP","floor":23},{"not_picked":["Shockwave","Corruption"],"picked":"Rage","floor":24},{"not_picked":["Heavy Blade","Shrug It Off","Twin Strike"],"picked":"SKIP","floor":25},{"not_picked":["Power Through+1","Sword Boomerang"],"picked":"Double Tap","floor":27},{"not_picked":["Hemokinesis","Cleave"],"picked":"Seeing Red+1","floor":29},{"not_picked":["Bloodletting","Pummel","Twin Strike"],"picked":"SKIP","floor":30},{"not_picked":["Bloodletting","Twin Strike"],"picked":"Pummel","floor":30},{"not_picked":["Warcry","True Grit+1"],"picked":"Armaments+1","floor":31},{"not_picked":["Dark Embrace","Berserk"],"picked":"Limit Break","floor":33},{"not_picked":["Juggernaut","Rupture+1","Armaments"],"picked":"SKIP","floor":35},{"not_picked":["Rupture+1","Armaments"],"picked":"Juggernaut","floor":35},{"not_picked":["Perfected Strike+1","Twin Strike+1","Wild Strike"],"picked":"SKIP","floor":36},{"not_picked":["Havoc","Shrug It Off"],"picked":"Warcry+1","floor":37},{"not_picked":["Clothesline","Reaper","Flex"],"picked":"SKIP","floor":41},{"not_picked":["Heavy Blade","Demon Form","Clash+1"],"picked":"SKIP","floor":42},{"not_picked":["Uppercut","Havoc"],"picked":"Sword Boomerang+1","floor":44},{"not_picked":["Inflame","Hemokinesis"],"picked":"Pommel Strike","floor":45},{"not_picked":["Twin Strike+1","Flex"],"picked":"Battle Trance","floor":48},{"not_picked":["Body Slam","Flex+1"],"picked":"Sword Boomerang","floor":49},{"not_picked":["Fiend Fire","Havoc+1"],"picked":"True Grit+1","floor":54}],"player_experience":556228,"relics_obtained":[{"floor":7,"key":"Odd Mushroom"},{"floor":8,"key":"Matryoshka"},{"floor":9,"key":"Smiling Mask"},{"floor":9,"key":"Ornamental Fan"},{"floor":26,"key":"Dream Catcher"},{"floor":30,"key":"Art of War"},{"floor":43,"key":"Whetstone"},{"floor":54,"key":"Anchor"}],"event_choices":[{"damage_healed":0,"gold_gain":75,"player_choice":"Gather Gold","damage_taken":11,"max_hp_gain":0,"max_hp_loss":0,"event_name":"World of Goop","floor":2,"gold_loss":0},{"damage_healed":0,"gold_gain":0,"player_choice":"Take Damage","damage_taken":20,"relics_obtained":["Golden Idol"],"max_hp_gain":0,"max_hp_loss":0,"event_name":"Golden Idol","floor":5,"gold_loss":0},{"damage_healed":0,"gold_gain":0,"player_choice":"Fought Mushrooms","damage_taken":0,"max_hp_gain":0,"max_hp_loss":0,"event_name":"Mushrooms","floor":7,"gold_loss":0},{"damage_healed":0,"gold_gain":30,"player_choice":"Searched \u00272\u0027 times","damage_taken":0,"relics_obtained":["Centennial Puzzle"],"max_hp_gain":0,"max_hp_loss":0,"event_name":"Dead Adventurer","floor":11,"gold_loss":0},{"cards_removed":["Strike_R"],"damage_healed":0,"gold_gain":0,"player_choice":"Offered Basic","damage_taken":0,"max_hp_gain":0,"max_hp_loss":0,"event_name":"Bonfire Elementals","floor":13,"gold_loss":0},{"damage_healed":0,"gold_gain":0,"player_choice":"Ignored","damage_taken":0,"max_hp_gain":0,"max_hp_loss":0,"event_name":"Ghosts","floor":19,"gold_loss":0},{"cards_removed":["Disarm"],"damage_healed":0,"gold_gain":0,"player_choice":"Gave Card","damage_taken":0,"relics_obtained":["Bronze Scales"],"max_hp_gain":0,"max_hp_loss":0,"event_name":"WeMeetAgain","floor":22,"gold_loss":0},{"damage_healed":0,"gold_gain":0,"player_choice":"Traded Relic","damage_taken":0,"relics_obtained":["Nloth\u0027s Gift"],"max_hp_gain":0,"max_hp_loss":0,"event_name":"N\u0027loth","floor":28,"relics_lost":["Golden Idol"],"gold_loss":0},{"damage_healed":0,"gold_gain":0,"player_choice":"Ignored","damage_taken":0,"max_hp_gain":0,"max_hp_loss":0,"event_name":"Transmorgrifier","floor":39,"gold_loss":0}],"is_beta":false,"boss_relics":[{"not_picked":["Black Blood","Black Star"],"picked":"Snecko Eye"},{"not_picked":["Runic Pyramid","Calling Bell"],"picked":"Lizard Tail"}],"items_purged_floors":[47],"is_endless":false,"potions_floor_spawned":[3,7,8,10,18,24,25,35,45],"killed_by":"The Heart","ascension_level":0}