{"gold_per_floor":[213,69,144,164,20,47,47,47,74,106,106,31,47,88,88,213,213,226,210,235,235,235],"floor_reached":22,"playtime":1078,"items_purged":["Injury"],"score":253,"play_id":"16d951ab-9b4e-4088-ac4d-2ed04fc8e524","local_time":"20190131133159","is_ascension_mode":true,"campfire_choices":[{"data":"Bash","floor":7,"key":"SMITH"},{"floor":15,"key":"REST"}],"neow_cost":"NONE","seed_source_timestamp":872055535191358,"circlet_count":0,"master_deck":["Strike_R","Strike_R+1","Strike_R","Strike_R+1","Strike_R","Defend_R","Defend_R","Defend_R","Defend_R","Bash+1","Inflame","Rage","Demon Form","Seeing Red","Reaper","Dropkick","Fire Breathing","Heavy Blade+1"],"relics":["Burning Blood","Boot","Anchor","Happy Flower","Shuriken","Art of War","Whetstone","Golden Idol","Mummified Hand","Eternal Feather"],"potions_floor_usage":[6,14,18,20,22],"damage_taken":[{"damage":4,"enemies":"Small Slimes","floor":1,"turns":4},{"damage":9,"enemies":"Jaw Worm","floor":4,"turns":3},{"damage":29,"enemies":"Gremlin Nob","floor":6,"turns":4},{"damage":16,"enemies":"Lagavulin","floor":10,"turns":5},{"damage":0,"enemies":"Cultist","floor":13,"turns":3},{"damage":25,"enemies":"3 Sentries","floor":14,"turns":7},{"damage":32,"enemies":"Hexaghost","floor":16,"turns":9},{"damage":26,"enemies":"Shell Parasite","floor":18,"turns":6},{"damage":24,"enemies":"2 Thieves","floor":19,"turns":4},{"damage":24,"enemies":"Shelled Parasite and Fungi","floor":20,"turns":6},{"damage":47,"enemies":"Chosen and Byrds","floor":22,"turns":6}],"seed_played":"2060074877752355987","potions_obtained":[{"floor":1,"key":"SteroidPotion"},{"floor":13,"key":"Swift Potion"},{"floor":16,"key":"EssenceOfSteel"},{"floor":19,"key":"Block Potion"},{"floor":20,"key":"Strength Potion"}],"is_trial":false,"path_per_floor":["M","$","?","M","$","E","R","T","T","E","?","$","M","E","R","B",null,"M","M","M","?","M"],"character_chosen":"IRONCLAD","items_purchased":["Boot","Anchor"],"campfire_rested":1,"item_purchase_floors":[2,5],"current_hp_per_floor":[80,80,69,66,66,43,43,43,43,33,33,33,39,20,44,18,65,63,60,42,42,0],"gold":235,"neow_bonus":"HUNDRED_GOLD","is_prod":false,"is_daily":false,"chose_seed":false,"campfire_upgraded":1,"win_rate":0,"timestamp":1548955919,"path_taken":["M","$","?","M","$","E","R","?","T","E","?","?","M","E","R","BOSS","M","M","?","?","M"],"build_version":"2019-01-23","purchased_purges":1,"victory":false,"max_hp_per_floor":[80,80,80,80,80,80,80,80,80,80,80,80,80,80,80,80,80,80,80,80,80,80],"card_choices":[{"not_picked":["Sword Boomerang","Body Slam"],"picked":"Inflame","floor":1},{"not_picked":["Fire Breathing","Iron Wave"],"picked":"Rage","floor":4},{"not_picked":["Disarm","Iron Wave","Warcry"],"picked":"SKIP","floor":6},{"not_picked":["Armaments","Body Slam"],"picked":"Demon Form","floor":10},{"not_picked":["Rampage","Iron Wave","Blood for Blood"],"picked":"SKIP","floor":13},{"not_picked":["Offering","Uppercut"],"picked":"Seeing Red","floor":14},{"not_picked":["Fiend Fire","Brutality"],"picked":"Reaper","floor":16},{"not_picked":["Shrug It Off","Searing Blow+1"],"picked":"Dropkick","floor":18},{"not_picked":["Cleave","Sword Boomerang"],"picked":"Fire Breathing","floor":19},{"not_picked":["Rage","Sword Boomerang"],"picked":"Heavy Blade+1","floor":20}],"player_experience":371442,"relics_obtained":[{"floor":6,"key":"Happy Flower"},{"floor":8,"key":"Shuriken"},{"floor":9,"key":"Art of War"},{"floor":10,"key":"Whetstone"},{"floor":14,"key":"Mummified Hand"}],"event_choices":[{"damage_healed":0,"gold_gain":75,"player_choice":"Gather Gold","damage_taken":11,"max_hp_gain":0,"max_hp_loss":0,"event_name":"World of Goop","floor":3,"gold_loss":0},{"damage_healed":0,"gold_gain":0,"player_choice":"Take Wound","damage_taken":0,"relics_obtained":["Golden Idol"],"max_hp_gain":0,"max_hp_loss":0,"event_name":"Golden Idol","floor":11,"gold_loss":0,"cards_obtained":["Injury"]},{"damage_healed":0,"gold_gain":0,"player_choice":"Ignored","damage_taken":0,"max_hp_gain":0,"max_hp_loss":0,"event_name":"Cursed Tome","floor":21,"gold_loss":0}],"is_beta":false,"boss_relics":[{"not_picked":["Cursed Key","Philosopher\u0027s Stone"],"picked":"Eternal Feather"}],"items_purged_floors":[12],"is_endless":false,"potions_floor_spawned":[1,13,16,19,20],"killed_by":"Chosen and Byrds","ascension_level":5}