{"gold_per_floor":[117,136,69,69,85,85,112,82,153,153,253,263,263],"floor_reached":13,"playtime":655,"items_purged":[],"score":116,"play_id":"4ba10995-f13a-470e-a449-541f2940173a","local_time":"20190608193917","is_ascension_mode":true,"campfire_choices":[{"data":"Fusion","floor":6,"key":"SMITH"},{"floor":10,"key":"REST"}],"neow_cost":"NONE","seed_source_timestamp":1857474035257914,"circlet_count":0,"master_deck":["Strike_B","Strike_B","Strike_B","Strike_B","Defend_B","Defend_B","Defend_B","Defend_B","Zap","Dualcast","Fusion+1","Coolheaded","Capacitor","Pain","Beam Cell","Echo Form","Glacier","Ball Lightning"],"relics":["Cracked Core","NeowsBlessing","WarpedTongs","Pen Nib","Sundial"],"potions_floor_usage":[8,13],"damage_taken":[{"damage":0,"enemies":"2 Louse","floor":1,"turns":1},{"damage":0,"enemies":"Cultist","floor":2,"turns":1},{"damage":1,"enemies":"Small Slimes","floor":5,"turns":1},{"damage":44,"enemies":"3 Sentries","floor":7,"turns":12},{"damage":9,"enemies":"Looter","floor":8,"turns":4},{"damage":30,"enemies":"Exordium Thugs","floor":12,"turns":9},{"damage":10,"enemies":"2 Fungi Beasts","floor":13,"turns":2}],"seed_played":"3272940828184258444","potions_obtained":[{"floor":7,"key":"SkillPotion"},{"floor":12,"key":"Fire Potion"}],"is_trial":false,"path_per_floor":["M","M","$","?","M","R","E","M","T","R","?","M","M"],"character_chosen":"DEFECT","items_purchased":["Capacitor"],"campfire_rested":1,"item_purchase_floors":[3],"current_hp_per_floor":[68,68,68,68,67,67,23,14,14,36,36,6,0],"gold":263,"neow_bonus":"THREE_ENEMY_KILL","is_prod":false,"is_daily":false,"chose_seed":false,"campfire_upgraded":1,"win_rate":0,"timestamp":1560033557,"path_taken":["M","M","$","?","M","R","E","?","T","R","?","M","M"],"build_version":"2019-01-23","purchased_purges":0,"victory":false,"max_hp_per_floor":[75,75,75,75,75,75,75,75,75,75,75,75,75],"card_choices":[{"not_picked":["Go for the Eyes","Coolheaded"],"picked":"Fusion","floor":1},{"not_picked":["Rebound","Go for the Eyes"],"picked":"Coolheaded","floor":2},{"not_picked":["Scrape","Streamline"],"picked":"Beam Cell","floor":5},{"not_picked":["Steam","Leap"],"picked":"Echo Form","floor":7},{"not_picked":["Stack","Doom and Gloom"],"picked":"Glacier","floor":8},{"not_picked":["Consume","Force Field"],"picked":"Ball Lightning","floor":12}],"player_experience":948039,"relics_obtained":[{"floor":7,"key":"Pen Nib"},{"floor":9,"key":"Sundial"}],"event_choices":[{"damage_healed":0,"gold_gain":0,"player_choice":"Rummage","damage_taken":0,"relics_obtained":["WarpedTongs"],"max_hp_gain":0,"max_hp_loss":0,"event_name":"Accursed Blacksmith","floor":4,"gold_loss":0,"cards_obtained":["Pain"]},{"damage_healed":0,"gold_gain":100,"player_choice":"Pray","damage_taken":0,"max_hp_gain":0,"max_hp_loss":0,"event_name":"Golden Shrine","floor":11,"gold_loss":0}],"is_beta":false,"boss_relics":[],"items_purged_floors":[],"is_endless":false,"potions_floor_spawned":[7,12],"killed_by":"2 Fungi Beasts","ascension_level":8}