{"gold_per_floor":[109,125,125,90,106,140,140,167,167,167,202,30,42,57,57,57],"floor_reached":16,"playtime":731,"items_purged":[],"score":240,"play_id":"186790c4-9baf-4986-b93d-021e9e6a6089","local_time":"20190616210054","is_ascension_mode":true,"campfire_choices":[{"data":"Bash","floor":7,"key":"SMITH"},{"floor":10,"key":"REST"},{"data":"Shockwave","floor":15,"key":"SMITH"}],"neow_cost":"NONE","seed_source_timestamp":32122577728673,"circlet_count":0,"master_deck":["AscendersBane","Strike_R","Strike_R","Strike_R","Strike_R","Strike_R","Defend_R","Defend_R","Defend_R","Defend_R","Bash+1","Thunderclap","Evolve","Headbutt","Ghostly Armor","Shrug It Off","Shockwave+1","Corruption","Spot Weakness"],"relics":["Burning Blood","Regal Pillow","Blue Candle","The Courier","Dream Catcher","Mummified Hand","Gambling Chip","Anchor"],"potions_floor_usage":[11,11,11,16,16],"damage_taken":[{"damage":9,"enemies":"Jaw Worm","floor":1,"turns":6},{"damage":7,"enemies":"2 Louse","floor":2,"turns":4},{"damage":1,"enemies":"Cultist","floor":5,"turns":3},{"damage":55,"enemies":"Gremlin Nob","floor":6,"turns":5},{"damage":20,"enemies":"3 Sentries","floor":8,"turns":11},{"damage":9,"enemies":"Gremlin Nob","floor":11,"turns":4},{"damage":0,"enemies":"Looter","floor":13,"turns":3},{"damage":0,"enemies":"Blue Slaver","floor":14,"turns":3},{"damage":61,"enemies":"The Guardian","floor":16,"turns":10}],"seed_played":"3511597553010183991","potions_obtained":[{"floor":2,"key":"Block Potion"},{"floor":8,"key":"EntropicBrew"},{"floor":14,"key":"Weak Potion"}],"is_trial":false,"path_per_floor":["M","M","?","?","M","E","R","E","T","R","E","$","M","M","R","B"],"character_chosen":"IRONCLAD","items_purchased":["Corruption","Anchor"],"campfire_rested":1,"item_purchase_floors":[12,12],"current_hp_per_floor":[65,64,53,71,75,26,26,12,12,49,46,46,52,58,58,0],"gold":57,"neow_bonus":"RANDOM_COMMON_RELIC","is_prod":false,"is_daily":false,"chose_seed":false,"campfire_upgraded":2,"win_rate":0,"timestamp":1560711654,"path_taken":["M","M","?","?","M","E","R","E","T","R","E","$","M","M","R","BOSS"],"build_version":"2019-01-23","purchased_purges":0,"victory":false,"max_hp_per_floor":[75,75,75,75,75,75,75,75,75,75,75,75,75,75,75,75],"card_choices":[{"not_picked":["Cleave","Ghostly Armor"],"picked":"Thunderclap","floor":1},{"not_picked":["Cleave","Pommel Strike"],"picked":"Evolve","floor":2},{"not_picked":["Flex","Havoc"],"picked":"Headbutt","floor":5},{"not_picked":["Body Slam","Havoc"],"picked":"Ghostly Armor","floor":6},{"not_picked":["Infernal Blade","Carnage"],"picked":"Shrug It Off","floor":8},{"not_picked":["Ghostly Armor","Evolve"],"picked":"Shockwave","floor":10},{"not_picked":["Fire Breathing","Flex","Dual Wield"],"picked":"SKIP","floor":11},{"not_picked":["Havoc","Reaper"],"picked":"Spot Weakness","floor":13},{"not_picked":["Dropkick","Sentinel","Blood for Blood"],"picked":"SKIP","floor":14}],"player_experience":1366979,"relics_obtained":[{"floor":6,"key":"The Courier"},{"floor":8,"key":"Dream Catcher"},{"floor":9,"key":"Mummified Hand"},{"floor":11,"key":"Gambling Chip"}],"event_choices":[{"damage_healed":0,"gold_gain":0,"player_choice":"Success","damage_taken":11,"relics_obtained":["Blue Candle"],"max_hp_gain":0,"max_hp_loss":0,"event_name":"Scrap Ooze","floor":3,"gold_loss":0},{"damage_healed":18,"gold_gain":0,"player_choice":"Healed","damage_taken":0,"max_hp_gain":0,"max_hp_loss":0,"event_name":"The Cleric","floor":4,"gold_loss":35}],"is_beta":false,"boss_relics":[],"items_purged_floors":[],"is_endless":false,"potions_floor_spawned":[2,8,14],"killed_by":"The Guardian","ascension_level":20}