{"gold_per_floor":[109,120,139,101,101,101,101,101,128,145,155,174,200,215,215,317,317,337,252,269,283,128,128,128],"floor_reached":24,"playtime":1049,"items_purged":["Strike_B"],"score":288,"play_id":"0e34e558-fded-416a-8474-254cccfcf3c2","local_time":"20190601104307","is_ascension_mode":true,"campfire_choices":[{"data":"1","floor":6,"key":"LIFT"},{"data":"2","floor":8,"key":"LIFT"},{"data":"3","floor":15,"key":"LIFT"},{"data":"Fission","floor":23,"key":"SMITH"}],"neow_cost":"PERCENT_DAMAGE","seed_source_timestamp":1220113000626850,"circlet_count":0,"master_deck":["Strike_B","Strike_B","Strike_B","Defend_B","Defend_B","Defend_B","Defend_B+1","Zap","Dualcast","Coolheaded","Loop","Defragment+1","Ball Lightning","Undo","Cold Snap","Barrage","Beam Cell","Fission+1","Consume","Chaos","Redo+1","Self Repair"],"relics":["Cracked Core","Girya","Vajra","Ginger","White Beast Statue","Dream Catcher"],"potions_floor_usage":[13,18,20,21,21,24],"damage_taken":[{"damage":0,"enemies":"2 Louse","floor":1,"turns":4},{"damage":0,"enemies":"Small Slimes","floor":2,"turns":2},{"damage":2,"enemies":"Jaw Worm","floor":3,"turns":3},{"damage":6,"enemies":"Looter","floor":10,"turns":3},{"damage":13,"enemies":"Blue Slaver","floor":11,"turns":3},{"damage":2,"enemies":"Exordium Thugs","floor":12,"turns":4},{"damage":4,"enemies":"3 Sentries","floor":13,"turns":7},{"damage":0,"enemies":"2 Fungi Beasts","floor":14,"turns":3},{"damage":0,"enemies":"The Guardian","floor":16,"turns":9},{"damage":2,"enemies":"Chosen","floor":18,"turns":3},{"damage":14,"enemies":"2 Thieves","floor":20,"turns":4},{"damage":13,"enemies":"Snecko","floor":21,"turns":4},{"damage":54,"enemies":"Gremlin Leader","floor":24,"turns":5}],"seed_played":"-5239693877190731929","potions_obtained":[{"floor":3,"key":"PowerPotion"},{"floor":10,"key":"Weak Potion"},{"floor":12,"key":"GamblersBrew"},{"floor":14,"key":"PowerPotion"},{"floor":18,"key":"EssenceOfSteel"},{"floor":20,"key":"Ancient Potion"},{"floor":21,"key":"Weak Potion"}],"is_trial":false,"path_per_floor":["M","M","M","$","?","R","?","R","T","M","M","M","E","M","R","B",null,"M","?","M","M","$","R","E"],"character_chosen":"DEFECT","items_purchased":["Defragment","Self Repair"],"campfire_rested":0,"item_purchase_floors":[4,22],"current_hp_per_floor":[54,54,52,52,37,37,62,62,62,56,43,41,37,37,37,37,75,73,73,59,46,46,46,0],"gold":128,"neow_bonus":"ONE_RARE_RELIC","is_prod":false,"is_daily":false,"chose_seed":false,"campfire_upgraded":1,"win_rate":0,"timestamp":1559396587,"path_taken":["M","M","M","$","?","R","?","R","T","M","M","M","E","M","R","BOSS","M","?","M","M","$","R","E"],"build_version":"2019-01-23","purchased_purges":1,"victory":false,"max_hp_per_floor":[75,75,75,75,75,75,75,75,75,75,75,75,75,75,75,75,75,75,75,75,75,75,75,75],"card_choices":[{"not_picked":["Steam","Streamline","Fusion"],"picked":"SKIP","floor":1},{"not_picked":["Redo","Stack"],"picked":"Coolheaded","floor":2},{"not_picked":["FTL","Stack"],"picked":"Loop","floor":3},{"not_picked":["Sweeping Beam","White Noise"],"picked":"Ball Lightning","floor":10},{"not_picked":["Rebound","Reprogram"],"picked":"Undo","floor":11},{"not_picked":["Scrape","Barrage"],"picked":"Cold Snap","floor":12},{"not_picked":["Undo","Consume"],"picked":"Barrage","floor":13},{"not_picked":["Go for the Eyes","Heatsinks"],"picked":"Beam Cell","floor":14},{"not_picked":["Rainbow","Thunder Strike"],"picked":"Fission","floor":16},{"not_picked":["Leap","Conserve Battery"],"picked":"Consume","floor":18},{"not_picked":["Redo","Hello World"],"picked":"Chaos","floor":20},{"not_picked":["Stack","Compile Driver"],"picked":"Redo+1","floor":21}],"player_experience":845951,"relics_obtained":[{"floor":9,"key":"Vajra"},{"floor":13,"key":"Ginger"}],"event_choices":[{"damage_healed":0,"gold_gain":0,"player_choice":"Entered Light","damage_taken":15,"max_hp_gain":0,"max_hp_loss":0,"event_name":"Shining Light","floor":5,"gold_loss":0,"cards_upgraded":["Defragment","Defend_B"]},{"damage_healed":25,"gold_gain":0,"player_choice":"Banana","damage_taken":0,"max_hp_gain":0,"max_hp_loss":0,"event_name":"Big Fish","floor":7,"gold_loss":0},{"damage_healed":0,"gold_gain":0,"player_choice":"Obtained Relic","damage_taken":0,"relics_obtained":["Dream Catcher"],"max_hp_gain":0,"max_hp_loss":0,"event_name":"Addict","floor":19,"gold_loss":85}],"is_beta":false,"boss_relics":[{"not_picked":["Sozu","Runic Pyramid"],"picked":"White Beast Statue"}],"items_purged_floors":[22],"is_endless":false,"potions_floor_spawned":[3,10,12,14,18,20,21],"killed_by":"Gremlin Leader","ascension_level":3}