{"gold_per_floor":[118,118,118,83,27,60,60,95,95,125,141,171,202,219,219,292,292,305,44,44,64,81,112,112,128,128,128,142,170,170,200,200,273,273,289,289,309,321,321,321,331,366,366,384,384,23,36,47,47,47],"floor_reached":50,"playtime":2136,"items_purged":["Doubt"],"score":1345,"play_id":"a18b70cd-303e-4695-b110-fed60db62f92","local_time":"20190525224751","is_ascension_mode":true,"campfire_choices":[{"data":"Sweeping Beam","floor":15.0,"key":"SMITH"},{"floor":24.0,"key":"REST"},{"floor":27.0,"key":"REST"},{"data":"Biased Cognition","floor":32.0,"key":"SMITH"},{"data":"Darkness","floor":40.0,"key":"SMITH"},{"floor":49,"key":"RECALL"}],"neow_cost":"NONE","seed_source_timestamp":34001161347647,"circlet_count":0,"master_deck":["AscendersBane","Strike_B","Strike_B","Strike_B","Strike_B","Defend_B","Defend_B","Defend_B","Defend_B","Zap+1","Dualcast","Chill","Cold Snap","Cold Snap","FTL","Sweeping Beam+1","Ball Lightning","Genetic Algorithm","Steam","Biased Cognition+1","Compile Driver+1","Defragment+1","Compile Driver+1","Static Discharge","Electrodynamics","Darkness+1","Go for the Eyes+1","Multi-Cast","Dark Shackles","Consume+1","Genetic Algorithm","Hologram","Reinforced Body+1"],"special_seed":0,"relics":["Cracked Core","NeowsBlessing","StoneCalendar","Ancient Tea Set","Lantern","Mango","Art of War","Molten Egg 2","Cursed Key","Runic Capacitor","Bottled Flame","Centennial Puzzle","DataDisk","Snecko Eye","Vajra","DollysMirror"],"potions_floor_usage":[50],"damage_taken":[{"damage":0.0,"enemies":"2 Louse","floor":1.0,"turns":1.0},{"damage":0.0,"enemies":"3 Sentries","floor":6.0,"turns":1.0},{"damage":0.0,"enemies":"Lagavulin","floor":8.0,"turns":1.0},{"damage":38.0,"enemies":"Gremlin Nob","floor":10.0,"turns":5.0},{"damage":0.0,"enemies":"Small Slimes","floor":11.0,"turns":2.0},{"damage":6.0,"enemies":"3 Sentries","floor":13.0,"turns":6.0},{"damage":6.0,"enemies":"Jaw Worm","floor":14.0,"turns":2.0},{"damage":9.0,"enemies":"Hexaghost","floor":16.0,"turns":7.0},{"damage":23.0,"enemies":"Shell Parasite","floor":18.0,"turns":5.0},{"damage":9.0,"enemies":"2 Thieves","floor":21.0,"turns":4.0},{"damage":20.0,"enemies":"Snake Plant","floor":22.0,"turns":5.0},{"damage":9.0,"enemies":"Gremlin Leader","floor":23.0,"turns":6.0},{"damage":7.0,"enemies":"3 Cultists","floor":25.0,"turns":5.0},{"damage":1.0,"enemies":"Snecko","floor":28.0,"turns":4.0},{"damage":2.0,"enemies":"Slavers","floor":29.0,"turns":3.0},{"damage":11.0,"enemies":"Book of Stabbing","floor":31.0,"turns":5.0},{"damage":0.0,"enemies":"Collector","floor":33.0,"turns":7.0},{"damage":0.0,"enemies":"3 Shapes","floor":35.0,"turns":2.0},{"damage":0.0,"enemies":"3 Darklings","floor":37.0,"turns":4.0},{"damage":0.0,"enemies":"Sphere and 2 Shapes","floor":38.0,"turns":3.0},{"damage":17.0,"enemies":"Maw","floor":41.0,"turns":4.0},{"damage":4.0,"enemies":"Reptomancer","floor":42.0,"turns":4.0},{"damage":24.0,"enemies":"Jaw Worm Horde","floor":44.0,"turns":2.0},{"damage":13,"enemies":"Sphere and 2 Shapes","floor":47,"turns":4},{"damage":0,"enemies":"Maw","floor":48,"turns":5},{"damage":12,"enemies":"Awakened One","floor":50,"turns":2}],"seed_played":"-653094907838242557","potions_obtained":[{"floor":1.0,"key":"Ancient Potion"},{"floor":11.0,"key":"Fruit Juice"},{"floor":14.0,"key":"FearPotion"},{"floor":23.0,"key":"Ancient Potion"},{"floor":28.0,"key":"Fire Potion"},{"floor":29.0,"key":"Swift Potion"},{"floor":35.0,"key":"Swift Potion"},{"floor":37.0,"key":"SpeedPotion"},{"floor":42.0,"key":"LiquidBronze"}],"is_trial":false,"path_per_floor":["M","?","?","?","$","E","$","E","T","E","M","?","E","M","R","B",null,"M","$","?","M","M","E","R","M","T","R","M","E","?","E","R","B",null,"M","?","M","M","?","R","M","E","T","M","T","$","M","M","R","B"],"character_chosen":"DEFECT","items_purchased":["Cold Snap","Defragment","Runic Capacitor","DollysMirror","Hologram"],"campfire_rested":2,"item_purchase_floors":[5,19,19,46,46],"current_hp_per_floor":[64,64,53,70,70,70,70,70,84,46,46,46,40,34,34,25,70,47,47,47,38,18,9,41,34,34,61,60,58,58,47,47,47,79,79,69,69,69,69,69,52,48,48,24,24,24,11,11,11,0],"gold":47,"neow_bonus":"THREE_ENEMY_KILL","is_prod":false,"is_daily":false,"chose_seed":false,"campfire_upgraded":3,"win_rate":0,"timestamp":1558817271,"path_taken":["M","?","?","?","$","E","?","E","T","E","?","?","E","M","R","BOSS","M","$","?","M","M","E","R","M","T","R","M","E","?","E","R","BOSS","M","?","M","M","?","R","M","E","T","?","?","$","M","M","R","BOSS"],"build_version":"2019-01-23","purchased_purges":1,"victory":false,"max_hp_per_floor":[71,71,71,71,71,71,71,71,85,85,85,85,85,85,85,85,85,85,85,85,85,85,85,90,90,90,90,90,90,90,90,90,90,90,90,90,90,90,90,90,90,90,90,90,90,90,90,90,90,90],"card_choices":[{"not_picked":["Chill","Tempest","Rebound"],"picked":"SKIP","floor":1.0},{"not_picked":["Tempest","Rebound"],"picked":"Chill","floor":1.0},{"not_picked":["Thunder Strike","Reprogram"],"picked":"Cold Snap","floor":6.0},{"not_picked":["Streamline","Reprogram"],"picked":"FTL","floor":8.0},{"not_picked":["Hologram","Stack"],"picked":"Sweeping Beam","floor":10.0},{"not_picked":["Chill","Lockon"],"picked":"Ball Lightning","floor":11.0},{"not_picked":["Capacitor","White Noise"],"picked":"Genetic Algorithm","floor":13.0},{"not_picked":["Gash+1","Steam Power"],"picked":"Steam","floor":14.0},{"not_picked":["Hyperbeam+1","All For One+1"],"picked":"Biased Cognition","floor":16.0},{"not_picked":["Rebound+1","Turbo"],"picked":"Compile Driver+1","floor":18.0},{"not_picked":["Turbo","Sweeping Beam+1"],"picked":"Compile Driver+1","floor":21.0},{"not_picked":["Turbo","Stack"],"picked":"Static Discharge","floor":22.0},{"not_picked":["Capacitor","Beam Cell+1"],"picked":"Electrodynamics","floor":23.0},{"not_picked":["FTL+1","Streamline+1"],"picked":"Darkness","floor":25.0},{"not_picked":["Sweeping Beam+1","Stack","Gash+1"],"picked":"SKIP","floor":28.0},{"not_picked":["Conserve Battery","Auto Shields"],"picked":"Go for the Eyes+1","floor":29.0},{"not_picked":["Steam","Stack","Ball Lightning+1"],"picked":"SKIP","floor":31.0},{"not_picked":["Meteor Strike+1","Reboot"],"picked":"Multi-Cast","floor":33.0},{"not_picked":["Stack","Turbo+1","Loop"],"picked":"SKIP","floor":35.0},{"not_picked":["Impatience","Secret Weapon"],"picked":"Dark Shackles","floor":36.0},{"not_picked":["Melter+1","Beam Cell+1","Blizzard+1"],"picked":"SKIP","floor":37.0},{"not_picked":["Leap","Beam Cell+1","Sweeping Beam+1"],"picked":"SKIP","floor":38.0},{"not_picked":["Streamline+1","Cold Snap+1"],"picked":"Consume+1","floor":41.0},{"not_picked":["Tempest","Sweeping Beam+1","Stack+1"],"picked":"SKIP","floor":42.0},{"not_picked":["Streamline+1","Stack","Gash+1"],"picked":"SKIP","floor":44.0},{"not_picked":["Force Field","Ball Lightning+1"],"picked":"Reinforced Body+1","floor":47},{"not_picked":["Genetic Algorithm+1","Turbo","Tempest+1"],"picked":"SKIP","floor":48}],"player_experience":1253637,"relics_obtained":[{"floor":6.0,"key":"Ancient Tea Set"},{"floor":8.0,"key":"Lantern"},{"floor":9.0,"key":"Mango"},{"floor":10.0,"key":"Art of War"},{"floor":13.0,"key":"Molten Egg 2"},{"floor":23.0,"key":"Bottled Flame"},{"floor":29.0,"key":"Centennial Puzzle"},{"floor":31.0,"key":"DataDisk"},{"floor":42.0,"key":"Vajra"}],"event_choices":[{"damage_healed":0.0,"max_hp_gain":0.0,"max_hp_loss":0.0,"gold_gain":0.0,"event_name":"Living Wall","player_choice":"Grow","floor":2.0,"gold_loss":0.0,"damage_taken":0.0,"cards_upgraded":["Zap"]},{"damage_healed":0.0,"max_hp_gain":0.0,"max_hp_loss":0.0,"gold_gain":0.0,"event_name":"Scrap Ooze","player_choice":"Success","floor":3.0,"gold_loss":0.0,"damage_taken":11.0,"relics_obtained":["StoneCalendar"]},{"damage_healed":17.0,"max_hp_gain":0.0,"max_hp_loss":0.0,"gold_gain":0.0,"event_name":"The Cleric","player_choice":"Healed","floor":4.0,"gold_loss":35.0,"damage_taken":0.0},{"damage_healed":0.0,"max_hp_gain":0.0,"max_hp_loss":0.0,"gold_gain":30.0,"event_name":"Dead Adventurer","player_choice":"Searched \u00271\u0027 times","floor":12.0,"gold_loss":0.0,"damage_taken":0.0},{"damage_healed":0.0,"max_hp_gain":0.0,"max_hp_loss":0.0,"gold_gain":0.0,"event_name":"The Mausoleum","player_choice":"Ignored","floor":30.0,"gold_loss":0.0,"damage_taken":0.0},{"damage_healed":0.0,"max_hp_gain":0.0,"max_hp_loss":0.0,"gold_gain":0.0,"event_name":"SensoryStone","player_choice":"Memory 3","floor":36.0,"gold_loss":0.0,"damage_taken":10.0},{"damage_healed":0.0,"max_hp_gain":0.0,"max_hp_loss":0.0,"gold_gain":0.0,"event_name":"Accursed Blacksmith","player_choice":"Forge","floor":39.0,"gold_loss":0.0,"damage_taken":0.0,"cards_upgraded":["Defragment"]}],"is_beta":false,"boss_relics":[{"not_picked":["Nuclear Battery","Empty Cage"],"picked":"Cursed Key"},{"not_picked":["Lizard Tail","Coffee Dripper"],"picked":"Snecko Eye"}],"items_purged_floors":[46],"is_endless":false,"potions_floor_spawned":[1,11,14,23,28,29,31,35,37,42,44,47],"killed_by":"Awakened One","ascension_level":20}