{"gold_per_floor":[117,117,129,88,88,118,118,143,193,208,208,222,249,80,80,154,154,154,166,89,89,139,139,150,150],"floor_reached":25,"playtime":670,"items_purged":[],"score":464,"play_id":"54a35fb7-1d94-46ca-9317-1831ae3c040b","local_time":"20190613122641","is_ascension_mode":true,"campfire_choices":[{"data":"Combust","floor":7,"key":"SMITH"},{"data":"Demon Form","floor":15,"key":"SMITH"},{"data":"Shockwave","floor":23,"key":"SMITH"}],"neow_cost":"NONE","seed_source_timestamp":2263497476872587,"circlet_count":0,"master_deck":["AscendersBane","Strike_R+1","Strike_R","Strike_R+1","Strike_R","Defend_R","Defend_R","Defend_R+1","Bash","Iron Wave","Spot Weakness+1","Combust+1","Perfected Strike","Demon Form+1","Sword Boomerang","Whirlwind","Barricade","Shockwave+1"],"relics":["Burning Blood","NeowsBlessing","War Paint","Art of War","Whetstone","FaceOfCleric","Potion Belt","Vajra","Empty Cage"],"potions_floor_usage":[8,16,18,24,25],"damage_taken":[{"damage":0,"enemies":"Jaw Worm","floor":1,"turns":1},{"damage":0,"enemies":"2 Louse","floor":3,"turns":1},{"damage":0,"enemies":"Gremlin Nob","floor":6,"turns":1},{"damage":30,"enemies":"Lagavulin","floor":8,"turns":6},{"damage":2,"enemies":"Cultist","floor":10,"turns":3},{"damage":12,"enemies":"Looter","floor":12,"turns":3},{"damage":41,"enemies":"Gremlin Nob","floor":13,"turns":4},{"damage":12,"enemies":"Hexaghost","floor":16,"turns":7},{"damage":0,"enemies":"Shell Parasite","floor":18,"turns":1},{"damage":28,"enemies":"Spheric Guardian","floor":19,"turns":4},{"damage":33,"enemies":"Cultist and Chosen","floor":24,"turns":6},{"damage":29,"enemies":"Sentry and Sphere","floor":25,"turns":3}],"seed_played":"-7081431547973731767","potions_obtained":[{"floor":6,"key":"Energy Potion"},{"floor":10,"key":"SpeedPotion"},{"floor":13,"key":"Fire Potion"},{"floor":16,"key":"SmokeBomb"},{"floor":19,"key":"Strength Potion"}],"is_trial":false,"path_per_floor":["M","$","M","$","?","E","R","E","T","M","?","M","E","$","R","B",null,"M","M","$","?","?","R","M","M"],"character_chosen":"IRONCLAD","items_purchased":["Combust","Vajra","Shockwave"],"campfire_rested":0,"item_purchase_floors":[4,14,20],"current_hp_per_floor":[74,74,75,75,75,75,75,51,51,55,55,50,16,16,16,11,61,68,47,47,47,47,47,21,0],"gold":150,"neow_bonus":"THREE_ENEMY_KILL","is_prod":false,"is_daily":false,"chose_seed":false,"campfire_upgraded":3,"win_rate":0,"timestamp":1560439601,"path_taken":["M","$","M","$","?","E","R","E","T","M","?","M","E","$","R","BOSS","M","M","$","?","?","R","M","?"],"build_version":"2019-01-23","purchased_purges":0,"victory":false,"max_hp_per_floor":[75,75,75,75,75,75,75,75,75,75,75,76,77,77,77,78,78,79,80,80,80,80,80,81,81],"card_choices":[{"not_picked":["Clash","True Grit"],"picked":"Iron Wave","floor":1},{"not_picked":["Reckless Charge","Headbutt"],"picked":"Spot Weakness","floor":3},{"not_picked":["Thunderclap","Twin Strike"],"picked":"Perfected Strike","floor":6},{"not_picked":["Cleave","Sentinel"],"picked":"Demon Form","floor":8},{"not_picked":["Clash","Blood for Blood"],"picked":"Sword Boomerang","floor":10},{"not_picked":["Armaments","Sword Boomerang"],"picked":"Whirlwind","floor":12},{"not_picked":["Cleave","Perfected Strike","Whirlwind"],"picked":"SKIP","floor":13},{"not_picked":["Double Tap","Exhume"],"picked":"Barricade","floor":16},{"not_picked":["Feel No Pain","Heavy Blade","Clothesline"],"picked":"SKIP","floor":19},{"not_picked":["Pommel Strike","Sword Boomerang","Warcry"],"picked":"SKIP","floor":24}],"player_experience":1017780,"relics_obtained":[{"floor":6,"key":"War Paint"},{"floor":8,"key":"Art of War"},{"floor":9,"key":"Whetstone"},{"floor":13,"key":"Potion Belt"}],"event_choices":[{"damage_healed":0,"gold_gain":0,"player_choice":"Ignored","damage_taken":0,"max_hp_gain":0,"max_hp_loss":0,"event_name":"Liars Game","floor":5,"gold_loss":0},{"damage_healed":0,"gold_gain":0,"player_choice":"Trade","damage_taken":0,"relics_obtained":["FaceOfCleric"],"max_hp_gain":0,"max_hp_loss":0,"event_name":"FaceTrader","floor":11,"gold_loss":0},{"damage_healed":0,"gold_gain":0,"player_choice":"Ignored","damage_taken":0,"max_hp_gain":0,"max_hp_loss":0,"event_name":"Beggar","floor":21,"gold_loss":0},{"damage_healed":0,"gold_gain":50,"player_choice":"Pray","damage_taken":0,"max_hp_gain":0,"max_hp_loss":0,"event_name":"Golden Shrine","floor":22,"gold_loss":0}],"is_beta":false,"boss_relics":[{"not_picked":["Pandora\u0027s Box","Ectoplasm"],"picked":"Empty Cage"}],"items_purged_floors":[],"is_endless":false,"potions_floor_spawned":[6,10,13,16,19],"killed_by":"Sentry and Sphere","ascension_level":18}