{"gold_per_floor":[359,372,392,407,424,424,755,755,780,811,829,847,847,861,861,861],"floor_reached":16,"playtime":1078,"items_purged":[],"score":197,"play_id":"3896b5b8-9f46-4c8d-9c09-05742d06647e","local_time":"20190529175304","is_ascension_mode":true,"campfire_choices":[{"data":"Carnage","floor":6.0,"key":"SMITH"},{"data":"Flame Barrier","floor":8.0,"key":"SMITH"},{"data":"Bash","floor":15,"key":"SMITH"}],"neow_cost":"PERCENT_DAMAGE","seed_source_timestamp":0,"circlet_count":0,"master_deck":["Strike_R","Strike_R","Strike_R","Strike_R","Strike_R","Defend_R","Defend_R+1","Defend_R","Defend_R","Bash+1","Shrug It Off","Spot Weakness","Carnage+1","Cleave+1","Flame Barrier+1","Twin Strike","Impervious","Heavy Blade","Ghostly Armor"],"special_seed":0,"relics":["Burning Blood","Old Coin","Lantern","Strawberry"],"potions_floor_usage":[10,10,16],"damage_taken":[{"damage":11.0,"enemies":"Jaw Worm","floor":1.0,"turns":4.0},{"damage":2.0,"enemies":"Small Slimes","floor":2.0,"turns":4.0},{"damage":0.0,"enemies":"Cultist","floor":3.0,"turns":3.0},{"damage":13.0,"enemies":"3 Louse","floor":4.0,"turns":4.0},{"damage":11.0,"enemies":"Large Slime","floor":5.0,"turns":6.0},{"damage":0.0,"enemies":"Gremlin Nob","floor":7.0,"turns":2.0},{"damage":14,"enemies":"3 Sentries","floor":10,"turns":6},{"damage":3,"enemies":"Blue Slaver","floor":11,"turns":3},{"damage":0,"enemies":"Looter","floor":12,"turns":2},{"damage":2,"enemies":"Lots of Slimes","floor":14,"turns":3},{"damage":62,"enemies":"Hexaghost","floor":16,"turns":10}],"seed_played":"-1685419539725139302","potions_obtained":[{"floor":2.0,"key":"SkillPotion"},{"floor":3.0,"key":"Strength Potion"},{"floor":4.0,"key":"Fire Potion"},{"floor":7.0,"key":"Regen Potion"},{"floor":10,"key":"Weak Potion"}],"is_trial":false,"path_per_floor":["M","M","M","M","M","R","E","R","T","E","M","M","?","M","R","B"],"character_chosen":"IRONCLAD","items_purchased":[],"campfire_rested":0,"item_purchase_floors":[],"current_hp_per_floor":[46,50,56,49,44,44,50,50,50,64,67,73,56,60,60,0],"gold":861,"neow_bonus":"TWO_FIFTY_GOLD","is_prod":false,"is_daily":false,"chose_seed":false,"campfire_upgraded":3,"win_rate":0,"timestamp":1559166784,"path_taken":["M","M","M","M","M","R","E","R","T","E","M","M","?","M","R","BOSS"],"build_version":"2019-01-23","purchased_purges":0,"victory":false,"max_hp_per_floor":[80,80,80,80,80,80,80,80,80,87,87,87,87,87,87,87],"card_choices":[{"not_picked":["Armaments","Clothesline"],"picked":"Shrug It Off","floor":1.0},{"not_picked":["Combust","Wild Strike","Body Slam"],"picked":"SKIP","floor":2.0},{"not_picked":["Power Through","Reckless Charge"],"picked":"Spot Weakness","floor":3.0},{"not_picked":["Bloodletting","Perfected Strike"],"picked":"Carnage","floor":4.0},{"not_picked":["Second Wind","Hemokinesis"],"picked":"Cleave","floor":5.0},{"not_picked":["Intimidate","Dropkick"],"picked":"Flame Barrier","floor":7.0},{"not_picked":["Anger","Clash"],"picked":"Twin Strike","floor":10},{"not_picked":["Pommel Strike","Wild Strike"],"picked":"Impervious","floor":11},{"not_picked":["Body Slam","Anger"],"picked":"Heavy Blade","floor":12},{"not_picked":["Body Slam","Clothesline"],"picked":"Ghostly Armor","floor":14}],"player_experience":171422,"relics_obtained":[{"floor":7.0,"key":"Old Coin"},{"floor":9,"key":"Lantern"},{"floor":10,"key":"Strawberry"}],"event_choices":[{"damage_healed":0,"gold_gain":0,"player_choice":"Entered Light","damage_taken":17,"max_hp_gain":0,"max_hp_loss":0,"event_name":"Shining Light","floor":13,"gold_loss":0,"cards_upgraded":["Defend_R","Cleave"]}],"is_beta":false,"boss_relics":[],"items_purged_floors":[],"is_endless":false,"potions_floor_spawned":[2,3,4,7,10],"killed_by":"Hexaghost","ascension_level":8}