{"gold_per_floor":[216,227,152,169,169,169,196,224,224,259,270,304,322,322,322,322],"floor_reached":16,"playtime":889,"items_purged":["Strike_R"],"score":120,"play_id":"f673ea6c-bdf7-44e5-bd1b-ad161e2832df","local_time":"20190203111244","is_ascension_mode":false,"campfire_choices":[{"data":"Dropkick","floor":6,"key":"SMITH"},{"floor":15,"key":"REST"}],"neow_cost":"NONE","seed_source_timestamp":1123088821618661,"circlet_count":0,"master_deck":["Strike_R","Strike_R","Strike_R","Strike_R","Defend_R","Defend_R","Defend_R","Defend_R","Bash+1","Dropkick+1","Thunderclap","Shockwave","Clash","Iron Wave"],"relics":["Burning Blood","Potion Belt","Frozen Egg 2","Torii","Blue Candle","WingedGreaves","GremlinMask"],"potions_floor_usage":[4,8,10],"damage_taken":[{"damage":6,"enemies":"Cultist","floor":1,"turns":6},{"damage":5,"enemies":"2 Louse","floor":2,"turns":3},{"damage":6,"enemies":"Jaw Worm","floor":4,"turns":3},{"damage":33,"enemies":"3 Sentries","floor":8,"turns":9},{"damage":27,"enemies":"Lagavulin","floor":10,"turns":6},{"damage":2,"enemies":"3 Louse","floor":11,"turns":3},{"damage":12,"enemies":"3 Sentries","floor":12,"turns":8},{"damage":2,"enemies":"Gremlin Gang","floor":13,"turns":4},{"damage":64,"enemies":"The Guardian","floor":16,"turns":8}],"seed_played":"5607725388573255281","potions_obtained":[{"floor":2,"key":"Strength Potion"},{"floor":4,"key":"AttackPotion"},{"floor":8,"key":"Poison Potion"}],"is_trial":false,"path_per_floor":["M","M","$","M","?","R","T","E","T","E","M","E","M","?","R","B"],"character_chosen":"IRONCLAD","items_purchased":[],"campfire_rested":1,"item_purchase_floors":[],"current_hp_per_floor":[80,80,80,80,80,80,80,53,53,32,36,30,34,34,58,0],"gold":322,"neow_bonus":"HUNDRED_GOLD","is_prod":false,"is_daily":false,"chose_seed":false,"campfire_upgraded":1,"win_rate":0,"timestamp":1549206764,"path_taken":["M","?","$","M","?","R","?","E","T","E","M","E","M","?","R","BOSS"],"build_version":"2019-01-23","purchased_purges":1,"victory":false,"max_hp_per_floor":[80,80,80,80,80,80,80,80,80,80,80,80,80,80,80,80],"card_choices":[{"not_picked":["Sword Boomerang","Hemokinesis"],"picked":"Dropkick","floor":1},{"not_picked":["Wild Strike","Headbutt"],"picked":"Thunderclap","floor":2},{"not_picked":["True Grit","Clothesline","Twin Strike"],"picked":"SKIP","floor":4},{"not_picked":["True Grit","Flex"],"picked":"Shockwave","floor":8},{"not_picked":["Warcry","Exhume","Corruption+1"],"picked":"SKIP","floor":10},{"not_picked":["Anger","Metallicize+1"],"picked":"Clash","floor":11},{"not_picked":["Cleave","Rupture+1","True Grit"],"picked":"SKIP","floor":12},{"not_picked":["True Grit","Wild Strike"],"picked":"Iron Wave","floor":13}],"player_experience":402475,"relics_obtained":[{"floor":7,"key":"Potion Belt"},{"floor":8,"key":"Frozen Egg 2"},{"floor":9,"key":"Torii"},{"floor":10,"key":"Blue Candle"},{"floor":12,"key":"WingedGreaves"}],"event_choices":[{"damage_healed":0,"gold_gain":0,"player_choice":"Grow","damage_taken":0,"max_hp_gain":0,"max_hp_loss":0,"event_name":"Living Wall","floor":5,"gold_loss":0,"cards_upgraded":["Bash"]},{"damage_healed":0,"gold_gain":0,"player_choice":"Trade","damage_taken":0,"relics_obtained":["GremlinMask"],"max_hp_gain":0,"max_hp_loss":0,"event_name":"FaceTrader","floor":14,"gold_loss":0}],"is_beta":false,"boss_relics":[],"items_purged_floors":[3],"is_endless":false,"potions_floor_spawned":[2,4,8],"killed_by":"The Guardian","ascension_level":0}