{"gold_per_floor":[111,76,76,86,96,96,110,142,169,198,198,209,234,259,259,259],"floor_reached":16,"playtime":734,"items_purged":[],"score":240,"play_id":"53d8238c-98e8-483f-a0f1-5491e237f7e7","local_time":"20181231004530","is_ascension_mode":true,"campfire_choices":[{"data":"Deadly Poison","floor":6,"key":"SMITH"},{"floor":11,"key":"REST"},{"data":"Neutralize","floor":15,"key":"SMITH"}],"neow_cost":"NONE","seed_source_timestamp":43098636504322,"circlet_count":0,"master_deck":["AscendersBane","Defend_G","Defend_G","Defend_G","Defend_G","Defend_G","Strike_G","Strike_G","Strike_G","Strike_G","Survivor","Neutralize+1","Quick Slash","Deadly Poison+1","Well Laid Plans","Bane","Caltrops","Dagger Spray","PiercingWail"],"relics":["Ring of the Snake","Regal Pillow","Bag of Preparation","Centennial Puzzle","Bottled Flame","Odd Mushroom"],"potions_floor_usage":[8,10,13,14],"damage_taken":[{"damage":9,"enemies":"Jaw Worm","floor":1,"turns":9},{"damage":7,"enemies":"Small Slimes","floor":4,"turns":6},{"damage":0,"enemies":"Cultist","floor":5,"turns":4},{"damage":6,"enemies":"Looter","floor":7,"turns":3},{"damage":7,"enemies":"Lagavulin","floor":8,"turns":7},{"damage":37,"enemies":"3 Sentries","floor":10,"turns":9},{"damage":0,"enemies":"Blue Slaver","floor":12,"turns":5},{"damage":17,"enemies":"Lagavulin","floor":13,"turns":5},{"damage":6,"enemies":"The Mushroom Lair","floor":14,"turns":4},{"damage":22,"enemies":"The Guardian","floor":16,"turns":6}],"seed_played":"8425761355018270983","potions_obtained":[{"floor":0,"key":"GhostInAJar"},{"floor":0,"key":"FearPotion"},{"floor":8,"key":"Swift Potion"},{"floor":12,"key":"FearPotion"}],"is_trial":false,"path_per_floor":["M","?","?","M","M","R","M","E","T","E","R","M","E","?","R","B"],"character_chosen":"THE_SILENT","items_purchased":[],"campfire_rested":1,"item_purchase_floors":[],"current_hp_per_floor":[50,66,66,59,59,59,53,46,46,9,43,43,26,20,20,0],"gold":259,"neow_bonus":"THREE_SMALL_POTIONS","is_prod":false,"is_daily":false,"chose_seed":false,"campfire_upgraded":2,"win_rate":0,"timestamp":1546213530,"path_taken":["M","?","?","M","M","R","?","E","T","E","R","M","E","?","R","BOSS"],"build_version":"2018-12-20","purchased_purges":0,"victory":false,"max_hp_per_floor":[66,66,66,66,66,66,66,66,66,66,66,66,66,66,66,66],"card_choices":[{"not_picked":["Slice","Deadly Poison"],"picked":"Quick Slash","floor":1},{"not_picked":["PiercingWail","Slice"],"picked":"Deadly Poison","floor":4},{"not_picked":["Deflect","Bane"],"picked":"Well Laid Plans","floor":5},{"not_picked":["Distraction","Blur"],"picked":"Bane","floor":7},{"not_picked":["Night Terror","Bane"],"picked":"Caltrops","floor":8},{"not_picked":["Dagger Throw","Concentrate","Well Laid Plans"],"picked":"SKIP","floor":10},{"not_picked":["Acrobatics","Prepared","Sucker Punch"],"picked":"SKIP","floor":12},{"not_picked":["Envenom","Accuracy"],"picked":"Dagger Spray","floor":13},{"not_picked":["Dodge and Roll","Dash"],"picked":"PiercingWail","floor":14}],"player_experience":721087,"relics_obtained":[{"floor":8,"key":"Regal Pillow"},{"floor":9,"key":"Bag of Preparation"},{"floor":10,"key":"Centennial Puzzle"},{"floor":13,"key":"Bottled Flame"},{"floor":14,"key":"Odd Mushroom"}],"event_choices":[{"damage_healed":16,"gold_gain":0,"player_choice":"Healed","damage_taken":0,"max_hp_gain":0,"max_hp_loss":0,"event_name":"The Cleric","floor":2,"gold_loss":35},{"cards_removed":["Strike_G"],"damage_healed":0,"gold_gain":0,"player_choice":"Offered Basic","damage_taken":0,"max_hp_gain":0,"max_hp_loss":0,"event_name":"Bonfire Elementals","floor":3,"gold_loss":0},{"damage_healed":0,"gold_gain":0,"player_choice":"Fought Mushrooms","damage_taken":0,"max_hp_gain":0,"max_hp_loss":0,"event_name":"Mushrooms","floor":14,"gold_loss":0}],"is_beta":false,"boss_relics":[],"items_purged_floors":[],"is_endless":false,"potions_floor_spawned":[1,8,12],"killed_by":"The Guardian","ascension_level":20}