{"gold_per_floor":[369,381,381,400,23,51,51,86,138,163,163,163,493,510,510,584,584,599,599,599,364,383,383,87,87,87,105,120,100,112,142,142,221,221,240,240,11,0,10,42,42,72,96,129,129,164,164,107,107,107,107,107,107,23,48,48],"floor_reached":57,"playtime":3918,"items_purged":["Strike_R","Strike_R"],"score":2984,"play_id":"17a69fdc-f935-46bc-8f0b-f5607bc72c3b","local_time":"20181123175148","is_ascension_mode":true,"campfire_choices":[{"floor":7,"key":"REST"},{"floor":11,"key":"REST"},{"data":"Demon Form","floor":15,"key":"SMITH"},{"data":"Immolate","floor":23,"key":"SMITH"},{"data":"Feel No Pain","floor":25,"key":"SMITH"},{"floor":32,"key":"REST"},{"data":"Shockwave","floor":41,"key":"SMITH"},{"data":"Disarm","floor":47,"key":"SMITH"},{"floor":49,"key":"RECALL"},{"data":"Anger","floor":53,"key":"PURGE"}],"neow_cost":"CURSE","seed_source_timestamp":12907779149652,"circlet_count":0,"master_deck":["AscendersBane","Defend_R","Defend_R","Defend_R","Defend_R","Bash","Shrug It Off","Pommel Strike","Feel No Pain+1","Feed","Exhume","Shrug It Off","Shockwave+1","Demon Form+1","Immolate+1","Sentinel+1","Reckless Charge+1","Dual Wield+1","Power Through","Sword Boomerang","Seeing Red","Barricade","Reaper","Feel No Pain+1","Uppercut+1","Shrug It Off","Disarm+1","Burning Pact","Shrug It Off","Shrug It Off"],"relics":["Burning Blood","Medical Kit","Bottled Tornado","Blood Vial","Happy Flower","Vajra","Old Coin","Astrolabe","Art of War","Lantern","Strawberry","Ancient Tea Set","Velvet Choker","DollysMirror","Red Mask","Self Forming Clay","Boot","Peace Pipe","Bag of Marbles","Bottled Lightning"],"potions_floor_usage":[6,10,10,18,44,51,56,56],"damage_taken":[{"damage":18,"enemies":"Jaw Worm","floor":1,"turns":4},{"damage":14,"enemies":"Small Slimes","floor":2,"turns":5},{"damage":3,"enemies":"2 Louse","floor":4,"turns":3},{"damage":26,"enemies":"Lagavulin","floor":6,"turns":5},{"damage":25,"enemies":"3 Sentries","floor":8,"turns":16},{"damage":24,"enemies":"Lagavulin","floor":10,"turns":7},{"damage":11,"enemies":"Gremlin Nob","floor":13,"turns":3},{"damage":5,"enemies":"2 Fungi Beasts","floor":14,"turns":4},{"damage":22,"enemies":"Slime Boss","floor":16,"turns":6},{"damage":20,"enemies":"3 Byrds","floor":18,"turns":7},{"damage":1,"enemies":"Chosen","floor":22,"turns":7},{"damage":0,"enemies":"Centurion and Healer","floor":27,"turns":10},{"damage":18,"enemies":"3 Cultists","floor":28,"turns":5},{"damage":15,"enemies":"Snake Plant","floor":30,"turns":5},{"damage":24,"enemies":"Gremlin Leader","floor":31,"turns":7},{"damage":42,"enemies":"Collector","floor":33,"turns":13},{"damage":0,"enemies":"Orb Walker","floor":35,"turns":6},{"damage":14,"enemies":"3 Shapes","floor":39,"turns":3},{"damage":30,"enemies":"Reptomancer","floor":40,"turns":11},{"damage":0,"enemies":"Nemesis","floor":42,"turns":13},{"damage":98,"enemies":"Reptomancer","floor":44,"turns":11},{"damage":52,"enemies":"Giant Head","floor":46,"turns":9},{"damage":41,"enemies":"Donu and Deca","floor":50,"turns":10},{"damage":47,"enemies":"Awakened One","floor":51,"turns":15},{"damage":69,"enemies":"Shield and Spear","floor":55,"turns":21},{"damage":69,"enemies":"The Heart","floor":56,"turns":13}],"seed_played":"1819248931620813263","potions_obtained":[{"floor":4,"key":"FearPotion"},{"floor":6,"key":"LiquidBronze"},{"floor":8,"key":"GamblersBrew"},{"floor":14,"key":"SpeedPotion"},{"floor":16,"key":"Energy Potion"},{"floor":22,"key":"Poison Potion"},{"floor":27,"key":"SpeedPotion"},{"floor":29,"key":"LiquidBronze"},{"floor":44,"key":"EssenceOfSteel"}],"is_trial":false,"path_per_floor":["M","M","?","M","$","E","R","E","T","E","R","?","E","M","R","B",null,"M","?","?","$","M","R","$","R","T","M","M","?","M","E","R","B",null,"M","?","$","?","M","E","R","E","T","E","?","E","R","$","R","B","B",null,"R","$","E","B",null],"character_chosen":"IRONCLAD","items_purchased":["Medical Kit","Feel No Pain","Feed","Art of War","Lantern","Sword Boomerang","DollysMirror","Shrug It Off","LiquidBronze"],"campfire_rested":3,"item_purchase_floors":[5,5,5,21,24,24,37,48,54],"current_hp_per_floor":[56,48,41,44,44,24,46,33,33,17,41,41,38,44,44,30,71,62,37,37,37,47,47,47,47,54,65,58,58,51,38,71,37,93,108,105,105,105,107,94,94,114,114,95,95,99,99,99,99,94,103,114,114,114,117,97],"gold":48,"neow_bonus":"TWO_FIFTY_GOLD","is_prod":false,"is_daily":false,"chose_seed":false,"campfire_upgraded":5,"win_rate":0,"timestamp":1542991908,"path_taken":["M","M","?","M","$","E","R","E","T","E","R","?","E","M","R","BOSS","M","?","?","$","M","R","$","R","T","M","?","?","M","E","R","BOSS","M","?","$","?","M","E","R","E","T","E","?","E","R","$","R","BOSS","BOSS","R","$","E","BOSS"],"build_version":"2018-11-15","purchased_purges":2,"victory":true,"max_hp_per_floor":[75,75,75,75,75,75,75,81,81,81,81,81,81,84,84,84,84,87,92,92,92,95,95,95,95,102,105,108,108,108,111,111,111,111,111,105,105,105,108,111,111,114,114,117,117,117,117,117,117,117,117,117,117,117,117,117],"card_choices":[{"not_picked":["Pommel Strike","Thunderclap"],"picked":"Shrug It Off","floor":1},{"not_picked":["Warcry","Perfected Strike"],"picked":"Anger","floor":2},{"not_picked":["Rupture","Ghostly Armor"],"picked":"Pommel Strike","floor":4},{"not_picked":["Infernal Blade","Armaments"],"picked":"Exhume","floor":6},{"not_picked":["Infernal Blade","Flex"],"picked":"Shrug It Off","floor":8},{"not_picked":["Iron Wave","Seeing Red"],"picked":"Shockwave","floor":10},{"not_picked":["Clothesline","Armaments"],"picked":"Demon Form","floor":13},{"not_picked":["Evolve","Warcry","Sever Soul"],"picked":"SKIP","floor":14},{"not_picked":["Berserk","Dark Embrace"],"picked":"Immolate","floor":16},{"not_picked":["Uppercut","Headbutt"],"picked":"Power Through","floor":18},{"not_picked":["Clash","Headbutt","Body Slam"],"picked":"SKIP","floor":22},{"not_picked":["Burning Pact","Cleave"],"picked":"Seeing Red","floor":27},{"not_picked":["Wild Strike","Cleave","Metallicize"],"picked":"SKIP","floor":28},{"not_picked":["Whirlwind","Clothesline","Wild Strike"],"picked":"SKIP","floor":30},{"not_picked":["Combust+1","Warcry+1"],"picked":"Barricade","floor":31},{"not_picked":["Bludgeon","Offering"],"picked":"Reaper","floor":33},{"not_picked":["Flex+1","Heavy Blade","Perfected Strike"],"picked":"SKIP","floor":35},{"not_picked":["Cleave","Searing Blow"],"picked":"Uppercut+1","floor":39},{"not_picked":["Infernal Blade+1","Rage+1"],"picked":"Shrug It Off","floor":40},{"not_picked":["Impervious","Havoc"],"picked":"Disarm","floor":42},{"not_picked":["Pommel Strike","Whirlwind","Twin Strike"],"picked":"SKIP","floor":44},{"not_picked":["Warcry","Clash"],"picked":"Burning Pact","floor":46},{"not_picked":["Sword Boomerang","Evolve"],"picked":"Shrug It Off","floor":55}],"player_experience":608084,"relics_obtained":[{"floor":6,"key":"Bottled Tornado"},{"floor":8,"key":"Blood Vial"},{"floor":9,"key":"Happy Flower"},{"floor":10,"key":"Vajra"},{"floor":13,"key":"Old Coin"},{"floor":26,"key":"Strawberry"},{"floor":31,"key":"Ancient Tea Set"},{"floor":40,"key":"Self Forming Clay"},{"floor":42,"key":"Boot"},{"floor":44,"key":"Peace Pipe"},{"floor":46,"key":"Bag of Marbles"},{"floor":55,"key":"Bottled Lightning"}],"event_choices":[{"cards_removed":["Regret"],"damage_healed":0,"gold_gain":0,"player_choice":"Card Removal","damage_taken":7,"max_hp_gain":0,"max_hp_loss":0,"event_name":"Golden Wing","floor":3,"gold_loss":0},{"damage_healed":0,"gold_gain":0,"player_choice":"Ignored","damage_taken":0,"max_hp_gain":0,"max_hp_loss":0,"event_name":"Liars Game","floor":12,"gold_loss":0},{"damage_healed":0,"gold_gain":0,"player_choice":"Shed Blood","damage_taken":30,"max_hp_gain":5,"max_hp_loss":0,"event_name":"Forgotten Altar","floor":19,"gold_loss":0},{"damage_healed":0,"gold_gain":0,"player_choice":"Ignored","damage_taken":0,"max_hp_gain":0,"max_hp_loss":0,"event_name":"Ghosts","floor":20,"gold_loss":0},{"damage_healed":0,"gold_gain":0,"player_choice":"Bought 1 Potion","damage_taken":0,"max_hp_gain":0,"max_hp_loss":0,"event_name":"The Woman in Blue","floor":29,"gold_loss":0},{"damage_healed":0,"gold_gain":0,"player_choice":"Max HP","damage_taken":0,"max_hp_gain":0,"max_hp_loss":6,"event_name":"Winding Halls","floor":36,"gold_loss":0},{"damage_healed":0,"gold_gain":0,"player_choice":"Paid","damage_taken":0,"relics_obtained":["Red Mask"],"max_hp_gain":0,"max_hp_loss":0,"event_name":"Tomb of Lord Red Mask","floor":38,"gold_loss":11},{"damage_healed":0,"gold_gain":0,"player_choice":"Ignored","damage_taken":0,"max_hp_gain":0,"max_hp_loss":0,"event_name":"Mysterious Sphere","floor":45,"gold_loss":0}],"is_beta":false,"boss_relics":[{"not_picked":["Orrery","Eternal Feather"],"picked":"Astrolabe"},{"not_picked":["Empty Cage","Black Star"],"picked":"Velvet Choker"}],"items_purged_floors":[21,24],"is_endless":false,"potions_floor_spawned":[4,6,8,14,16,22,27,30,44,46,55],"ascension_level":20}