{"gold_per_floor":[116,116,126,138,27,27,59,59,83,111,111,123,123,143,143,220,220,220,220,135,135,10,10,10,0,0,0,0,0,0,0,0,0],"floor_reached":33,"playtime":2117,"items_purged":["Strike_R","Strike_R"],"score":498,"play_id":"89854432-4ab6-4e0e-aa21-4113dbe61dd0","local_time":"20190511113050","is_ascension_mode":true,"campfire_choices":[{"data":"Combust","floor":6,"key":"SMITH"},{"data":"Warcry","floor":8,"key":"SMITH"},{"data":"Rage","floor":11,"key":"SMITH"},{"data":"Bash","floor":15,"key":"SMITH"},{"floor":24,"key":"REST"},{"floor":28,"key":"REST"},{"data":"Demon Form","floor":32,"key":"SMITH"}],"neow_cost":"NONE","seed_source_timestamp":1974235639364838,"circlet_count":0,"master_deck":["AscendersBane","Strike_R","Strike_R+1","Strike_R+1","Defend_R","Defend_R","Defend_R","Defend_R","Bash+1","Metallicize","Combust+1","Rampage+1","Warcry+1","Rage+1","Demon Form+1","Metallicize","Body Slam","Headbutt","Pommel Strike","Inflame"],"relics":["Burning Blood","Whetstone","Blood Vial","Anchor","StoneCalendar","Ectoplasm","Potion Belt","Bag of Marbles","Mango","Lantern","Regal Pillow"],"potions_floor_usage":[7,7,16,18,29],"damage_taken":[{"damage":5,"enemies":"2 Louse","floor":1,"turns":4},{"damage":3,"enemies":"Jaw Worm","floor":3,"turns":6},{"damage":5,"enemies":"Cultist","floor":4,"turns":4},{"damage":13,"enemies":"3 Sentries","floor":7,"turns":9},{"damage":8,"enemies":"Gremlin Nob","floor":10,"turns":3},{"damage":10,"enemies":"Exordium Wildlife","floor":12,"turns":4},{"damage":0,"enemies":"Blue Slaver","floor":14,"turns":4},{"damage":39,"enemies":"Hexaghost","floor":16,"turns":8},{"damage":4,"enemies":"3 Byrds","floor":18,"turns":4},{"damage":50,"enemies":"Gremlin Leader","floor":23,"turns":7},{"damage":17,"enemies":"2 Thieves","floor":25,"turns":4},{"damage":35,"enemies":"Slavers","floor":27,"turns":6},{"damage":11,"enemies":"Centurion and Healer","floor":29,"turns":6},{"damage":21,"enemies":"Shelled Parasite and Fungi","floor":31,"turns":6},{"damage":77,"enemies":"Automaton","floor":33,"turns":6}],"seed_played":"5720931479561564562","potions_obtained":[{"floor":1,"key":"Dexterity Potion"},{"floor":4,"key":"Fire Potion"},{"floor":14,"key":"SteroidPotion"},{"floor":16,"key":"Energy Potion"},{"floor":27,"key":"Swift Potion"}],"is_trial":false,"path_per_floor":["M","?","M","M","$","R","E","R","T","E","R","M","?","M","R","B",null,"M","?","?","T","$","E","R","M","T","E","R","M","?","M","R","B"],"character_chosen":"IRONCLAD","items_purchased":["Rampage","Body Slam"],"campfire_rested":2,"item_purchase_floors":[5,22],"current_hp_per_floor":[69,74,77,78,78,78,71,71,71,71,71,69,69,77,77,46,72,76,76,76,76,76,48,76,67,67,40,83,80,71,58,58,0],"gold":0,"neow_bonus":"RANDOM_COMMON_RELIC","is_prod":false,"is_daily":false,"chose_seed":false,"campfire_upgraded":5,"win_rate":0,"timestamp":1557585050,"path_taken":["M","?","M","M","$","R","E","R","T","E","R","M","?","M","R","BOSS","M","?","?","?","$","E","R","M","T","E","R","M","?","?","R","BOSS"],"build_version":"2019-01-23","purchased_purges":2,"victory":false,"max_hp_per_floor":[75,80,80,80,80,80,80,80,80,80,80,80,80,80,80,80,80,80,80,80,80,80,94,94,94,94,94,94,94,94,94,94,94],"card_choices":[{"not_picked":["Corruption","Hemokinesis"],"picked":"Metallicize","floor":1},{"not_picked":["Flex","Havoc"],"picked":"Combust","floor":3},{"not_picked":["True Grit","Seeing Red","Iron Wave"],"picked":"SKIP","floor":4},{"not_picked":["Perfected Strike","Immolate"],"picked":"Warcry","floor":7},{"not_picked":["Wild Strike","Flame Barrier"],"picked":"Rage","floor":10},{"not_picked":["Spot Weakness","Dual Wield","Flame Barrier"],"picked":"SKIP","floor":12},{"not_picked":["Sword Boomerang","Iron Wave","Perfected Strike"],"picked":"SKIP","floor":14},{"not_picked":["Brutality","Bludgeon"],"picked":"Demon Form","floor":16},{"not_picked":["Armaments","Twin Strike"],"picked":"Metallicize","floor":18},{"not_picked":["Heavy Blade","Hemokinesis"],"picked":"Headbutt","floor":23},{"not_picked":["Infernal Blade","True Grit"],"picked":"Pommel Strike","floor":25},{"not_picked":["Pummel","Barricade","Wild Strike"],"picked":"SKIP","floor":27},{"not_picked":["Thunderclap","Battle Trance"],"picked":"Inflame","floor":29},{"not_picked":["Perfected Strike","True Grit","Twin Strike"],"picked":"SKIP","floor":31}],"player_experience":728624,"relics_obtained":[{"floor":7,"key":"Blood Vial"},{"floor":9,"key":"Anchor"},{"floor":10,"key":"StoneCalendar"},{"floor":21,"key":"Bag of Marbles"},{"floor":23,"key":"Mango"},{"floor":26,"key":"Lantern"},{"floor":27,"key":"Regal Pillow"}],"event_choices":[{"damage_healed":0,"gold_gain":0,"player_choice":"Donut","damage_taken":0,"max_hp_gain":5,"max_hp_loss":0,"event_name":"Big Fish","floor":2,"gold_loss":0},{"damage_healed":0,"gold_gain":0,"player_choice":"Forge","damage_taken":0,"max_hp_gain":0,"max_hp_loss":0,"event_name":"Accursed Blacksmith","floor":13,"gold_loss":0,"cards_upgraded":["Rampage"]},{"damage_healed":0,"gold_gain":0,"player_choice":"Ignored","damage_taken":0,"max_hp_gain":0,"max_hp_loss":0,"event_name":"Vampires","floor":19,"gold_loss":0},{"damage_healed":0,"gold_gain":0,"player_choice":"Obtained Relic","damage_taken":0,"relics_obtained":["Potion Belt"],"max_hp_gain":0,"max_hp_loss":0,"event_name":"Addict","floor":20,"gold_loss":85},{"damage_healed":0,"gold_gain":0,"player_choice":"","damage_taken":9,"max_hp_gain":0,"max_hp_loss":0,"event_name":"Knowing Skull","floor":30,"potions_obtained":[],"gold_loss":0,"cards_obtained":[]}],"is_beta":false,"boss_relics":[{"not_picked":["Black Star","Orrery"],"picked":"Ectoplasm"}],"items_purged_floors":[5,22],"is_endless":false,"potions_floor_spawned":[1,4,14,16,27],"killed_by":"Automaton","ascension_level":14}