{"gold_per_floor":[118,133,133,151,170,200,200,210,210,229,242,254,265,265,265,363,363,376,376,387,402,317,343,343,369,369,369,74,86,86,86,86,182,182,193,193,193,211,223,223,234,259,259,286,286,85,120,20,20,20],"floor_reached":50,"playtime":2749,"items_purged":["Strike_R","Strike_R"],"score":574,"play_id":"3c8f7567-b87a-4d3a-a3a6-782135adfc1d","local_time":"20190331122659","is_ascension_mode":false,"campfire_choices":[{"data":"Whirlwind","floor":7,"key":"SMITH"},{"data":"Uppercut","floor":15,"key":"SMITH"},{"floor":24,"key":"REST"},{"floor":27,"key":"RECALL"},{"floor":32,"key":"REST"},{"floor":40,"key":"REST"},{"floor":45,"key":"REST"},{"floor":49,"key":"REST"}],"neow_cost":"NONE","seed_source_timestamp":611151516526314,"circlet_count":0,"master_deck":["Strike_R","Strike_R","Strike_R","Defend_R","Defend_R","Defend_R","Defend_R","Bash","Whirlwind+1","Shrug It Off","Metallicize","Anger","Battle Trance","Armaments","Uppercut+1","Barricade","Ghostly Armor","Necronomicurse","Disarm","Metallicize","Deep Breath","Demon Form+1","Whirlwind","Seeing Red+1","Rage+1"],"relics":["Burning Blood","Boot","Blood Vial","Mummified Hand","Runic Cube","Necronomicon","Oddly Smooth Stone","Letter Opener","Frozen Egg 2","Tiny Chest","MutagenicStrength","Philosopher\u0027s Stone","Bottled Flame","Bag of Preparation","Bag of Marbles","Sling","Nunchaku"],"potions_floor_usage":[5,6,11,20,33,42,44,50,50],"damage_taken":[{"damage":10,"enemies":"Cultist","floor":1,"turns":5},{"damage":8,"enemies":"Small Slimes","floor":2,"turns":2},{"damage":1,"enemies":"Jaw Worm","floor":4,"turns":4},{"damage":0,"enemies":"2 Fungi Beasts","floor":5,"turns":4},{"damage":25,"enemies":"Lagavulin","floor":6,"turns":7},{"damage":25,"enemies":"Exordium Wildlife","floor":8,"turns":5},{"damage":2,"enemies":"Large Slime","floor":10,"turns":6},{"damage":2,"enemies":"Looter","floor":11,"turns":2},{"damage":2,"enemies":"2 Fungi Beasts","floor":12,"turns":2},{"damage":0,"enemies":"Exordium Wildlife","floor":13,"turns":2},{"damage":40,"enemies":"The Guardian","floor":16,"turns":11},{"damage":8,"enemies":"3 Byrds","floor":18,"turns":4},{"damage":10,"enemies":"2 Thieves","floor":20,"turns":3},{"damage":19,"enemies":"Shelled Parasite and Fungi","floor":21,"turns":4},{"damage":19,"enemies":"Gremlin Leader","floor":23,"turns":11},{"damage":6,"enemies":"Book of Stabbing","floor":25,"turns":6},{"damage":12,"enemies":"3 Cultists","floor":29,"turns":4},{"damage":23,"enemies":"Collector","floor":33,"turns":12},{"damage":19,"enemies":"3 Shapes","floor":35,"turns":5},{"damage":20,"enemies":"3 Darklings","floor":38,"turns":4},{"damage":9,"enemies":"Writhing Mass","floor":39,"turns":5},{"damage":0,"enemies":"Jaw Worm Horde","floor":41,"turns":2},{"damage":34,"enemies":"Reptomancer","floor":42,"turns":4},{"damage":37,"enemies":"Nemesis","floor":44,"turns":5},{"damage":50,"enemies":"Reptomancer","floor":47,"turns":4},{"damage":38,"enemies":"Donu and Deca","floor":50,"turns":2}],"seed_played":"2902275722965046036","potions_obtained":[{"floor":1,"key":"Fire Potion"},{"floor":2,"key":"Block Potion"},{"floor":5,"key":"Fruit Juice"},{"floor":10,"key":"AttackPotion"},{"floor":18,"key":"Dexterity Potion"},{"floor":20,"key":"Ancient Potion"},{"floor":25,"key":"Energy Potion"},{"floor":39,"key":"Fire Potion"},{"floor":42,"key":"Weak Potion"},{"floor":47,"key":"Explosive Potion"}],"is_trial":false,"path_per_floor":["M","M","?","M","M","E","R","M","T","M","M","M","M","?","R","B",null,"M","?","M","M","?","E","R","E","T","R","$","M","$","?","R","B",null,"M","?","?","M","M","R","M","E","T","E","R","$","E","$","R","B"],"character_chosen":"IRONCLAD","items_purchased":["Deep Breath","Tiny Chest","Sling"],"campfire_rested":5,"item_purchase_floors":[28,28,46],"current_hp_per_floor":[76,74,66,71,77,58,58,41,41,47,53,59,67,72,72,40,85,83,67,65,54,54,43,68,70,70,70,70,66,66,66,85,68,85,72,72,72,60,59,84,85,57,57,28,53,53,11,11,36,0],"gold":20,"neow_bonus":"RANDOM_COMMON_RELIC","is_prod":false,"is_daily":false,"chose_seed":false,"campfire_upgraded":2,"win_rate":0,"timestamp":1554046019,"path_taken":["M","?","?","?","M","E","R","M","T","M","M","M","M","?","R","BOSS","M","?","M","M","?","E","R","E","T","R","$","M","?","?","R","BOSS","M","?","?","M","M","R","M","E","T","E","R","$","E","?","R","BOSS"],"build_version":"2019-01-23","purchased_purges":2,"victory":false,"max_hp_per_floor":[80,80,80,80,80,80,80,80,80,80,80,80,80,85,85,85,85,85,85,85,85,85,85,85,85,85,85,85,85,85,85,85,85,85,85,85,85,85,85,85,85,85,85,85,85,85,85,85,85,85],"card_choices":[{"not_picked":["Clash","Second Wind"],"picked":"Whirlwind","floor":1},{"not_picked":["Cleave","True Grit"],"picked":"Shrug It Off","floor":2},{"not_picked":["Thunderclap","True Grit","Sword Boomerang"],"picked":"SKIP","floor":4},{"not_picked":["Wild Strike","Burning Pact"],"picked":"Metallicize","floor":5},{"not_picked":["Shrug It Off","Headbutt"],"picked":"Anger","floor":6},{"not_picked":["Clothesline","Pommel Strike","Infernal Blade"],"picked":"SKIP","floor":8},{"not_picked":["Heavy Blade","Dark Embrace"],"picked":"Battle Trance","floor":10},{"not_picked":["Clothesline","Twin Strike","Clash"],"picked":"SKIP","floor":11},{"not_picked":["Sword Boomerang","Rampage"],"picked":"Armaments","floor":12},{"not_picked":["Armaments","Twin Strike"],"picked":"Uppercut","floor":13},{"not_picked":["Dark Embrace","Berserk"],"picked":"Barricade","floor":16},{"not_picked":["Flex","Havoc"],"picked":"Ghostly Armor","floor":18},{"not_picked":["Perfected Strike","Cleave+1"],"picked":"Disarm","floor":20},{"not_picked":["Anger","Hemokinesis"],"picked":"Metallicize","floor":21},{"not_picked":["Spot Weakness+1","Sentinel","True Grit"],"picked":"SKIP","floor":23},{"not_picked":["Searing Blow","Dual Wield","Exhume"],"picked":"SKIP","floor":25},{"not_picked":["Disarm+1","Combust+1","Headbutt+1"],"picked":"SKIP","floor":29},{"not_picked":["Berserk+1","Barricade+1"],"picked":"Demon Form+1","floor":33},{"not_picked":["Combust+1","Hemokinesis","Perfected Strike+1"],"picked":"SKIP","floor":35},{"not_picked":["Discovery","Forethought"],"picked":"Blind","floor":36},{"not_picked":["Intimidate","Blood for Blood","Second Wind"],"picked":"SKIP","floor":38},{"not_picked":["Shrug It Off+1","Heavy Blade","Clash+1"],"picked":"SKIP","floor":39},{"not_picked":["Cleave+1","Heavy Blade+1","Shrug It Off"],"picked":"SKIP","floor":41},{"not_picked":["Shrug It Off","Armaments+1"],"picked":"Whirlwind","floor":42},{"not_picked":["Shrug It Off","Headbutt+1"],"picked":"Seeing Red+1","floor":44},{"not_picked":["Flame Barrier","Sever Soul"],"picked":"Rage+1","floor":47}],"player_experience":561436,"relics_obtained":[{"floor":6,"key":"Blood Vial"},{"floor":9,"key":"Mummified Hand"},{"floor":19,"key":"Necronomicon"},{"floor":23,"key":"Letter Opener"},{"floor":25,"key":"Frozen Egg 2"},{"floor":42,"key":"Bottled Flame"},{"floor":43,"key":"Bag of Preparation"},{"floor":44,"key":"Bag of Marbles"},{"floor":47,"key":"Nunchaku"}],"event_choices":[{"damage_healed":0,"gold_gain":0,"player_choice":"Damaged","damage_taken":8,"max_hp_gain":0,"max_hp_loss":0,"event_name":"Wheel of Change","floor":3,"gold_loss":0},{"damage_healed":0,"gold_gain":0,"player_choice":"Donut","damage_taken":0,"max_hp_gain":5,"max_hp_loss":0,"event_name":"Big Fish","floor":14,"gold_loss":0},{"damage_healed":0,"gold_gain":0,"player_choice":"Obtained Book","damage_taken":16,"max_hp_gain":0,"max_hp_loss":0,"event_name":"Cursed Tome","floor":19,"gold_loss":0},{"damage_healed":0,"gold_gain":0,"player_choice":"Obtained Relic","damage_taken":0,"relics_obtained":["Oddly Smooth Stone"],"max_hp_gain":0,"max_hp_loss":0,"event_name":"Addict","floor":22,"gold_loss":85},{"damage_healed":0,"gold_gain":0,"player_choice":"Inject Mutagens","damage_taken":0,"relics_obtained":["MutagenicStrength"],"max_hp_gain":0,"max_hp_loss":0,"event_name":"Drug Dealer","floor":31,"gold_loss":0},{"damage_healed":0,"gold_gain":0,"player_choice":"Memory 1","damage_taken":0,"max_hp_gain":0,"max_hp_loss":0,"event_name":"SensoryStone","floor":36,"gold_loss":0},{"cards_removed":["Blind"],"damage_healed":0,"gold_gain":0,"player_choice":"Removed Skill","damage_taken":0,"max_hp_gain":0,"max_hp_loss":0,"event_name":"Falling","floor":37,"gold_loss":0}],"is_beta":false,"boss_relics":[{"not_picked":["Velvet Choker","Runic Dome"],"picked":"Runic Cube"},{"not_picked":["Fusion Hammer","Calling Bell"],"picked":"Philosopher\u0027s Stone"}],"items_purged_floors":[28,48],"is_endless":false,"potions_floor_spawned":[1,2,5,10,18,20,25,39,42,47],"killed_by":"Donu and Deca","ascension_level":0}