{"gold_per_floor":[116,116,129,13,23,54,54,80,80,90,104,137,11,11,11,90,90,61,78,78,95,15,15,49,49,49,77,177,187,212,224,224,297,297,313,5,5,23,37,67,67,67,92,92,119,119,145,16,16,16,16,16,16,16,47,47],"floor_reached":56,"playtime":5034,"items_purged":["Strike_R","Cleave"],"score":2197,"play_id":"2dc09a2e-06d2-4546-8eab-c21997a52083","local_time":"20190610020822","is_ascension_mode":true,"campfire_choices":[{"data":"Uppercut","floor":7.0,"key":"SMITH"},{"data":"Spot Weakness","floor":15.0,"key":"SMITH"},{"data":"Flame Barrier","floor":23.0,"key":"SMITH"},{"data":"Inflame","floor":25.0,"key":"SMITH"},{"floor":32.0,"key":"RECALL"},{"floor":41.0,"key":"REST"},{"floor":44.0,"key":"REST"},{"floor":49.0,"key":"REST"},{"floor":53.0,"key":"REST"}],"neow_cost":"TEN_PERCENT_HP_LOSS","seed_source_timestamp":45188213933633,"circlet_count":0,"master_deck":["AscendersBane","Defend_R","Defend_R","Bash","Headbutt","Uppercut+1","Inflame+1","Shrug It Off","Impervious","Flame Barrier+1","Spot Weakness+1","Shrug It Off+1","Bite","Bite+1","Bite","Bite+1","Bite","Combust+1","Entrench","Feed","Shrug It Off","Shockwave","Shrug It Off","True Grit+1","Shrug It Off","Flame Barrier","Heavy Blade","Flame Barrier","Evolve"],"special_seed":0,"relics":["Burning Blood","Du-Vu Doll","Ginger","Calipers","Magic Flower","The Courier","Snecko Eye","Whetstone","Paper Frog","Charon\u0027s Ashes","Unceasing Top","Darkstone Periapt","Juzu Bracelet","Fusion Hammer","Bag of Preparation","Bag of Marbles","Pear","Mercury Hourglass","Gremlin Horn","Ornamental Fan"],"potions_floor_usage":[56,56],"damage_taken":[{"damage":7.0,"enemies":"Jaw Worm","floor":1.0,"turns":3.0},{"damage":6.0,"enemies":"Cultist","floor":3.0,"turns":3.0},{"damage":1.0,"enemies":"Small Slimes","floor":5.0,"turns":2.0},{"damage":32.0,"enemies":"3 Sentries","floor":6.0,"turns":10.0},{"damage":19.0,"enemies":"Lagavulin","floor":8.0,"turns":5.0},{"damage":3.0,"enemies":"Gremlin Gang","floor":10.0,"turns":4.0},{"damage":11.0,"enemies":"Exordium Wildlife","floor":11.0,"turns":4.0},{"damage":30.0,"enemies":"3 Sentries","floor":12.0,"turns":8.0},{"damage":42.0,"enemies":"Slime Boss","floor":16.0,"turns":10.0},{"damage":10.0,"enemies":"2 Thieves","floor":18.0,"turns":4.0},{"damage":1.0,"enemies":"3 Byrds","floor":19.0,"turns":2.0},{"damage":31.0,"enemies":"Sentry and Sphere","floor":21.0,"turns":7.0},{"damage":36.0,"enemies":"Slavers","floor":24.0,"turns":7.0},{"damage":14.0,"enemies":"Book of Stabbing","floor":27.0,"turns":4.0},{"damage":17.0,"enemies":"Colosseum Slavers","floor":28.0,"turns":5.0},{"damage":72.0,"enemies":"Colosseum Nobs","floor":28.0,"turns":8.0},{"damage":0.0,"enemies":"Snecko","floor":29.0,"turns":5.0},{"damage":21.0,"enemies":"Gremlin Leader","floor":30.0,"turns":5.0},{"damage":5.0,"enemies":"Centurion and Healer","floor":31.0,"turns":8.0},{"damage":14.0,"enemies":"Champ","floor":33.0,"turns":17.0},{"damage":20.0,"enemies":"3 Darklings","floor":35.0,"turns":10.0},{"damage":10.0,"enemies":"Orb Walker","floor":38.0,"turns":4.0},{"damage":3.0,"enemies":"4 Shapes","floor":39.0,"turns":6.0},{"damage":13.0,"enemies":"Nemesis","floor":40.0,"turns":13.0},{"damage":64.0,"enemies":"Reptomancer","floor":45.0,"turns":9.0},{"damage":0.0,"enemies":"Giant Head","floor":47.0,"turns":11.0},{"damage":99.0,"enemies":"Time Eater","floor":50.0,"turns":15.0},{"damage":42.0,"enemies":"Awakened One","floor":51.0,"turns":25.0},{"damage":93,"enemies":"Shield and Spear","floor":55,"turns":15},{"damage":75,"enemies":"The Heart","floor":56,"turns":12}],"seed_played":"-4092926383293347229","potions_obtained":[{"floor":1.0,"key":"LiquidBronze"},{"floor":5.0,"key":"Regen Potion"},{"floor":8.0,"key":"SkillPotion"},{"floor":10.0,"key":"Poison Potion"},{"floor":18.0,"key":"Explosive Potion"},{"floor":27.0,"key":"SpeedPotion"},{"floor":28.0,"key":"Swift Potion"},{"floor":30.0,"key":"Strength Potion"},{"floor":38.0,"key":"Swift Potion"},{"floor":39.0,"key":"PowerPotion"},{"floor":55,"key":"Block Potion"}],"is_trial":false,"path_per_floor":["M","?","M","$","M","E","R","E","T","M","M","E","$","?","R","B",null,"M","M","?","M","$","R","E","R","T","E","?","M","E","M","R","B",null,"M","$","?","M","M","E","R","?","T","R","E","?","E","$","R","B","B",null,"R","$","E","B"],"character_chosen":"IRONCLAD","items_purchased":["Uppercut","Blood Vial","Bag of Preparation","Shockwave","Bag of Marbles","Flame Barrier","Evolve"],"campfire_rested":4,"item_purchase_floors":[4,13,36,36,36,48,48],"current_hp_per_floor":[67,67,67,67,68,57,57,44,44,50,48,27,27,68,68,35,60,62,68,68,67,67,67,55,55,55,64,29,56,68,68,68,68,68,71,71,71,74,77,87,87,82,82,87,55,55,88,88,93,45,96,98,99,99,60,0],"gold":47,"neow_bonus":"ONE_RARE_RELIC","is_prod":false,"is_daily":false,"chose_seed":false,"campfire_upgraded":4,"win_rate":0,"timestamp":1560125302,"path_taken":["M","?","M","$","M","E","R","E","T","M","M","E","?","?","R","BOSS","M","?","?","M","$","R","E","R","T","E","?","M","E","M","R","BOSS","M","$","?","M","M","E","R","?","T","R","E","?","E","?","R","BOSS","BOSS","R","$","E","BOSS"],"build_version":"2019-01-23","purchased_purges":2,"victory":false,"max_hp_per_floor":[68,68,68,68,68,68,68,68,68,68,68,68,68,68,68,68,68,68,68,68,68,68,68,68,68,68,68,68,68,68,68,68,68,68,71,71,71,74,77,87,87,87,87,87,90,90,93,93,93,96,99,99,99,99,99,99],"card_choices":[{"not_picked":["Ghostly Armor","Clash"],"picked":"Headbutt","floor":1.0},{"not_picked":["Armaments","True Grit"],"picked":"Rage","floor":3.0},{"not_picked":["Havoc","Rage"],"picked":"Inflame","floor":5.0},{"not_picked":["Hemokinesis","Reckless Charge"],"picked":"Shrug It Off","floor":6.0},{"not_picked":["Clash","Havoc"],"picked":"Impervious","floor":8.0},{"not_picked":["Heavy Blade","Pummel"],"picked":"Cleave","floor":10.0},{"not_picked":["Clothesline","Dual Wield"],"picked":"Flame Barrier","floor":11.0},{"not_picked":["Havoc","Exhume"],"picked":"Spot Weakness","floor":12.0},{"not_picked":["Feel No Pain","Flex"],"picked":"Shrug It Off+1","floor":18.0},{"not_picked":["Clash+1","Perfected Strike","Sword Boomerang"],"picked":"SKIP","floor":19.0},{"not_picked":["Rampage","Double Tap","Sword Boomerang"],"picked":"SKIP","floor":21.0},{"not_picked":["Flex","Iron Wave","Body Slam"],"picked":"SKIP","floor":24.0},{"not_picked":["Warcry","Iron Wave+1"],"picked":"Combust+1","floor":27.0},{"not_picked":["Berserk","Headbutt"],"picked":"Entrench","floor":28.0},{"not_picked":["Burning Pact","Headbutt","Inflame"],"picked":"SKIP","floor":29.0},{"not_picked":["Infernal Blade","Bloodletting","Twin Strike"],"picked":"SKIP","floor":30.0},{"not_picked":["Hemokinesis","Metallicize","Searing Blow+1"],"picked":"SKIP","floor":31.0},{"not_picked":["Exhume","Juggernaut"],"picked":"Feed","floor":33.0},{"not_picked":["Metallicize","Clothesline"],"picked":"Shrug It Off","floor":35.0},{"not_picked":["Perfected Strike","Clothesline"],"picked":"Shrug It Off","floor":38.0},{"not_picked":["Cleave","Headbutt+1"],"picked":"True Grit+1","floor":39.0},{"not_picked":["True Grit","Heavy Blade"],"picked":"Shrug It Off","floor":40.0},{"not_picked":["Uppercut+1","Power Through"],"picked":"Flame Barrier","floor":45.0},{"not_picked":["Headbutt+1","Metallicize"],"picked":"Heavy Blade","floor":47.0},{"not_picked":["Searing Blow+1","Intimidate","Cleave"],"picked":"SKIP","floor":55}],"player_experience":1328984,"relics_obtained":[{"floor":6.0,"key":"Ginger"},{"floor":8.0,"key":"Calipers"},{"floor":9.0,"key":"Magic Flower"},{"floor":12.0,"key":"The Courier"},{"floor":24.0,"key":"Whetstone"},{"floor":26.0,"key":"Paper Frog"},{"floor":27.0,"key":"Charon\u0027s Ashes"},{"floor":28.0,"key":"Unceasing Top"},{"floor":28.0,"key":"Darkstone Periapt"},{"floor":30.0,"key":"Juzu Bracelet"},{"floor":40.0,"key":"Pear"},{"floor":45.0,"key":"Mercury Hourglass"},{"floor":47.0,"key":"Gremlin Horn"},{"floor":55,"key":"Ornamental Fan"}],"event_choices":[{"damage_healed":0.0,"max_hp_gain":0.0,"max_hp_loss":0.0,"gold_gain":0.0,"event_name":"Match and Keep!","player_choice":"0 cards matched","floor":2.0,"gold_loss":0.0,"damage_taken":0.0,"cards_obtained":[]},{"cards_removed":["Rage"],"damage_healed":41.0,"max_hp_gain":0.0,"max_hp_loss":0.0,"gold_gain":0.0,"event_name":"Bonfire Elementals","player_choice":"Offered Uncommon","floor":14.0,"gold_loss":0.0,"damage_taken":0.0},{"damage_healed":0.0,"max_hp_gain":0.0,"max_hp_loss":0.0,"gold_gain":0.0,"event_name":"Vampires","player_choice":"Became a vampire (Vial)","floor":20.0,"relics_lost":["Blood Vial"],"gold_loss":0.0,"damage_taken":0.0,"cards_obtained":["Bite","Bite","Bite","Bite","Bite"]},{"damage_healed":0.0,"max_hp_gain":0.0,"max_hp_loss":0.0,"gold_gain":0.0,"event_name":"Colosseum","player_choice":"Fight","floor":28.0,"gold_loss":0.0,"damage_taken":0.0},{"damage_healed":0.0,"max_hp_gain":0.0,"max_hp_loss":0.0,"gold_gain":0.0,"event_name":"Colosseum","player_choice":"Fought Nobs","floor":28.0,"gold_loss":0.0,"damage_taken":0.0},{"cards_removed":["Defend_R"],"damage_healed":0.0,"max_hp_gain":0.0,"max_hp_loss":0.0,"gold_gain":0.0,"event_name":"Falling","player_choice":"Removed Skill","floor":37.0,"gold_loss":0.0,"damage_taken":0.0},{"damage_healed":0.0,"max_hp_gain":0.0,"max_hp_loss":0.0,"gold_gain":0.0,"event_name":"The Woman in Blue","player_choice":"Bought 0 Potions","floor":42.0,"gold_loss":0.0,"damage_taken":0.0},{"cards_removed":["Defend_R"],"damage_healed":0.0,"max_hp_gain":0.0,"max_hp_loss":0.0,"gold_gain":0.0,"event_name":"Wheel of Change","player_choice":"Card Removal","floor":46.0,"gold_loss":0.0,"damage_taken":0.0}],"is_beta":false,"boss_relics":[{"not_picked":["Astrolabe","Coffee Dripper"],"picked":"Snecko Eye"},{"not_picked":["Runic Pyramid","White Beast Statue"],"picked":"Fusion Hammer"}],"items_purged_floors":[4,22],"is_endless":false,"potions_floor_spawned":[1,5,8,10,12,18,19,27,28,30,31,38,39,47,55],"killed_by":"The Heart","ascension_level":20}