{"gold_per_floor":[109,109,121,11,11,38,38,66,66,81,81,91,16,28,28,123,123,133,147,11,11,11,39,52,52,77,92,105,124,124,124,124,124],"floor_reached":33,"playtime":2578,"items_purged":["Regret","Strike_B"],"score":316,"play_id":"487e6d4a-e892-4f2e-9419-2f10b91fc0fa","local_time":"20190131151027","is_ascension_mode":true,"campfire_choices":[{"data":"Zap","floor":7,"key":"SMITH"},{"data":"White Noise","floor":11,"key":"SMITH"},{"data":"Defragment","floor":15,"key":"SMITH"},{"floor":25,"key":"REST"},{"floor":30,"key":"REST"},{"floor":32,"key":"REST"}],"neow_cost":"NONE","seed_source_timestamp":876463430622141,"circlet_count":0,"master_deck":["Strike_B","Defend_B","Defend_B","Defend_B","Zap+1","Dualcast","Recycle","Beam Cell","White Noise+1","FTL","Steam Power","BootSequence","Coolheaded","Defragment+1","Rebound","Reboot","Turbo","Self Repair","Decay","White Noise","Rainbow"],"relics":["Cracked Core","Thread and Needle","Pen Nib","Pear","Singing Bowl","Empty Cage","Unceasing Top","Regal Pillow","MutagenicStrength"],"potions_floor_usage":[16,16,16,23,27,28,33],"damage_taken":[{"damage":1,"enemies":"Jaw Worm","floor":1,"turns":4},{"damage":1,"enemies":"Small Slimes","floor":3,"turns":4},{"damage":19,"enemies":"Gremlin Nob","floor":6,"turns":4},{"damage":4,"enemies":"Lagavulin","floor":8,"turns":5},{"damage":0,"enemies":"2 Louse","floor":10,"turns":3},{"damage":0,"enemies":"Looter","floor":12,"turns":3},{"damage":0,"enemies":"3 Louse","floor":14,"turns":5},{"damage":13,"enemies":"Slime Boss","floor":16,"turns":11},{"damage":9,"enemies":"2 Thieves","floor":18,"turns":4},{"damage":0,"enemies":"Chosen","floor":19,"turns":3},{"damage":25,"enemies":"Slavers","floor":23,"turns":7},{"damage":61,"enemies":"3 Cultists","floor":24,"turns":7},{"damage":15,"enemies":"Shelled Parasite and Fungi","floor":27,"turns":4},{"damage":9,"enemies":"Centurion and Healer","floor":28,"turns":9},{"damage":28,"enemies":"Snake Plant","floor":29,"turns":4},{"damage":117,"enemies":"Automaton","floor":33,"turns":12}],"seed_played":"-7598533081956811860","potions_obtained":[{"floor":8,"key":"Energy Potion"},{"floor":10,"key":"Regen Potion"},{"floor":12,"key":"Weak Potion"},{"floor":16,"key":"Fire Potion"},{"floor":24,"key":"Swift Potion"},{"floor":27,"key":"SpeedPotion"},{"floor":29,"key":"Strength Potion"}],"is_trial":false,"path_per_floor":["M","?","M","$","?","E","R","E","T","M","R","M","$","M","R","B",null,"M","M","$","?","?","E","M","R","T","M","M","M","R","?","R","B"],"character_chosen":"DEFECT","items_purchased":["FTL","Defragment","Self Repair"],"campfire_rested":3,"item_purchase_floors":[4,13,20],"current_hp_per_floor":[74,74,73,73,73,54,54,60,60,60,60,62,62,62,62,64,87,80,80,80,80,80,64,12,39,39,31,31,3,46,46,89,0],"gold":124,"neow_bonus":"TRANSFORM_CARD","is_prod":false,"is_daily":false,"chose_seed":false,"campfire_upgraded":3,"win_rate":0,"timestamp":1548961827,"path_taken":["M","?","M","$","?","E","R","E","T","M","R","M","$","M","R","BOSS","M","M","$","?","?","E","M","R","T","M","M","M","R","?","R","BOSS"],"build_version":"2019-01-23","purchased_purges":2,"victory":false,"max_hp_per_floor":[75,75,75,75,75,75,75,85,85,85,85,87,87,87,87,87,87,89,89,89,89,89,91,93,93,93,93,95,95,95,95,95,95],"card_choices":[{"not_picked":["Compile Driver","Steam"],"picked":"Beam Cell","floor":1},{"not_picked":["Stack","Force Field"],"picked":"White Noise","floor":3},{"not_picked":["Fission","Stack"],"picked":"Steam Power","floor":6},{"not_picked":["Tempest","Reinforced Body"],"picked":"BootSequence","floor":8},{"not_picked":["Cold Snap","Gash"],"picked":"Coolheaded","floor":10},{"not_picked":["Gash","Reinforced Body","Capacitor"],"picked":"Singing Bowl","floor":12},{"not_picked":["Compile Driver","Blizzard"],"picked":"Rebound","floor":14},{"not_picked":["Biased Cognition","Core Surge"],"picked":"Reboot","floor":16},{"not_picked":["Rebound+1","Streamline","Turbo"],"picked":"Singing Bowl","floor":18},{"not_picked":["Self Repair","Redo"],"picked":"Turbo","floor":19},{"not_picked":["Go for the Eyes","Static Discharge","Barrage"],"picked":"Singing Bowl","floor":23},{"not_picked":["Rebound+1","Cold Snap","Compile Driver"],"picked":"Singing Bowl","floor":24},{"not_picked":["Rebound","Ball Lightning"],"picked":"White Noise","floor":27},{"not_picked":["Stack","Scrape","Sweeping Beam"],"picked":"Singing Bowl","floor":28},{"not_picked":["Streamline","Auto Shields"],"picked":"Rainbow","floor":29}],"player_experience":372520,"relics_obtained":[{"floor":6,"key":"Pen Nib"},{"floor":8,"key":"Pear"},{"floor":9,"key":"Singing Bowl"},{"floor":23,"key":"Unceasing Top"},{"floor":26,"key":"Regal Pillow"}],"event_choices":[{"damage_healed":0,"gold_gain":0,"player_choice":"Box","damage_taken":0,"relics_obtained":["Thread and Needle"],"max_hp_gain":0,"max_hp_loss":0,"event_name":"Big Fish","floor":2,"gold_loss":0,"cards_obtained":["Regret"]},{"damage_healed":0,"gold_gain":0,"player_choice":"Fled","damage_taken":0,"max_hp_gain":0,"max_hp_loss":0,"event_name":"Scrap Ooze","floor":5,"gold_loss":0},{"damage_healed":0,"gold_gain":0,"player_choice":"Smashed Altar","damage_taken":0,"max_hp_gain":0,"max_hp_loss":0,"event_name":"Forgotten Altar","floor":21,"gold_loss":0,"cards_obtained":["Decay"]},{"damage_healed":0,"gold_gain":0,"player_choice":"Ignored","damage_taken":0,"max_hp_gain":0,"max_hp_loss":0,"event_name":"Vampires","floor":22,"gold_loss":0},{"damage_healed":0,"gold_gain":0,"player_choice":"Inject Mutagens","damage_taken":0,"relics_obtained":["MutagenicStrength"],"max_hp_gain":0,"max_hp_loss":0,"event_name":"Drug Dealer","floor":31,"gold_loss":0}],"is_beta":false,"boss_relics":[{"not_picked":["Tiny House","Sozu"],"picked":"Empty Cage"}],"items_purged_floors":[4,20],"is_endless":false,"potions_floor_spawned":[8,10,12,16,24,27,29],"killed_by":"Automaton","ascension_level":1}