{"gold_per_floor":[111,128,128,128,53,84,84,102,102,129,129,186,199,212,212,316,316,331,430,430,430,445,445,303,303,303,235,255,273,273,287,287,386,386,401,401,501,123,137,137,151,151,223,223],"floor_reached":44,"playtime":2467,"items_purged":["Strike_R","Strike_R"],"score":617,"play_id":"8c0cdbbb-ddeb-4f0a-adb8-bc158a5404f1","local_time":"20190529225014","is_ascension_mode":true,"campfire_choices":[{"data":"Pommel Strike","floor":7,"key":"SMITH"},{"data":"Havoc","floor":11,"key":"SMITH"},{"data":"Bludgeon","floor":15,"key":"SMITH"},{"data":"Armaments","floor":23,"key":"SMITH"},{"data":"Limit Break","floor":25,"key":"SMITH"},{"data":"Flame Barrier","floor":32,"key":"SMITH"},{"data":"True Grit","floor":42,"key":"SMITH"}],"neow_cost":"NONE","seed_source_timestamp":4235303614036545,"circlet_count":0,"master_deck":["Defend_R","Bash","Pommel Strike+1","Flex","Impervious","Sword Boomerang","Ghostly Armor","Havoc+1","Disarm","Bludgeon+1","Sword Boomerang","Limit Break+1","Flex+1","Dark Embrace+1","Combust+1","Feel No Pain","Armaments+1","Metallicize+1","Flame Barrier+1","Rupture+1","True Grit+1","Rampage","Fiend Fire","Anger","Berserk+1","Double Tap","Infernal Blade+1","Body Slam+1","Battle Trance","Heavy Blade+1","Blind","Carnage"],"relics":["Burning Blood","NeowsBlessing","Thread and Needle","Ornamental Fan","Mercury Hourglass","Meat on the Bone","Bottled Lightning","Astrolabe","Frozen Egg 2","Dodecahedron","Black Star","Torii","Medical Kit","Singing Bowl"],"potions_floor_usage":[16,16,28,33,44],"damage_taken":[{"damage":0,"enemies":"Small Slimes","floor":1,"turns":1},{"damage":0,"enemies":"Jaw Worm","floor":2,"turns":1},{"damage":0,"enemies":"Gremlin Nob","floor":6,"turns":1},{"damage":0,"enemies":"2 Louse","floor":8,"turns":2},{"damage":12,"enemies":"3 Sentries","floor":10,"turns":6},{"damage":2,"enemies":"3 Sentries","floor":12,"turns":6},{"damage":2,"enemies":"Blue Slaver","floor":13,"turns":3},{"damage":0,"enemies":"Gremlin Gang","floor":14,"turns":4},{"damage":82,"enemies":"Slime Boss","floor":16,"turns":9},{"damage":11,"enemies":"2 Thieves","floor":18,"turns":4},{"damage":1,"enemies":"Spheric Guardian","floor":22,"turns":2},{"damage":25,"enemies":"Shelled Parasite and Fungi","floor":28,"turns":8},{"damage":20,"enemies":"Centurion and Healer","floor":29,"turns":7},{"damage":20,"enemies":"Snake Plant","floor":31,"turns":3},{"damage":52,"enemies":"Collector","floor":33,"turns":10},{"damage":5,"enemies":"Orb Walker","floor":35,"turns":4},{"damage":12,"enemies":"Mind Bloom Boss Battle","floor":37,"turns":6},{"damage":22,"enemies":"3 Shapes","floor":39,"turns":9},{"damage":20,"enemies":"Maw","floor":41,"turns":8},{"damage":60,"enemies":"Reptomancer","floor":44,"turns":2}],"seed_played":"-3232480772339604077","potions_obtained":[{"floor":8,"key":"LiquidBronze"},{"floor":10,"key":"Regen Potion"},{"floor":16,"key":"GamblersBrew"},{"floor":28,"key":"FairyPotion"},{"floor":29,"key":"Block Potion"},{"floor":33,"key":"Ancient Potion"},{"floor":37,"key":"GamblersBrew"}],"is_trial":false,"path_per_floor":["M","M","?","T","$","E","R","M","T","E","R","?","M","M","R","B",null,"M","?","?","T","M","R","$","R","T","$","M","M","?","M","R","B",null,"M","?","?","$","M","?","M","R","T","E"],"character_chosen":"IRONCLAD","items_purchased":["Metallicize+1","Flame Barrier","Rupture+1","Medical Kit","Battle Trance"],"campfire_rested":0,"item_purchase_floors":[24,24,27,38,38],"current_hp_per_floor":[78,80,80,80,80,80,80,80,80,74,74,78,80,80,80,30,68,63,63,63,63,68,68,68,68,68,68,49,47,47,45,45,25,66,67,67,61,61,57,57,55,55,55,0],"gold":223,"neow_bonus":"THREE_ENEMY_KILL","is_prod":false,"is_daily":false,"chose_seed":false,"campfire_upgraded":7,"win_rate":0,"timestamp":1559184614,"path_taken":["M","M","?","?","?","E","R","?","T","E","R","?","M","M","R","BOSS","M","?","?","?","M","R","$","R","T","$","?","M","?","M","R","BOSS","M","?","?","$","?","?","M","R","T","E"],"build_version":"2019-01-23","purchased_purges":2,"victory":false,"max_hp_per_floor":[80,80,80,80,80,80,80,80,80,80,80,80,80,80,80,80,80,80,80,80,80,80,80,80,80,80,80,80,80,80,80,80,80,80,80,80,80,80,80,80,80,80,80,80],"card_choices":[{"not_picked":["Sword Boomerang","Fire Breathing"],"picked":"Pommel Strike","floor":1},{"not_picked":["Thunderclap","True Grit"],"picked":"Flex","floor":2},{"not_picked":["Infernal Blade","Pommel Strike"],"picked":"Sword Boomerang","floor":6},{"not_picked":["Pommel Strike","Power Through"],"picked":"Ghostly Armor","floor":8},{"not_picked":["Warcry","Power Through"],"picked":"Havoc","floor":10},{"not_picked":["Uppercut","Corruption"],"picked":"Disarm","floor":12},{"not_picked":["Entrench","True Grit"],"picked":"Bludgeon","floor":13},{"not_picked":["Clash","Iron Wave"],"picked":"Sword Boomerang","floor":14},{"not_picked":["Berserk","Brutality"],"picked":"Limit Break","floor":16},{"not_picked":["Combust","Cleave"],"picked":"Feel No Pain","floor":18},{"not_picked":["Ghostly Armor+1","Battle Trance"],"picked":"Armaments","floor":22},{"not_picked":["Reckless Charge+1","Wild Strike"],"picked":"True Grit","floor":28},{"not_picked":["Pommel Strike","Clash+1"],"picked":"Rampage","floor":29},{"not_picked":["Thunderclap","Whirlwind"],"picked":"Berserk+1","floor":31},{"not_picked":["Fiend Fire","Limit Break"],"picked":"Double Tap","floor":33},{"not_picked":["Flex","Warcry"],"picked":"Infernal Blade+1","floor":35},{"not_picked":["Armaments","Perfected Strike"],"picked":"Body Slam+1","floor":37},{"not_picked":["Wild Strike","Searing Blow"],"picked":"Heavy Blade+1","floor":39},{"not_picked":["Chrysalis","Deep Breath"],"picked":"Blind","floor":40},{"not_picked":["Armaments","Whirlwind"],"picked":"Carnage","floor":41}],"player_experience":180644,"relics_obtained":[{"floor":4,"key":"Thread and Needle"},{"floor":6,"key":"Ornamental Fan"},{"floor":9,"key":"Mercury Hourglass"},{"floor":10,"key":"Meat on the Bone"},{"floor":12,"key":"Bottled Lightning"},{"floor":21,"key":"Frozen Egg 2"},{"floor":26,"key":"Dodecahedron"},{"floor":37,"key":"Torii"},{"floor":43,"key":"Singing Bowl"}],"event_choices":[{"damage_healed":0,"gold_gain":0,"cards_transformed":["Strike_R"],"player_choice":"Change","damage_taken":0,"max_hp_gain":0,"max_hp_loss":0,"event_name":"Living Wall","floor":3,"gold_loss":0,"cards_obtained":["Impervious"]},{"damage_healed":0,"gold_gain":30,"player_choice":"Searched \u00272\u0027 times","damage_taken":0,"max_hp_gain":0,"max_hp_loss":0,"event_name":"Dead Adventurer","floor":12,"gold_loss":0},{"damage_healed":0,"gold_gain":99,"player_choice":"Stole From Cult","damage_taken":0,"max_hp_gain":0,"max_hp_loss":0,"event_name":"Nest","floor":19,"gold_loss":0},{"damage_healed":0,"gold_gain":0,"player_choice":"Ignored","damage_taken":0,"max_hp_gain":0,"max_hp_loss":0,"event_name":"Ghosts","floor":20,"gold_loss":0},{"damage_healed":0,"gold_gain":0,"cards_transformed":["Defend_R","Defend_R"],"player_choice":"Became Test Subject","damage_taken":0,"max_hp_gain":0,"max_hp_loss":0,"event_name":"Drug Dealer","floor":30,"gold_loss":0,"cards_obtained":["Fiend Fire","Anger"]},{"damage_healed":0,"gold_gain":0,"player_choice":"Ignored","damage_taken":0,"max_hp_gain":0,"max_hp_loss":0,"event_name":"Tomb of Lord Red Mask","floor":36,"gold_loss":0},{"damage_healed":0,"gold_gain":0,"player_choice":"Fight","damage_taken":0,"max_hp_gain":0,"max_hp_loss":0,"event_name":"MindBloom","floor":37,"gold_loss":0},{"damage_healed":0,"gold_gain":0,"player_choice":"Memory 1","damage_taken":0,"max_hp_gain":0,"max_hp_loss":0,"event_name":"SensoryStone","floor":40,"gold_loss":0}],"is_beta":false,"boss_relics":[{"not_picked":["Orrery","Coffee Dripper"],"picked":"Astrolabe"},{"not_picked":["Snecko Eye","Runic Cube"],"picked":"Black Star"}],"items_purged_floors":[5,38],"is_endless":false,"potions_floor_spawned":[8,10,16,28,29,33,37],"killed_by":"Reptomancer","ascension_level":8}