{"gold_per_floor":[115,133,133,150,36,71,71,96,120,148,148,162,162,197,197,296,296,308,308,155,155,155,188,188,222,249,277,12,12,31,31,31,31],"floor_reached":33,"playtime":1444,"items_purged":["Strike_B","Defend_B"],"score":392,"play_id":"a24e9f10-2a5f-46fe-a3c3-15111103042f","local_time":"20190601143856","is_ascension_mode":true,"campfire_choices":[{"data":"Trip","floor":7,"key":"SMITH"},{"floor":11,"key":"REST"},{"data":"Zap","floor":15,"key":"SMITH"},{"floor":24,"key":"REST"},{"floor":29,"key":"REST"},{"floor":32,"key":"REST"}],"neow_cost":"NONE","seed_source_timestamp":1233866147859796,"circlet_count":0,"master_deck":["Strike_B","Strike_B","Defend_B+1","Defend_B+1","Defend_B","Zap+1","Dualcast","Coolheaded","Cold Snap","Rip and Tear","Trip+1","Steam","Compile Driver","Doom and Gloom","Genetic Algorithm","Cold Snap","Genetic Algorithm","Buffer","Defragment","Rip and Tear","Turbo","Self Repair"],"relics":["Cracked Core","NeowsBlessing","Omamori","War Paint","Pen Nib","Nunchaku","Bottled Lightning","Velvet Choker","MutagenicStrength","Juzu Bracelet","Bag of Marbles","PreservedInsect","Shuriken","Membership Card","Turnip"],"potions_floor_usage":[6,23,23,25,27],"damage_taken":[{"damage":0,"enemies":"2 Louse","floor":1,"turns":1},{"damage":0,"enemies":"Cultist","floor":2,"turns":1},{"damage":0,"enemies":"Jaw Worm","floor":4,"turns":1},{"damage":23,"enemies":"Lagavulin","floor":6,"turns":6},{"damage":24,"enemies":"Gremlin Nob","floor":8,"turns":4},{"damage":15,"enemies":"3 Sentries","floor":10,"turns":6},{"damage":0,"enemies":"Blue Slaver","floor":12,"turns":2},{"damage":14,"enemies":"Gremlin Nob","floor":14,"turns":3},{"damage":27,"enemies":"The Guardian","floor":16,"turns":12},{"damage":11,"enemies":"Spheric Guardian","floor":18,"turns":4},{"damage":35,"enemies":"Book of Stabbing","floor":23,"turns":8},{"damage":26,"enemies":"Slavers","floor":25,"turns":5},{"damage":3,"enemies":"Book of Stabbing","floor":27,"turns":3},{"damage":8,"enemies":"2 Thieves","floor":30,"turns":3},{"damage":71,"enemies":"Automaton","floor":33,"turns":8}],"seed_played":"8561488541435298130","potions_obtained":[{"floor":2,"key":"Poison Potion"},{"floor":8,"key":"Regen Potion"},{"floor":12,"key":"Dexterity Potion"},{"floor":14,"key":"SpeedPotion"},{"floor":23,"key":"Poison Potion"},{"floor":25,"key":"AttackPotion"}],"is_trial":false,"path_per_floor":["M","M","?","M","$","E","R","E","T","E","R","M","?","E","R","B",null,"M","?","$","?","?","E","R","E","T","E","$","R","M","T","R","B"],"character_chosen":"DEFECT","items_purchased":["Trip","Steam","Defragment","Membership Card","Self Repair"],"campfire_rested":4,"item_purchase_floors":[5,5,20,28,28],"current_hp_per_floor":[75,75,75,75,75,52,52,28,28,13,35,35,60,46,46,19,75,64,64,64,50,50,15,39,27,27,24,24,48,47,47,71,0],"gold":31,"neow_bonus":"THREE_ENEMY_KILL","is_prod":false,"is_daily":false,"chose_seed":false,"campfire_upgraded":2,"win_rate":0,"timestamp":1559410736,"path_taken":["M","M","?","?","$","E","R","E","T","E","R","M","?","E","R","BOSS","M","?","$","?","?","E","R","E","T","E","$","R","M","?","R","BOSS"],"build_version":"2019-01-23","purchased_purges":2,"victory":false,"max_hp_per_floor":[75,75,75,75,75,75,75,75,75,75,75,75,75,75,75,75,75,75,75,75,80,80,80,80,80,80,80,80,80,80,80,80,80],"card_choices":[{"not_picked":["Beam Cell","Redo"],"picked":"Coolheaded","floor":1},{"not_picked":["Auto Shields","Beam Cell"],"picked":"Cold Snap","floor":2},{"not_picked":["Rip and Tear","Hologram","Machine Learning"],"picked":"SKIP","floor":4},{"not_picked":["Hologram","Machine Learning"],"picked":"Rip and Tear","floor":4},{"not_picked":["Beam Cell","Sweeping Beam"],"picked":"Compile Driver","floor":6},{"not_picked":["Blizzard","Beam Cell"],"picked":"Doom and Gloom","floor":8},{"not_picked":["Gash","Barrage"],"picked":"Genetic Algorithm","floor":10},{"not_picked":["Conserve Battery","Seek"],"picked":"Cold Snap","floor":12},{"not_picked":["Barrage","Chill"],"picked":"Genetic Algorithm","floor":14},{"not_picked":["Electrodynamics","Meteor Strike"],"picked":"Buffer","floor":16},{"not_picked":["Streamline","Consume","Compile Driver"],"picked":"SKIP","floor":18},{"not_picked":["Hello World","All For One","Gash+1"],"picked":"SKIP","floor":23},{"not_picked":["Tempest","Compile Driver+1"],"picked":"Rip and Tear","floor":25},{"not_picked":["Cold Snap","Blizzard"],"picked":"Turbo","floor":27},{"not_picked":["Lockon","White Noise","Hologram"],"picked":"SKIP","floor":30}],"player_experience":851161,"relics_obtained":[{"floor":6,"key":"Omamori"},{"floor":8,"key":"War Paint"},{"floor":9,"key":"Pen Nib"},{"floor":10,"key":"Nunchaku"},{"floor":14,"key":"Bottled Lightning"},{"floor":23,"key":"Juzu Bracelet"},{"floor":25,"key":"Bag of Marbles"},{"floor":26,"key":"PreservedInsect"},{"floor":27,"key":"Shuriken"},{"floor":31,"key":"Turnip"}],"event_choices":[{"cards_removed":["Strike_B"],"damage_healed":0,"gold_gain":0,"player_choice":"Offered Basic","damage_taken":0,"max_hp_gain":0,"max_hp_loss":0,"event_name":"Bonfire Elementals","floor":3,"gold_loss":0},{"damage_healed":25,"gold_gain":0,"player_choice":"Banana","damage_taken":0,"max_hp_gain":0,"max_hp_loss":0,"event_name":"Big Fish","floor":13,"gold_loss":0},{"damage_healed":0,"gold_gain":0,"player_choice":"Ignored","damage_taken":0,"max_hp_gain":0,"max_hp_loss":0,"event_name":"Vampires","floor":19,"gold_loss":0},{"damage_healed":0,"gold_gain":0,"player_choice":"Shed Blood","damage_taken":19,"max_hp_gain":5,"max_hp_loss":0,"event_name":"Forgotten Altar","floor":21,"gold_loss":0},{"damage_healed":0,"gold_gain":0,"player_choice":"Inject Mutagens","damage_taken":0,"relics_obtained":["MutagenicStrength"],"max_hp_gain":0,"max_hp_loss":0,"event_name":"Drug Dealer","floor":22,"gold_loss":0}],"is_beta":false,"boss_relics":[{"not_picked":["Ectoplasm","Black Star"],"picked":"Velvet Choker"}],"items_purged_floors":[20,28],"is_endless":false,"potions_floor_spawned":[2,8,12,14,23,25],"killed_by":"Automaton","ascension_level":4}