{"gold_per_floor":[114,133,149,324,335,335,351,351,351,369,382,13,46,57,57,156,156,176,91,104,204,130,130,146,146,146,146,164,55,55,106,106,203,203,213,213,213,213,57,89,89,105,153,153,170,180,180,180,180,180],"floor_reached":50,"playtime":2702,"items_purged":["Strike_G"],"score":497,"play_id":"af7a7c82-487c-45fa-9975-2136ccd340ff","local_time":"20190410142645","is_ascension_mode":false,"campfire_choices":[{"data":"All Out Attack","floor":6,"key":"SMITH"},{"data":"Quick Slash","floor":8,"key":"SMITH"},{"data":"Noxious Fumes","floor":15,"key":"SMITH"},{"data":"Accuracy","floor":23,"key":"SMITH"},{"floor":27,"key":"REST"},{"floor":30,"key":"REST"},{"floor":32,"key":"REST"},{"floor":41,"key":"RECALL"},{"data":"After Image","floor":44,"key":"SMITH"},{"data":"Footwork","floor":47,"key":"SMITH"},{"data":"Noxious Fumes","floor":49,"key":"SMITH"}],"neow_cost":"NONE","seed_source_timestamp":52758133534606,"circlet_count":0,"master_deck":["Defend_G","Defend_G","Defend_G","Defend_G","Defend_G","Strike_G","Strike_G","Strike_G","Strike_G","Survivor","Neutralize+1","Backstab","Leg Sweep","All Out Attack+1","Quick Slash+1","Unload","PiercingWail","Noxious Fumes+1","Adrenaline","Noxious Fumes+1","Infinite Blades+1","Accuracy+1","Noxious Fumes+1","PiercingWail","Footwork+1","Tactician","After Image+1","Predator+1","Madness","Madness","Tactician+1","Dodge and Roll+1","Finisher","Bane+1","Bandage Up"],"relics":["Ring of the Snake","Pantograph","Ginger","Blue Candle","Runic Pyramid","Nunchaku","Ice Cream","Gremlin Horn","Mummified Hand","Calling Bell","Art of War","Letter Opener","FossilizedHelix","Orichalcum","Pen Nib","Omamori"],"potions_floor_usage":[11,13,16,16,18,21,21,35,50,50,50],"damage_taken":[{"damage":0,"enemies":"Jaw Worm","floor":1,"turns":3},{"damage":0,"enemies":"2 Louse","floor":2,"turns":1},{"damage":0,"enemies":"Small Slimes","floor":3,"turns":4},{"damage":0,"enemies":"Looter","floor":5,"turns":4},{"damage":0,"enemies":"2 Fungi Beasts","floor":7,"turns":4},{"damage":5,"enemies":"Large Slime","floor":10,"turns":5},{"damage":0,"enemies":"Red Slaver","floor":11,"turns":3},{"damage":2,"enemies":"3 Sentries","floor":13,"turns":7},{"damage":0,"enemies":"3 Louse","floor":14,"turns":1},{"damage":11,"enemies":"Hexaghost","floor":16,"turns":9},{"damage":0,"enemies":"3 Byrds","floor":18,"turns":5},{"damage":6,"enemies":"2 Thieves","floor":20,"turns":4},{"damage":6,"enemies":"Colosseum Slavers","floor":21,"turns":4},{"damage":41,"enemies":"Colosseum Nobs","floor":21,"turns":6},{"damage":9,"enemies":"Centurion and Healer","floor":24,"turns":6},{"damage":22,"enemies":"Cultist and Chosen","floor":28,"turns":5},{"damage":57,"enemies":"Champ","floor":33,"turns":11},{"damage":8,"enemies":"3 Shapes","floor":35,"turns":5},{"damage":9,"enemies":"Giant Head","floor":40,"turns":9},{"damage":5,"enemies":"Orb Walker","floor":42,"turns":4},{"damage":0,"enemies":"Spire Growth","floor":45,"turns":6},{"damage":0,"enemies":"Transient","floor":46,"turns":5},{"damage":81,"enemies":"Time Eater","floor":50,"turns":11}],"seed_played":"-7879407716653730104","potions_obtained":[{"floor":1,"key":"LiquidBronze"},{"floor":5,"key":"EssenceOfSteel"},{"floor":7,"key":"GhostInAJar"},{"floor":11,"key":"LiquidBronze"},{"floor":14,"key":"Weak Potion"},{"floor":16,"key":"Block Potion"},{"floor":18,"key":"Regen Potion"},{"floor":24,"key":"LiquidBronze"},{"floor":28,"key":"SteroidPotion"},{"floor":33,"key":"AttackPotion"},{"floor":40,"key":"SteroidPotion"}],"is_trial":false,"path_per_floor":["M","M","M","?","M","R","M","R","T","M","M","$","E","M","R","B",null,"M","?","M","?","$","R","M","?","T","R","M","$","R","T","R","B",null,"M","?","?","?","$","E","R","M","T","R","M","M","R","?","R","B"],"character_chosen":"THE_SILENT","items_purchased":["Ginger","Accuracy","Footwork","Tactician","Orichalcum"],"campfire_rested":3,"item_purchase_floors":[12,22,29,29,39],"current_hp_per_floor":[70,70,70,70,70,70,70,70,70,65,65,65,63,63,63,59,70,70,70,64,32,32,32,23,10,10,32,10,10,32,32,54,18,75,67,67,58,58,58,49,49,44,44,44,44,44,44,44,44,0],"gold":180,"neow_bonus":"UPGRADE_CARD","is_prod":false,"is_daily":false,"chose_seed":false,"campfire_upgraded":7,"win_rate":0,"timestamp":1554917205,"path_taken":["M","M","M","?","M","R","M","R","T","M","M","$","E","M","R","BOSS","M","?","M","?","?","R","M","?","T","R","M","$","R","?","R","BOSS","M","?","?","?","$","E","R","M","T","R","M","?","R","?","R","BOSS"],"build_version":"2019-01-23","purchased_purges":1,"victory":false,"max_hp_per_floor":[70,70,70,70,70,70,70,70,70,70,70,70,70,70,70,70,70,70,70,70,70,70,70,70,75,75,75,75,75,75,75,75,75,75,75,75,75,75,75,75,75,75,75,75,75,75,75,75,75,75],"card_choices":[{"not_picked":["Endless Agony","Well Laid Plans"],"picked":"Backstab","floor":1},{"not_picked":["Deadly Poison","Outmaneuver"],"picked":"Leg Sweep","floor":2},{"not_picked":["Outmaneuver","Deflect","Sucker Punch"],"picked":"SKIP","floor":3},{"not_picked":["Backflip","Acrobatics"],"picked":"All Out Attack","floor":5},{"not_picked":["Acrobatics","Bane"],"picked":"Quick Slash","floor":7},{"not_picked":["Deadly Poison","Sucker Punch"],"picked":"Unload","floor":10},{"not_picked":["Blade Dance","Reflex"],"picked":"PiercingWail","floor":11},{"not_picked":["Blade Dance","Deadly Poison"],"picked":"Noxious Fumes","floor":13},{"not_picked":["Backflip","Dodge and Roll","Endless Agony"],"picked":"SKIP","floor":14},{"not_picked":["Phantasmal Killer","Malaise"],"picked":"Adrenaline","floor":16},{"not_picked":["Acrobatics","PiercingWail","Masterful Stab"],"picked":"SKIP","floor":18},{"not_picked":["Predator+1","Setup"],"picked":"Noxious Fumes","floor":20},{"not_picked":["Slice","Setup+1"],"picked":"Infinite Blades+1","floor":21},{"not_picked":["Blade Dance","Flying Knee"],"picked":"Noxious Fumes+1","floor":24},{"not_picked":["Bane","Endless Agony"],"picked":"PiercingWail","floor":28},{"not_picked":["Die Die Die","Unload"],"picked":"After Image","floor":33},{"not_picked":["Quick Slash+1","Flying Knee+1"],"picked":"Predator+1","floor":35},{"not_picked":["Underhanded Strike","Burst"],"picked":"Tactician+1","floor":40},{"not_picked":["Choke","Endless Agony"],"picked":"Dodge and Roll+1","floor":42},{"not_picked":["Dodge and Roll+1","PiercingWail"],"picked":"Finisher","floor":45},{"not_picked":["Flechettes+1","Deflect"],"picked":"Bane+1","floor":46},{"not_picked":["Discovery","Secret Weapon"],"picked":"Bandage Up","floor":48}],"player_experience":584883,"relics_obtained":[{"floor":9,"key":"Pantograph"},{"floor":13,"key":"Blue Candle"},{"floor":21,"key":"Ice Cream"},{"floor":21,"key":"Gremlin Horn"},{"floor":26,"key":"Mummified Hand"},{"floor":34,"key":"Art of War"},{"floor":34,"key":"Letter Opener"},{"floor":34,"key":"FossilizedHelix"},{"floor":40,"key":"Pen Nib"},{"floor":43,"key":"Omamori"}],"event_choices":[{"damage_healed":0,"gold_gain":175,"player_choice":"AGREE","damage_taken":0,"max_hp_gain":0,"max_hp_loss":0,"event_name":"Liars Game","floor":4,"gold_loss":0,"cards_obtained":["Doubt"]},{"damage_healed":0,"gold_gain":0,"player_choice":"Obtained Relic","damage_taken":0,"relics_obtained":["Nunchaku"],"max_hp_gain":0,"max_hp_loss":0,"event_name":"Addict","floor":19,"gold_loss":85},{"damage_healed":0,"gold_gain":0,"player_choice":"Fight","damage_taken":0,"max_hp_gain":0,"max_hp_loss":0,"event_name":"Colosseum","floor":21,"gold_loss":0},{"damage_healed":0,"gold_gain":0,"player_choice":"Fought Nobs","damage_taken":0,"max_hp_gain":0,"max_hp_loss":0,"event_name":"Colosseum","floor":21,"gold_loss":0},{"damage_healed":0,"gold_gain":0,"player_choice":"Shed Blood","damage_taken":18,"max_hp_gain":5,"max_hp_loss":0,"event_name":"Forgotten Altar","floor":25,"gold_loss":0},{"damage_healed":0,"gold_gain":0,"player_choice":"Ignored","damage_taken":0,"max_hp_gain":0,"max_hp_loss":0,"event_name":"Tomb of Lord Red Mask","floor":36,"gold_loss":0},{"damage_healed":0,"gold_gain":0,"player_choice":"Embrace Madness","damage_taken":9,"max_hp_gain":0,"max_hp_loss":0,"event_name":"Winding Halls","floor":37,"gold_loss":0,"cards_obtained":["Madness","Madness"]},{"cards_removed":["Decay","Normality","Decay","Doubt"],"damage_healed":0,"gold_gain":0,"player_choice":"Removed Curses","damage_taken":0,"max_hp_gain":0,"max_hp_loss":0,"event_name":"Fountain of Cleansing","floor":38,"gold_loss":0},{"damage_healed":0,"gold_gain":0,"player_choice":"Memory 1","damage_taken":0,"max_hp_gain":0,"max_hp_loss":0,"event_name":"SensoryStone","floor":48,"gold_loss":0}],"is_beta":false,"boss_relics":[{"not_picked":["Coffee Dripper","Ectoplasm"],"picked":"Runic Pyramid"},{"not_picked":["Pandora\u0027s Box","Snecko Eye"],"picked":"Calling Bell"}],"items_purged_floors":[12],"is_endless":false,"potions_floor_spawned":[1,5,7,11,14,16,18,24,28,33,40],"killed_by":"Time Eater","ascension_level":0}