{"gold_per_floor":[115,132,132,146,146,176,176,205,205,45,57,57,57,82,82,82],"floor_reached":16,"playtime":447,"items_purged":[],"score":236,"play_id":"411e6cfe-1341-4a79-80b6-1b0b4bd76493","local_time":"20190604182254","is_ascension_mode":true,"campfire_choices":[{"data":"Bash","floor":7,"key":"SMITH"},{"floor":13,"key":"REST"},{"data":"True Grit","floor":15,"key":"SMITH"}],"neow_cost":"NONE","seed_source_timestamp":20244156235305,"circlet_count":0,"master_deck":["AscendersBane","Strike_R","Strike_R","Strike_R","Strike_R","Strike_R","Defend_R","Defend_R","Defend_R","Defend_R","Bash+1","Anger","Rampage","True Grit+1","Armaments","Demon Form"],"relics":["Burning Blood","NeowsBlessing","Gremlin Horn","Ancient Tea Set","Ornamental Fan","PreservedInsect","Paper Frog","Orichalcum"],"potions_floor_usage":[8,11,16],"damage_taken":[{"damage":0,"enemies":"Jaw Worm","floor":1,"turns":1},{"damage":0,"enemies":"Cultist","floor":2,"turns":1},{"damage":0,"enemies":"Small Slimes","floor":4,"turns":1},{"damage":56,"enemies":"Gremlin Nob","floor":6,"turns":5},{"damage":35,"enemies":"Lagavulin","floor":8,"turns":6},{"damage":0,"enemies":"Exordium Wildlife","floor":11,"turns":1},{"damage":39,"enemies":"3 Sentries","floor":14,"turns":9},{"damage":14,"enemies":"The Guardian","floor":16,"turns":5}],"seed_played":"2597263709273554442","potions_obtained":[{"floor":4,"key":"Regen Potion"},{"floor":8,"key":"AttackPotion"},{"floor":11,"key":"Dexterity Potion"}],"is_trial":false,"path_per_floor":["M","M","?","M","?","E","R","E","T","$","M","T","R","E","R","B"],"character_chosen":"IRONCLAD","items_purchased":["PreservedInsect"],"campfire_rested":1,"item_purchase_floors":[10],"current_hp_per_floor":[74,75,75,75,80,30,30,16,16,16,22,22,46,13,13,0],"gold":82,"neow_bonus":"THREE_ENEMY_KILL","is_prod":false,"is_daily":false,"chose_seed":false,"campfire_upgraded":2,"win_rate":0,"timestamp":1559665374,"path_taken":["M","M","?","?","?","E","R","E","T","$","M","?","R","E","R","BOSS"],"build_version":"2019-01-23","purchased_purges":0,"victory":false,"max_hp_per_floor":[75,75,75,75,80,80,80,80,80,80,80,80,80,80,80,80],"card_choices":[{"not_picked":["Body Slam","Shrug It Off"],"picked":"Anger","floor":1},{"not_picked":["Havoc","Anger","Burning Pact"],"picked":"SKIP","floor":2},{"not_picked":["Rage","Armaments"],"picked":"True Grit","floor":4},{"not_picked":["Fire Breathing","Pommel Strike"],"picked":"Armaments","floor":6},{"not_picked":["Wild Strike","Pummel"],"picked":"Demon Form","floor":8},{"not_picked":["Searing Blow","Clash","True Grit"],"picked":"SKIP","floor":11},{"not_picked":["Power Through","Thunderclap","Body Slam"],"picked":"SKIP","floor":14},{"not_picked":["Power Through","Thunderclap","Body Slam"],"picked":"SKIP","floor":14}],"player_experience":1283988,"relics_obtained":[{"floor":6,"key":"Gremlin Horn"},{"floor":8,"key":"Ancient Tea Set"},{"floor":9,"key":"Ornamental Fan"},{"floor":12,"key":"Paper Frog"},{"floor":14,"key":"Orichalcum"}],"event_choices":[{"damage_healed":0,"gold_gain":0,"player_choice":"1 cards matched","damage_taken":0,"max_hp_gain":0,"max_hp_loss":0,"event_name":"Match and Keep!","floor":3,"gold_loss":0,"cards_obtained":["Rampage"]},{"damage_healed":0,"gold_gain":0,"player_choice":"Donut","damage_taken":0,"max_hp_gain":5,"max_hp_loss":0,"event_name":"Big Fish","floor":5,"gold_loss":0}],"is_beta":false,"boss_relics":[],"items_purged_floors":[],"is_endless":false,"potions_floor_spawned":[4,8,11],"killed_by":"The Guardian","ascension_level":20}