{"gold_per_floor":[109,34,44,61,61,61,61,91,91,91,137,137,171,189,189,189],"floor_reached":16,"playtime":622,"items_purged":[],"score":205,"play_id":"f6a0aca2-968b-496e-80c5-897c27456885","local_time":"20190612125416","is_ascension_mode":true,"campfire_choices":[{"data":"Anger","floor":6,"key":"SMITH"},{"floor":10,"key":"REST"},{"data":"True Grit","floor":15,"key":"SMITH"}],"neow_cost":"NONE","seed_source_timestamp":2178801639109025,"circlet_count":0,"master_deck":["AscendersBane","Strike_R","Strike_R","Strike_R","Strike_R","Defend_R","Defend_R","Defend_R","Defend_R","Bash","Anger+1","Heavy Blade","Headbutt","Regret","True Grit+1","Rampage","Feel No Pain"],"relics":["Burning Blood","Anchor","Bird Faced Urn","Letter Opener","Self Forming Clay","Omamori","FaceOfCleric","Oddly Smooth Stone"],"potions_floor_usage":[8,16,16],"damage_taken":[{"damage":9,"enemies":"Jaw Worm","floor":1,"turns":5},{"damage":4,"enemies":"Small Slimes","floor":3,"turns":4},{"damage":6,"enemies":"Cultist","floor":4,"turns":3},{"damage":36,"enemies":"Gremlin Nob","floor":8,"turns":4},{"damage":34,"enemies":"3 Sentries","floor":13,"turns":12},{"damage":4,"enemies":"Blue Slaver","floor":14,"turns":4},{"damage":39,"enemies":"Hexaghost","floor":16,"turns":9}],"seed_played":"-70497975142724565","potions_obtained":[{"floor":4,"key":"LiquidBronze"},{"floor":13,"key":"Energy Potion"},{"floor":14,"key":"Poison Potion"}],"is_trial":false,"path_per_floor":["M","?","M","M","?","R","$","E","T","R","T","?","E","M","R","B"],"character_chosen":"IRONCLAD","items_purchased":[],"campfire_rested":1,"item_purchase_floors":[],"current_hp_per_floor":[65,65,67,67,67,67,67,37,37,59,59,59,32,35,35,0],"gold":189,"neow_bonus":"RANDOM_COMMON_RELIC","is_prod":false,"is_daily":false,"chose_seed":false,"campfire_upgraded":2,"win_rate":0,"timestamp":1560354856,"path_taken":["M","?","M","M","?","R","$","E","T","R","?","?","E","M","R","BOSS"],"build_version":"2019-01-23","purchased_purges":0,"victory":false,"max_hp_per_floor":[75,75,75,75,75,75,75,75,75,75,75,75,76,77,77,77],"card_choices":[{"not_picked":["Wild Strike","Sword Boomerang"],"picked":"Anger","floor":1},{"not_picked":["Clash","Fiend Fire"],"picked":"Heavy Blade","floor":3},{"not_picked":["Blood for Blood","Flex"],"picked":"Headbutt","floor":4},{"not_picked":["Dual Wield","Wild Strike"],"picked":"True Grit","floor":8},{"not_picked":["Warcry","Clothesline"],"picked":"Rampage","floor":13},{"not_picked":["Headbutt","Warcry"],"picked":"Feel No Pain","floor":14}],"player_experience":1005613,"relics_obtained":[{"floor":8,"key":"Letter Opener"},{"floor":9,"key":"Self Forming Clay"},{"floor":11,"key":"Omamori"},{"floor":13,"key":"Oddly Smooth Stone"}],"event_choices":[{"cards_removed":["Strike_R"],"damage_healed":0,"gold_gain":0,"player_choice":"Card Removal","damage_taken":0,"max_hp_gain":0,"max_hp_loss":0,"event_name":"The Cleric","floor":2,"gold_loss":75},{"damage_healed":0,"gold_gain":0,"player_choice":"Box","damage_taken":0,"relics_obtained":["Bird Faced Urn"],"max_hp_gain":0,"max_hp_loss":0,"event_name":"Big Fish","floor":5,"gold_loss":0,"cards_obtained":["Regret"]},{"damage_healed":0,"gold_gain":0,"player_choice":"Trade","damage_taken":0,"relics_obtained":["FaceOfCleric"],"max_hp_gain":0,"max_hp_loss":0,"event_name":"FaceTrader","floor":12,"gold_loss":0}],"is_beta":false,"boss_relics":[],"items_purged_floors":[],"is_endless":false,"potions_floor_spawned":[4,13,14],"killed_by":"Hexaghost","ascension_level":18}