{"gold_per_floor":[16,26,26,101,101,101,117,132,182,201,234,159,173,189,189,292,292,302,121,105,105],"floor_reached":21,"playtime":1076,"items_purged":["Strike_R","Strike_R"],"score":183,"play_id":"42434bed-bef3-41d6-b343-9fc5f1ad0eca","local_time":"20190222211123","is_ascension_mode":false,"campfire_choices":[{"data":"Flame Barrier","floor":6,"key":"SMITH"},{"floor":15,"key":"REST"}],"neow_cost":"NO_GOLD","seed_source_timestamp":441661513579800,"circlet_count":0,"master_deck":["Strike_R","Defend_R","Defend_R","Bash","Spot Weakness","Flame Barrier+1","Feed","Sword Boomerang","Clothesline","Metallicize"],"relics":["Burning Blood"],"potions_floor_usage":[20],"damage_taken":[{"damage":8,"enemies":"Jaw Worm","floor":1,"turns":4},{"damage":4,"enemies":"Small Slimes","floor":2,"turns":4},{"damage":8,"enemies":"2 Louse","floor":7,"turns":3},{"damage":0,"enemies":"Looter","floor":8,"turns":3},{"damage":2,"enemies":"2 Fungi Beasts","floor":10,"turns":4},{"damage":41,"enemies":"Lagavulin","floor":11,"turns":8},{"damage":6,"enemies":"Exordium Thugs","floor":13,"turns":5},{"damage":0,"enemies":"Large Slime","floor":14,"turns":7},{"damage":59,"enemies":"The Guardian","floor":16,"turns":13},{"damage":35,"enemies":"Spheric Guardian","floor":18,"turns":9},{"damage":14,"enemies":"2 Thieves","floor":20,"turns":4},{"damage":0,"enemies":"Cultist and Chosen","floor":21,"turns":1}],"seed_played":"3575876982683573961","potions_obtained":[{"floor":2,"key":"Strength Potion"},{"floor":8,"key":"Regen Potion"},{"floor":11,"key":"EntropicBrew"},{"floor":20,"key":"Fruit Juice"}],"is_trial":false,"path_per_floor":["M","M","?","?","?","R","M","M","T","M","E","$","M","M","R","B",null,"M","$","M","M"],"character_chosen":"IRONCLAD","items_purchased":["Sword Boomerang","Clothesline"],"campfire_rested":1,"item_purchase_floors":[19,19],"current_hp_per_floor":[78,80,80,69,62,62,60,66,66,70,35,35,35,41,65,12,80,54,54,54,54],"gold":105,"neow_bonus":"REMOVE_TWO","is_prod":false,"is_daily":false,"chose_seed":false,"campfire_upgraded":1,"win_rate":0,"timestamp":1550887883,"path_taken":["M","M","?","?","?","R","M","M","T","M","E","$","M","M","R","BOSS","M","$","M","M"],"build_version":"2019-01-23","purchased_purges":2,"victory":false,"max_hp_per_floor":[80,80,80,80,80,80,80,80,80,80,80,80,80,80,80,80,80,83,83,91,91],"card_choices":[{"not_picked":["Thunderclap","Clothesline"],"picked":"Spot Weakness","floor":1},{"not_picked":["Disarm","Reckless Charge"],"picked":"Flame Barrier","floor":2},{"not_picked":["Clothesline","Seeing Red","Thunderclap"],"picked":"SKIP","floor":7},{"not_picked":["Heavy Blade","Sword Boomerang","Cleave"],"picked":"SKIP","floor":8},{"not_picked":["Searing Blow","Dropkick","Spot Weakness"],"picked":"SKIP","floor":10},{"not_picked":["Anger","Fiend Fire","Warcry"],"picked":"SKIP","floor":11},{"not_picked":["Flex","Ghostly Armor","Body Slam"],"picked":"SKIP","floor":13},{"not_picked":["Perfected Strike","Fire Breathing","True Grit"],"picked":"SKIP","floor":14},{"not_picked":["Bludgeon","Dark Embrace"],"picked":"Feed","floor":16},{"not_picked":["Clash","Warcry","Battle Trance"],"picked":"SKIP","floor":18},{"not_picked":["Wild Strike","Armaments"],"picked":"Metallicize","floor":20}],"player_experience":339600,"relics_obtained":[],"event_choices":[{"cards_removed":["Defend_R"],"damage_healed":0,"gold_gain":0,"player_choice":"Forget","damage_taken":0,"max_hp_gain":0,"max_hp_loss":0,"event_name":"Living Wall","floor":3,"gold_loss":0},{"damage_healed":0,"gold_gain":75,"player_choice":"Gather Gold","damage_taken":11,"max_hp_gain":0,"max_hp_loss":0,"event_name":"World of Goop","floor":4,"gold_loss":0},{"cards_removed":["Strike_R"],"damage_healed":0,"gold_gain":0,"player_choice":"Card Removal","damage_taken":7,"max_hp_gain":0,"max_hp_loss":0,"event_name":"Golden Wing","floor":5,"gold_loss":0}],"is_beta":false,"boss_relics":[{"not_picked":["Lizard Tail","Runic Dome","Orrery"]}],"items_purged_floors":[12,19],"is_endless":false,"potions_floor_spawned":[2,8,11,20],"killed_by":"Cultist and Chosen","ascension_level":0}