{"gold_per_floor":[117,135,135,152,165,177,177,195,219,244,257,257,94,111,111,216,216,236,236,255,165,65,65,85,85,135,150,170,170,45,63,63,63],"floor_reached":33,"playtime":1830,"items_purged":["Defend_R","Strike_R","Strike_R"],"score":253,"play_id":"2e50e77d-f310-46ba-9999-a884ff08e56b","local_time":"20190312114410","is_ascension_mode":false,"campfire_choices":[{"floor":7,"key":"RECALL"},{"floor":12,"key":"REST"},{"data":"Blind","floor":15,"key":"SMITH"},{"data":"True Grit","floor":23,"key":"SMITH"},{"floor":25,"key":"REST"},{"floor":29,"key":"REST"},{"floor":32,"key":"REST"}],"neow_cost":"NONE","seed_source_timestamp":87215402750242,"circlet_count":0,"master_deck":["Strike_R","Strike_R","Defend_R","Defend_R","Defend_R","Bash+1","Cleave","Shockwave","Cleave","Clash","Headbutt","Blind+1","Cleave","Offering","True Grit+1","Inflame+1","Clothesline","Shrug It Off","Reckless Charge","Seeing Red+1","Disarm","Flame Barrier","Havoc+1","Clash"],"relics":["Burning Blood","Strawberry","Lantern","Matryoshka","Orrery","Ancient Tea Set"],"potions_floor_usage":[6,14,16,20,20,24,31,33],"damage_taken":[{"damage":7,"enemies":"Cultist","floor":1,"turns":5},{"damage":1,"enemies":"Jaw Worm","floor":2,"turns":5},{"damage":0,"enemies":"2 Louse","floor":4,"turns":2},{"damage":12,"enemies":"Large Slime","floor":5,"turns":7},{"damage":3,"enemies":"Lots of Slimes","floor":6,"turns":2},{"damage":11,"enemies":"Blue Slaver","floor":8,"turns":5},{"damage":37,"enemies":"3 Sentries","floor":10,"turns":7},{"damage":9,"enemies":"Large Slime","floor":11,"turns":5},{"damage":6,"enemies":"Exordium Wildlife","floor":14,"turns":2},{"damage":51,"enemies":"The Guardian","floor":16,"turns":13},{"damage":30,"enemies":"Shell Parasite","floor":18,"turns":6},{"damage":2,"enemies":"3 Byrds","floor":20,"turns":4},{"damage":54,"enemies":"Sentry and Sphere","floor":24,"turns":7},{"damage":25,"enemies":"Shelled Parasite and Fungi","floor":27,"turns":7},{"damage":14,"enemies":"Cultist and Chosen","floor":28,"turns":5},{"damage":23,"enemies":"3 Cultists","floor":31,"turns":4},{"damage":50,"enemies":"Champ","floor":33,"turns":9}],"seed_played":"5892027043601540767","potions_obtained":[{"floor":1,"key":"SteroidPotion"},{"floor":5,"key":"AttackPotion"},{"floor":10,"key":"Ancient Potion"},{"floor":11,"key":"Fire Potion"},{"floor":14,"key":"Swift Potion"},{"floor":18,"key":"Strength Potion"},{"floor":20,"key":"BloodPotion"},{"floor":28,"key":"GamblersBrew"}],"is_trial":false,"path_per_floor":["M","M","?","M","M","M","R","M","T","E","M","R","$","M","R","B",null,"M","?","M","?","$","R","M","R","T","M","M","R","$","M","R","B"],"character_chosen":"IRONCLAD","items_purchased":["Blind"],"campfire_rested":4,"item_purchase_floors":[13],"current_hp_per_floor":[86,87,87,87,81,84,84,79,79,48,45,71,71,71,71,26,87,63,46,50,50,50,50,11,38,38,19,11,38,38,21,48,0],"gold":63,"neow_bonus":"RANDOM_COMMON_RELIC","is_prod":false,"is_daily":false,"chose_seed":false,"campfire_upgraded":2,"win_rate":0,"timestamp":1552401850,"path_taken":["M","?","?","M","M","M","R","M","T","E","M","R","$","M","R","BOSS","M","?","M","?","$","R","M","R","T","M","M","R","$","M","R","BOSS"],"build_version":"2019-01-23","purchased_purges":3,"victory":false,"max_hp_per_floor":[87,87,87,87,87,87,87,87,87,87,87,87,87,87,87,87,87,87,92,92,92,92,92,92,92,92,92,92,92,92,92,92,92],"card_choices":[{"not_picked":["Twin Strike","Sentinel","Blood for Blood"],"picked":"SKIP","floor":1},{"not_picked":["Havoc","Pommel Strike","Heavy Blade"],"picked":"SKIP","floor":2},{"not_picked":["Shrug It Off","Headbutt","Twin Strike"],"picked":"SKIP","floor":4},{"not_picked":["Armaments","Iron Wave"],"picked":"Cleave","floor":5},{"not_picked":["Wild Strike","Corruption"],"picked":"Shockwave","floor":6},{"not_picked":["Thunderclap","Havoc"],"picked":"Cleave","floor":8},{"not_picked":["Clothesline","Rupture"],"picked":"Clash","floor":10},{"not_picked":["Juggernaut","Perfected Strike"],"picked":"Headbutt","floor":11},{"not_picked":["Heavy Blade","Combust"],"picked":"Cleave","floor":14},{"not_picked":["Exhume","Dark Embrace"],"picked":"Offering","floor":16},{"not_picked":["Wild Strike","Warcry"],"picked":"True Grit","floor":17},{"not_picked":["Headbutt","True Grit"],"picked":"Inflame","floor":17},{"not_picked":["Perfected Strike","Iron Wave"],"picked":"Clothesline","floor":17},{"not_picked":["Wild Strike","Headbutt"],"picked":"Shrug It Off","floor":17},{"not_picked":["Ghostly Armor","Iron Wave"],"picked":"Reckless Charge","floor":17},{"not_picked":["Whirlwind+1","Havoc+1"],"picked":"Seeing Red+1","floor":18},{"not_picked":["Flex","Warcry"],"picked":"Disarm","floor":20},{"not_picked":["Armaments","Ghostly Armor"],"picked":"Flame Barrier","floor":24},{"not_picked":["Cleave+1","Brutality"],"picked":"Havoc+1","floor":27},{"not_picked":["Headbutt+1","Searing Blow"],"picked":"Clash","floor":28},{"not_picked":["Sever Soul","Havoc+1","Flex+1"],"picked":"SKIP","floor":31}],"player_experience":501335,"relics_obtained":[{"floor":9,"key":"Lantern"},{"floor":10,"key":"Matryoshka"},{"floor":26,"key":"Ancient Tea Set"}],"event_choices":[{"damage_healed":0,"gold_gain":0,"player_choice":"Grow","damage_taken":0,"max_hp_gain":0,"max_hp_loss":0,"event_name":"Living Wall","floor":3,"gold_loss":0,"cards_upgraded":["Bash"]},{"damage_healed":0,"gold_gain":0,"player_choice":"Shed Blood","damage_taken":22,"max_hp_gain":5,"max_hp_loss":0,"event_name":"Forgotten Altar","floor":19,"gold_loss":0},{"cards_removed":["Strike_R"],"damage_healed":0,"gold_gain":0,"player_choice":"Upgrade and Remove","damage_taken":0,"max_hp_gain":0,"max_hp_loss":0,"event_name":"Designer","floor":21,"gold_loss":90,"cards_upgraded":["Inflame"]}],"is_beta":false,"boss_relics":[{"not_picked":["Coffee Dripper","White Beast Statue"],"picked":"Orrery"}],"items_purged_floors":[13,22,30],"is_endless":false,"potions_floor_spawned":[1,5,10,11,14,18,20,28],"killed_by":"Champ","ascension_level":0}