{"gold_per_floor":[109,0,11,11,30,62,62,62,62,75,104,104,137,157,157,260,260,274,300,399,399,410,410,422,457,457,475,475,162,162,172,172,274,324,336,436,454,172,394,394,46,46,46,63,163,163,113,130,130,130,130,130,8,8],"floor_reached":54,"playtime":2533,"items_purged":["Strike_B","Defend_B","Strike_B","Defend_B","Strike_B","Strike_B"],"score":698,"play_id":"403ab388-df87-4e0d-8bb8-015501b34d46","local_time":"20190422160558","is_ascension_mode":false,"campfire_choices":[{"floor":8,"key":"REST"},{"data":"White Noise","floor":12,"key":"SMITH"},{"data":"Auto Shields","floor":15,"key":"SMITH"},{"floor":23,"key":"REST"},{"floor":28,"key":"RECALL"},{"data":"Sunder","floor":32,"key":"SMITH"},{"data":"Defragment","floor":40,"key":"SMITH"},{"floor":42,"key":"DIG"},{"floor":46,"key":"DIG"},{"floor":49,"key":"DIG"},{"data":"Chill","floor":52,"key":"SMITH"}],"neow_cost":"NONE","seed_source_timestamp":348736545049477,"circlet_count":0,"master_deck":["Defend_B","Zap","Dualcast","White Noise+1","Rip and Tear+1","Leap","Streamline","Beam Cell","Sunder+1","Glacier","Auto Shields+1","Electrodynamics","Go for the Eyes","Conserve Battery+1","Consume+1","Barrage","Buffer+1","Ball Lightning","Ball Lightning+1","Defragment+1","Gash","Chill+1","Defragment"],"relics":["Cracked Core","Darkstone Periapt","Smiling Mask","Potion Belt","Bag of Marbles","Inserter","Red Mask","Centennial Puzzle","Shuriken","Tiny Chest","Bag of Preparation","Oddly Smooth Stone","Tiny House","Shovel","Lantern","Ornamental Fan","Juzu Bracelet","Boot","Symbiotic Virus"],"potions_floor_usage":[10,11,11,16,25,27,35,44,54],"damage_taken":[{"damage":1,"enemies":"Cultist","floor":1,"turns":3},{"damage":0,"enemies":"Small Slimes","floor":3,"turns":2},{"damage":11,"enemies":"Jaw Worm","floor":5,"turns":2},{"damage":25,"enemies":"Gremlin Nob","floor":6,"turns":4},{"damage":0,"enemies":"Large Slime","floor":10,"turns":3},{"damage":11,"enemies":"3 Sentries","floor":11,"turns":5},{"damage":14,"enemies":"Lagavulin","floor":13,"turns":5},{"damage":0,"enemies":"Exordium Wildlife","floor":14,"turns":3},{"damage":11,"enemies":"Hexaghost","floor":16,"turns":11},{"damage":5,"enemies":"Chosen","floor":18,"turns":4},{"damage":10,"enemies":"Masked Bandits","floor":19,"turns":2},{"damage":13,"enemies":"Colosseum Slavers","floor":21,"turns":4},{"damage":12,"enemies":"Shell Parasite","floor":22,"turns":3},{"damage":0,"enemies":"Snecko","floor":24,"turns":5},{"damage":0,"enemies":"Book of Stabbing","floor":25,"turns":7},{"damage":0,"enemies":"Cultist and Chosen","floor":27,"turns":4},{"damage":0,"enemies":"3 Cultists","floor":31,"turns":2},{"damage":34,"enemies":"Collector","floor":33,"turns":8},{"damage":15,"enemies":"3 Darklings","floor":35,"turns":6},{"damage":0,"enemies":"Mind Bloom Boss Battle","floor":36,"turns":5},{"damage":0,"enemies":"Orb Walker","floor":37,"turns":4},{"damage":3,"enemies":"Sphere and 2 Shapes","floor":44,"turns":4},{"damage":0,"enemies":"Spire Growth","floor":48,"turns":5},{"damage":17,"enemies":"Awakened One","floor":50,"turns":13},{"damage":81,"enemies":"Shield and Spear","floor":54,"turns":5}],"seed_played":"7545375820905533322","potions_obtained":[{"floor":1,"key":"Fire Potion"},{"floor":3,"key":"Strength Potion"},{"floor":6,"key":"Fire Potion"},{"floor":10,"key":"LiquidBronze"},{"floor":22,"key":"Swift Potion"},{"floor":25,"key":"SkillPotion"},{"floor":27,"key":"Explosive Potion"},{"floor":33,"key":"Poison Potion"},{"floor":34,"key":"SneckoOil"},{"floor":36,"key":"Poison Potion"},{"floor":37,"key":"GamblersBrew"},{"floor":48,"key":"Poison Potion"}],"is_trial":false,"path_per_floor":["M","$","M","$","M","E","?","R","T","M","E","R","E","M","R","B",null,"M","?","?","?","M","R","M","E","T","M","R","$","?","M","R","B",null,"M","?","M","$","?","R","$","R","T","M","?","R","$","M","R","B",null,"R","$","E"],"character_chosen":"DEFECT","items_purchased":["Rip and Tear","Tiny Chest","Bag of Preparation","Lantern","Defragment","Ornamental Fan","Gash","Defragment"],"campfire_rested":2,"item_purchase_floors":[2,29,29,38,38,41,41,53],"current_hp_per_floor":[74,74,74,74,63,38,38,60,60,60,49,49,35,35,35,24,75,70,60,60,47,35,57,57,57,57,57,57,57,57,57,57,23,80,65,65,65,65,65,65,65,65,65,62,62,62,62,62,62,45,80,80,80,0],"gold":8,"neow_bonus":"REMOVE_CARD","is_prod":false,"is_daily":false,"chose_seed":false,"campfire_upgraded":5,"win_rate":0,"timestamp":1555959958,"path_taken":["M","$","?","$","M","E","?","R","T","M","E","R","E","M","R","BOSS","M","?","?","?","?","R","M","E","T","M","R","$","?","M","R","BOSS","M","?","M","$","?","R","$","R","T","M","?","R","$","M","R","BOSS","R","$","E"],"build_version":"2019-01-23","purchased_purges":6,"victory":false,"max_hp_per_floor":[75,75,75,75,75,75,75,75,75,75,75,75,75,75,75,75,75,75,75,75,75,75,75,75,75,75,75,75,75,75,75,75,75,80,80,80,80,80,80,80,80,80,80,80,80,80,80,80,80,80,80,80,80,80],"card_choices":[{"not_picked":["Skim","Compile Driver"],"picked":"White Noise","floor":1},{"not_picked":["Coolheaded","Double Energy"],"picked":"Leap","floor":3},{"not_picked":["Aggregate","Skim"],"picked":"Streamline","floor":5},{"not_picked":["Multi-Cast","Turbo"],"picked":"Beam Cell","floor":6},{"not_picked":["Hologram","Turbo"],"picked":"Sunder","floor":10},{"not_picked":["Hologram","Gash"],"picked":"Glacier","floor":11},{"not_picked":["Compile Driver","Coolheaded"],"picked":"Auto Shields","floor":13},{"not_picked":["Redo","Rebound","Beam Cell"],"picked":"SKIP","floor":14},{"not_picked":["Creative AI","Rainbow"],"picked":"Electrodynamics","floor":16},{"not_picked":["Rebound+1","Gash+1"],"picked":"Go for the Eyes","floor":18},{"not_picked":["Static Discharge+1","Gash"],"picked":"Conserve Battery+1","floor":19},{"not_picked":["Skim","Sweeping Beam"],"picked":"Consume+1","floor":22},{"not_picked":["Force Field","Skim+1","Redo"],"picked":"SKIP","floor":24},{"not_picked":["Hologram","Reboot","Double Energy"],"picked":"SKIP","floor":25},{"not_picked":["Coolheaded","Beam Cell","Gash+1"],"picked":"SKIP","floor":27},{"not_picked":["Compile Driver","Gash"],"picked":"Barrage","floor":31},{"not_picked":["Reboot","All For One"],"picked":"Buffer","floor":33},{"not_picked":["Genetic Algorithm+1","FTL"],"picked":"Ball Lightning","floor":34},{"not_picked":["Double Energy","Go for the Eyes+1","Cold Snap"],"picked":"SKIP","floor":35},{"not_picked":["Gash","Reprogram"],"picked":"Ball Lightning+1","floor":37},{"not_picked":["Ball Lightning","Barrage"],"picked":"Chill","floor":44},{"not_picked":["Darkness+1","Rebound+1","Beam Cell"],"picked":"SKIP","floor":48}],"player_experience":637617,"relics_obtained":[{"floor":6,"key":"Darkstone Periapt"},{"floor":9,"key":"Smiling Mask"},{"floor":11,"key":"Potion Belt"},{"floor":13,"key":"Bag of Marbles"},{"floor":19,"key":"Red Mask"},{"floor":25,"key":"Centennial Puzzle"},{"floor":26,"key":"Shuriken"},{"floor":36,"key":"Shovel"},{"floor":42,"key":"Juzu Bracelet"},{"floor":46,"key":"Boot"},{"floor":49,"key":"Symbiotic Virus"}],"event_choices":[{"damage_healed":0,"gold_gain":0,"player_choice":"Grow","damage_taken":0,"max_hp_gain":0,"max_hp_loss":0,"event_name":"Living Wall","floor":7,"gold_loss":0,"cards_upgraded":["Rip and Tear"]},{"damage_healed":0,"gold_gain":0,"player_choice":"Fought Bandits","damage_taken":0,"max_hp_gain":0,"max_hp_loss":0,"event_name":"Masked Bandits","floor":19,"gold_loss":0},{"damage_healed":0,"gold_gain":99,"player_choice":"Stole From Cult","damage_taken":0,"max_hp_gain":0,"max_hp_loss":0,"event_name":"Nest","floor":20,"gold_loss":0},{"damage_healed":0,"gold_gain":0,"player_choice":"Fight","damage_taken":0,"max_hp_gain":0,"max_hp_loss":0,"event_name":"Colosseum","floor":21,"gold_loss":0},{"damage_healed":0,"gold_gain":0,"player_choice":"Fled From Nobs","damage_taken":0,"max_hp_gain":0,"max_hp_loss":0,"event_name":"Colosseum","floor":21,"gold_loss":0},{"damage_healed":0,"gold_gain":0,"player_choice":"Opened","damage_taken":0,"relics_obtained":["Oddly Smooth Stone"],"max_hp_gain":0,"max_hp_loss":0,"event_name":"The Mausoleum","floor":30,"gold_loss":0},{"damage_healed":0,"gold_gain":0,"player_choice":"Fight","damage_taken":0,"max_hp_gain":0,"max_hp_loss":0,"event_name":"MindBloom","floor":36,"gold_loss":0},{"damage_healed":0,"gold_gain":222,"player_choice":"Wore Mask","damage_taken":0,"max_hp_gain":0,"max_hp_loss":0,"event_name":"Tomb of Lord Red Mask","floor":39,"gold_loss":0},{"damage_healed":0,"gold_gain":100,"player_choice":"Pray","damage_taken":0,"max_hp_gain":0,"max_hp_loss":0,"event_name":"Golden Shrine","floor":45,"gold_loss":0}],"is_beta":false,"boss_relics":[{"not_picked":["Black Star","Orrery"],"picked":"Inserter"},{"not_picked":["Runic Pyramid","Pandora\u0027s Box"],"picked":"Tiny House"}],"items_purged_floors":[2,29,38,41,47,53],"is_endless":false,"potions_floor_spawned":[1,3,6,10,21,22,25,27,33,36,37,48],"killed_by":"Shield and Spear","ascension_level":0}