{"path_per_floor":["M","M","M","M","M","R","M","$","T","M","R","E","?","E","R","B",null,"M","M","M","M","M","R","?","?","T","M","R","?","R","M","R"],"character_chosen":"THE_SILENT","items_purchased":["Caltrops"],"gold_per_floor":[117,131,147,163,182,182,196,157,157,173,173,204,266,294,294,397,397,410,425,442,455,472,472,472,472,495,506,506,506,506,519,519],"floor_reached":33,"campfire_rested":5,"playtime":3279,"current_hp_per_floor":[70,70,70,61,55,55,55,55,55,55,70,70,58,56,56,9,77,77,71,47,34,11,34,34,34,34,34,57,41,64,48,71],"items_purged":[],"gold":519,"score":302,"play_id":"af1b0bf4-6f4a-4ea5-8a98-47d147306d59","is_prod":false,"is_daily":false,"is_ascension_mode":true,"campfire_upgraded":2,"path_taken":["M","M","M","M","M","R","M","$","T","M","R","E","?","E","R","BOSS","M","M","M","?","M","R","?","?","T","?","R","?","R","M","R","BOSS"],"build_version":"2018-02-15-PROD1","purchased_purges":0,"victory":false,"master_deck":["Defend_G+1","Defend_G+1","Defend_G+1","Defend_G+1","Defend_G+1","Strike_G+1","Strike_G+1","Strike_G+1","Strike_G+1","Strike_G+1","Survivor","Neutralize","Dagger Spray","Outmaneuver","Quick Slash","Calculated Gamble","Dash+1","Flying Knee","Caltrops+1","Dagger Spray","Calculated Gamble","Backflip","Adrenaline","Deadly Poison","Noxious Fumes","Flying Knee","Deadly Poison","Crippling Poison+1","Decay","Backflip+1","Panacea","Slice+1"],"max_hp_per_floor":[70,70,70,70,70,70,70,70,70,70,70,70,70,77,77,77,77,77,77,77,77,77,77,77,77,77,77,77,77,77,77,77],"relics":["Ring of the Snake","NeowsBlessing","Dodecahedron","Kunai","Ancient Tea Set","Strawberry","The Specimen","Prayer Wheel"],"card_choices":[{"not_picked":["Calculated Gamble","Wraith Form"],"picked":"Dagger Spray"},{"not_picked":["Predator","PiercingWail"],"picked":"Outmaneuver"},{"not_picked":["Outmaneuver","Crippling Poison"],"picked":"Quick Slash"},{"not_picked":["Choke","Dagger Throw"],"picked":"Calculated Gamble"},{"not_picked":["Predator","Slice"],"picked":"Dash"},{"not_picked":["Dash","Eviscerate"],"picked":"Flying Knee"},{"not_picked":["Slice","Outmaneuver"],"picked":"Dagger Spray"},{"not_picked":["PiercingWail","Dagger Spray"],"picked":"Calculated Gamble"},{"not_picked":["Distraction","Night Terror"],"picked":"Backflip"},{"not_picked":["Glass Knife","Corpse Explosion"],"picked":"Adrenaline"},{"not_picked":["Flechettes","Predator"],"picked":"Deadly Poison"},{"not_picked":["Flying Knee","Dodge and Roll"],"picked":"Noxious Fumes"},{"not_picked":["Cloak And Dagger","Bane"],"picked":"Flying Knee"},{"not_picked":["Underhanded Strike","Quick Slash"],"picked":"Deadly Poison"},{"not_picked":["Finisher","Acrobatics"],"picked":"Crippling Poison"},{"not_picked":["Wraith Form","Underhanded Strike"],"picked":"Backflip"},{"not_picked":["Cloak And Dagger","Dagger Spray"],"picked":"Slice"}],"player_experience":131812,"potions_floor_usage":[4,12,12,13,13,14,16,20,27,31],"damage_taken":[{"damage":0,"enemies":"2 Louse","floor":1,"turns":1},{"damage":0,"enemies":"Jaw Worm","floor":2,"turns":1},{"damage":0,"enemies":"Cultist","floor":3,"turns":1},{"damage":9,"enemies":"Large Slime","floor":4,"turns":9},{"damage":6,"enemies":"3 Louse","floor":5,"turns":4},{"damage":0,"enemies":"Looter","floor":7,"turns":3},{"damage":0,"enemies":"Blue Slaver","floor":10,"turns":3},{"damage":0,"enemies":"Gremlin Nob","floor":12,"turns":4},{"damage":21,"enemies":"Lagavulin Event","floor":13,"turns":6},{"damage":24,"enemies":"Lagavulin","floor":14,"turns":10},{"damage":47,"enemies":"Slime Boss","floor":16,"turns":11},{"damage":0,"enemies":"3 Byrds","floor":18,"turns":2},{"damage":6,"enemies":"Spheric Guardian","floor":19,"turns":4},{"damage":24,"enemies":"Slaver and Parasite","floor":20,"turns":7},{"damage":13,"enemies":"Snake Plant","floor":21,"turns":4},{"damage":23,"enemies":"Centurion and Healer","floor":22,"turns":7},{"damage":15,"enemies":"Sentry and Sphere","floor":27,"turns":6},{"damage":16,"enemies":"Snake Plant","floor":31,"turns":3},{"damage":73,"enemies":"Automaton","floor":33,"turns":10}],"event_choices":[{"event_name":"Dead Adventurer","player_choice":"Searched \u00272\u0027 times","floor":13,"damage_taken":0},{"event_name":"Back to Basics","player_choice":"Simplicity","floor":24,"damage_taken":0},{"event_name":"Forgotten Altar","player_choice":"Smashed Altar","floor":25,"damage_taken":0},{"event_name":"Knowing Skull","player_choice":"CARD ","floor":29,"damage_taken":0}],"boss_relics":[{"not_picked":["Ectoplasm","Runic Dome"],"picked":"The Specimen"}],"potions_floor_spawned":[2,3,5,7,12,13,14,19,22,27],"seed_played":"4261027667187116014","killed_by":"Automaton","ascension_level":1,"is_trial":false}