{"gold_per_floor":[110,110,130,144,163,494,494,494,494,494,506,506,535,547,547,644,644,658,671,684,783,799,799,831,831,858,858,875,875,885,767,767,767],"floor_reached":33,"playtime":1932,"items_purged":["Decay"],"score":333,"play_id":"e918a6f8-5d8a-44a6-b427-eaf19acc69ae","local_time":"20190530172728","is_ascension_mode":true,"campfire_choices":[{"data":"White Noise","floor":7.0,"key":"SMITH"},{"data":"Go for the Eyes","floor":10.0,"key":"SMITH"},{"data":"Defragment","floor":12,"key":"SMITH"},{"floor":15,"key":"REST"},{"data":"Buffer","floor":23,"key":"SMITH"},{"floor":25,"key":"RECALL"},{"data":"Zap","floor":32,"key":"SMITH"}],"neow_cost":"NONE","seed_source_timestamp":0,"circlet_count":0,"master_deck":["Strike_B","Strike_B","Strike_B","Strike_B","Defend_B","Defend_B","Defend_B","Defend_B","Zap+1","Dualcast","White Noise+1","Defragment+1","Reinforced Body","BootSequence","Go for the Eyes+1","Cold Snap","Electrodynamics","Leap","Buffer+1","White Noise+1","Ball Lightning","Storm","Capacitor","Loop"],"special_seed":0,"relics":["Cracked Core","NeowsBlessing","Cables","Old Coin","Blood Vial","Unceasing Top","PreservedInsect","Nuclear Battery","Smiling Mask","Spirit Poop"],"potions_floor_usage":[13,20,20,22,30],"damage_taken":[{"damage":0.0,"enemies":"Small Slimes","floor":1.0,"turns":1.0},{"damage":0.0,"enemies":"Jaw Worm","floor":3.0,"turns":1.0},{"damage":0.0,"enemies":"2 Louse","floor":4.0,"turns":1.0},{"damage":0.0,"enemies":"Lots of Slimes","floor":5.0,"turns":1.0},{"damage":29.0,"enemies":"Gremlin Nob","floor":6.0,"turns":4.0},{"damage":0.0,"enemies":"Blue Slaver","floor":11.0,"turns":3.0},{"damage":21,"enemies":"3 Sentries","floor":13,"turns":9},{"damage":1,"enemies":"Looter","floor":14,"turns":3},{"damage":20,"enemies":"Hexaghost","floor":16,"turns":13},{"damage":4,"enemies":"2 Thieves","floor":18,"turns":3},{"damage":1,"enemies":"Chosen","floor":19,"turns":4},{"damage":0,"enemies":"Centurion and Healer","floor":20,"turns":2},{"damage":1,"enemies":"3 Cultists","floor":22,"turns":3},{"damage":1,"enemies":"Gremlin Leader","floor":24,"turns":5},{"damage":9,"enemies":"Snecko","floor":28,"turns":5},{"damage":0,"enemies":"Centurion and Healer","floor":30,"turns":5},{"damage":79,"enemies":"Automaton","floor":33,"turns":10}],"seed_played":"8082855519498019347","potions_obtained":[{"floor":1.0,"key":"Explosive Potion"},{"floor":4.0,"key":"FearPotion"},{"floor":6.0,"key":"Energy Potion"},{"floor":11,"key":"Swift Potion"},{"floor":14,"key":"SpeedPotion"},{"floor":18,"key":"Energy Potion"},{"floor":24,"key":"Block Potion"}],"is_trial":false,"path_per_floor":["M","?","M","M","M","E","R","?","T","R","M","R","E","M","R","B",null,"M","M","M","?","M","R","E","R","T","?","M","?","M","$","R","B"],"character_chosen":"DEFECT","items_purchased":["Loop"],"campfire_rested":1,"item_purchase_floors":[31],"current_hp_per_floor":[75,75,75,75,75,46,46,39,39,39,41,41,22,23,45,27,75,71,72,74,74,74,74,74,74,74,74,66,66,68,68,68,0],"gold":767,"neow_bonus":"THREE_ENEMY_KILL","is_prod":false,"is_daily":false,"chose_seed":false,"campfire_upgraded":5,"win_rate":0,"timestamp":1559248048,"path_taken":["M","?","M","M","M","E","R","?","T","R","M","R","E","M","R","BOSS","M","M","M","?","M","R","E","R","T","?","?","?","M","$","R","BOSS"],"build_version":"2019-01-23","purchased_purges":1,"victory":false,"max_hp_per_floor":[75,75,75,75,75,75,75,75,75,75,75,75,75,75,75,75,75,75,75,75,75,75,75,75,75,75,75,75,75,75,75,75,75],"card_choices":[{"not_picked":["Lockon","Reinforced Body"],"picked":"White Noise","floor":1.0},{"not_picked":["Gash","Leap"],"picked":"Defragment","floor":3.0},{"not_picked":["Streamline","Stack"],"picked":"Reinforced Body","floor":4.0},{"not_picked":["Melter","Steam"],"picked":"BootSequence","floor":5.0},{"not_picked":["BootSequence","Gash"],"picked":"Go for the Eyes","floor":6.0},{"not_picked":["Skim","Compile Driver"],"picked":"Cold Snap","floor":11},{"not_picked":["Gash","Stack"],"picked":"Electrodynamics","floor":13},{"not_picked":["Darkness","Lockon"],"picked":"Leap","floor":14},{"not_picked":["Biased Cognition","Hyperbeam"],"picked":"Buffer","floor":16},{"not_picked":["Glacier","Force Field"],"picked":"White Noise+1","floor":18},{"not_picked":["Conserve Battery","Compile Driver+1"],"picked":"Ball Lightning","floor":19},{"not_picked":["Sweeping Beam","Coolheaded","Hologram"],"picked":"SKIP","floor":20},{"not_picked":["Turbo+1","Sunder","Blizzard"],"picked":"SKIP","floor":22},{"not_picked":["Genetic Algorithm","Leap"],"picked":"Storm","floor":24},{"not_picked":["Redo","Blizzard"],"picked":"Capacitor","floor":28},{"not_picked":["Streamline","Buffer","Go for the Eyes"],"picked":"SKIP","floor":30}],"player_experience":823087,"relics_obtained":[{"floor":6.0,"key":"Old Coin"},{"floor":9.0,"key":"Unceasing Top"},{"floor":13,"key":"PreservedInsect"},{"floor":24,"key":"Smiling Mask"}],"event_choices":[{"damage_healed":0.0,"max_hp_gain":0.0,"max_hp_loss":0.0,"gold_gain":0.0,"event_name":"Big Fish","player_choice":"Box","floor":2.0,"gold_loss":0.0,"damage_taken":0.0,"relics_obtained":["Cables"],"cards_obtained":["Regret"]},{"damage_healed":0.0,"max_hp_gain":0.0,"max_hp_loss":0.0,"gold_gain":0.0,"event_name":"Scrap Ooze","player_choice":"Success","floor":8.0,"gold_loss":0.0,"damage_taken":7.0,"relics_obtained":["Blood Vial"]},{"damage_healed":0,"gold_gain":99,"player_choice":"Stole From Cult","damage_taken":0,"max_hp_gain":0,"max_hp_loss":0,"event_name":"Nest","floor":21,"gold_loss":0},{"cards_removed":["Regret"],"damage_healed":0,"gold_gain":0,"player_choice":"Offered Curse","damage_taken":0,"relics_obtained":["Spirit Poop"],"max_hp_gain":0,"max_hp_loss":0,"event_name":"Bonfire Elementals","floor":27,"gold_loss":0},{"damage_healed":0,"gold_gain":0,"player_choice":"Smashed Altar","damage_taken":0,"max_hp_gain":0,"max_hp_loss":0,"event_name":"Forgotten Altar","floor":29,"gold_loss":0,"cards_obtained":["Decay"]}],"is_beta":false,"boss_relics":[{"not_picked":["Cursed Key","Astrolabe"],"picked":"Nuclear Battery"}],"items_purged_floors":[31],"is_endless":false,"potions_floor_spawned":[1,4,6,11,14,18,19,24],"killed_by":"Automaton","ascension_level":2}