{"gold_per_floor":[116,116,43,58,8,38,38,68,136,167,167,187,204,221,221,319,319,335,335,25,37,37,57,57,57,57,77,89,107,107,122,122,219,219,238,254,274,274,292,292],"floor_reached":40,"playtime":2842,"items_purged":["Defend_R"],"score":596,"play_id":"d9f8224b-60ce-4920-9485-e59f18fd3cf0","local_time":"20190202103851","is_ascension_mode":true,"campfire_choices":[{"data":"Iron Wave","floor":7.0,"key":"SMITH"},{"data":"Feed","floor":11.0,"key":"SMITH"},{"data":"Whirlwind","floor":15.0,"key":"SMITH"},{"data":"Flex","floor":24.0,"key":"SMITH"},{"floor":30.0,"key":"REST"},{"floor":32.0,"key":"REST"}],"neow_cost":"NONE","seed_source_timestamp":0,"circlet_count":0,"master_deck":["Strike_R","Strike_R","Strike_R","Strike_R+1","Defend_R","Defend_R","Defend_R","Bash+1","Iron Wave+1","Dropkick","Headbutt","Feed+1","Seeing Red","Flex+1","Whirlwind+1","Reaper","Clash+1","Inflame","Warcry","RitualDagger","Infernal Blade","Disarm+1","Dark Embrace","Carnage+1","Whirlwind+1","Seeing Red+1"],"special_seed":0,"relics":["Burning Blood","NeowsBlessing","Orichalcum","Ancient Tea Set","Bottled Lightning","Happy Flower","Lizard Tail","Anchor","GremlinMask","Blue Candle","Runic Pyramid"],"potions_floor_usage":[37,40,40],"damage_taken":[{"damage":0.0,"enemies":"Small Slimes","floor":1.0,"turns":1.0},{"damage":0.0,"enemies":"Jaw Worm","floor":4.0,"turns":1.0},{"damage":0.0,"enemies":"3 Sentries","floor":6.0,"turns":1.0},{"damage":16.0,"enemies":"Lagavulin","floor":8.0,"turns":5.0},{"damage":19.0,"enemies":"Gremlin Nob","floor":10.0,"turns":4.0},{"damage":0.0,"enemies":"Cultist","floor":12.0,"turns":3.0},{"damage":17.0,"enemies":"Gremlin Gang","floor":13.0,"turns":4.0},{"damage":0.0,"enemies":"Large Slime","floor":14.0,"turns":3.0},{"damage":35.0,"enemies":"Hexaghost","floor":16.0,"turns":6.0},{"damage":5.0,"enemies":"3 Byrds","floor":18.0,"turns":4.0},{"damage":0.0,"enemies":"Chosen","floor":21.0,"turns":3.0},{"damage":29.0,"enemies":"Shelled Parasite and Fungi","floor":23.0,"turns":4.0},{"damage":16.0,"enemies":"Centurion and Healer","floor":27.0,"turns":5.0},{"damage":30.0,"enemies":"Snake Plant","floor":28.0,"turns":4.0},{"damage":5.0,"enemies":"Sentry and Sphere","floor":29.0,"turns":3.0},{"damage":16.0,"enemies":"Centurion and Healer","floor":31.0,"turns":3.0},{"damage":151.0,"enemies":"Automaton","floor":33.0,"turns":11.0},{"damage":53.0,"enemies":"3 Darklings","floor":35.0,"turns":4.0},{"damage":7,"enemies":"3 Shapes","floor":36,"turns":3},{"damage":24,"enemies":"Jaw Worm Horde","floor":37,"turns":4},{"damage":51,"enemies":"3 Darklings","floor":39,"turns":5},{"damage":50,"enemies":"Nemesis","floor":40,"turns":10}],"seed_played":"8707886820706688086","potions_obtained":[{"floor":4.0,"key":"PowerPotion"},{"floor":10.0,"key":"Poison Potion"},{"floor":12.0,"key":"BloodPotion"},{"floor":13.0,"key":"LiquidBronze"},{"floor":21.0,"key":"SkillPotion"},{"floor":27.0,"key":"Ancient Potion"},{"floor":29.0,"key":"Energy Potion"},{"floor":33.0,"key":"Dexterity Potion"},{"floor":35,"key":"Dexterity Potion"},{"floor":36,"key":"PowerPotion"}],"is_trial":false,"path_per_floor":["M","?","$","M","?","E","R","E","T","E","R","M","M","M","R","B",null,"M","?","$","M","?","M","R","?","T","M","M","M","R","M","R","B",null,"M","M","M","?","M","E"],"character_chosen":"IRONCLAD","items_purchased":["Dropkick","Anchor","Inflame"],"campfire_rested":2,"item_purchase_floors":[3,20,20],"current_hp_per_floor":[80,64,64,70,70,76,76,66,66,56,56,62,55,65,65,49,84,97,77,77,87,81,62,62,62,62,56,35,36,69,71,105,45,98,51,54,60,60,36,0],"gold":292,"neow_bonus":"THREE_ENEMY_KILL","is_prod":false,"is_daily":false,"chose_seed":false,"campfire_upgraded":4,"win_rate":0,"timestamp":1549118331,"path_taken":["M","?","$","M","?","E","R","E","T","E","R","M","M","M","R","BOSS","M","?","$","M","?","M","R","?","T","M","?","?","R","M","R","BOSS","M","M","M","?","M","E"],"build_version":"2019-01-23","purchased_purges":1,"victory":false,"max_hp_per_floor":[80,80,80,80,80,80,80,80,80,83,83,83,87,91,91,95,95,99,104,104,108,108,112,112,112,112,112,112,112,112,116,116,116,116,116,120,124,124,124,124],"card_choices":[{"not_picked":["Clash","Body Slam"],"picked":"Iron Wave","floor":1.0},{"not_picked":["Flex","Combust"],"picked":"Headbutt","floor":4.0},{"not_picked":["True Grit","Anger","Armaments"],"picked":"SKIP","floor":6.0},{"not_picked":["Perfected Strike","Warcry"],"picked":"Feed","floor":8.0},{"not_picked":["Body Slam","Rupture"],"picked":"Seeing Red","floor":10.0},{"not_picked":["Cleave","Thunderclap"],"picked":"Flex","floor":12.0},{"not_picked":["Clash","Metallicize","Heavy Blade"],"picked":"SKIP","floor":13.0},{"not_picked":["Armaments","Body Slam"],"picked":"Whirlwind","floor":14.0},{"not_picked":["Brutality","Juggernaut"],"picked":"Reaper","floor":16.0},{"not_picked":["Wild Strike","Anger"],"picked":"Clash+1","floor":18.0},{"not_picked":["Shrug It Off","True Grit"],"picked":"Warcry","floor":21.0},{"not_picked":["Shrug It Off","Power Through","Warcry"],"picked":"SKIP","floor":23.0},{"not_picked":["Thunderclap+1","Warcry"],"picked":"Infernal Blade","floor":27.0},{"not_picked":["Bludgeon","Clash+1"],"picked":"Disarm+1","floor":28.0},{"not_picked":["Shockwave","Wild Strike+1"],"picked":"Warcry+1","floor":29.0},{"not_picked":["Rampage","Hemokinesis","Second Wind"],"picked":"SKIP","floor":31.0},{"not_picked":["Brutality","Bludgeon"],"picked":"Dark Embrace","floor":33.0},{"not_picked":["Cleave","Wild Strike"],"picked":"Carnage+1","floor":35},{"not_picked":["Flex","Havoc","Pommel Strike"],"picked":"SKIP","floor":36},{"not_picked":["True Grit+1","Shrug It Off"],"picked":"Whirlwind+1","floor":37},{"not_picked":["Evolve+1","Power Through"],"picked":"Seeing Red+1","floor":39}],"player_experience":378848,"relics_obtained":[{"floor":6.0,"key":"Orichalcum"},{"floor":8.0,"key":"Ancient Tea Set"},{"floor":9.0,"key":"Bottled Lightning"},{"floor":10.0,"key":"Happy Flower"},{"floor":26.0,"key":"Blue Candle"}],"event_choices":[{"damage_healed":0.0,"max_hp_gain":0.0,"max_hp_loss":0.0,"gold_gain":0.0,"event_name":"Shining Light","player_choice":"Entered Light","floor":2.0,"gold_loss":0.0,"damage_taken":16.0,"cards_upgraded":["Bash","Strike_R"]},{"cards_removed":["Strike_R"],"damage_healed":0.0,"max_hp_gain":0.0,"max_hp_loss":0.0,"gold_gain":0.0,"event_name":"The Cleric","player_choice":"Card Removal","floor":5.0,"gold_loss":50.0,"damage_taken":0.0},{"damage_healed":0.0,"max_hp_gain":5.0,"max_hp_loss":0.0,"gold_gain":0.0,"event_name":"Forgotten Altar","player_choice":"Shed Blood","floor":19.0,"gold_loss":0.0,"damage_taken":25.0},{"damage_healed":0.0,"max_hp_gain":0.0,"max_hp_loss":0.0,"gold_gain":0.0,"event_name":"Nest","player_choice":"Joined the Cult","floor":22.0,"gold_loss":0.0,"damage_taken":6.0,"cards_obtained":["RitualDagger"]},{"damage_healed":0.0,"max_hp_gain":0.0,"max_hp_loss":0.0,"gold_gain":0.0,"event_name":"FaceTrader","player_choice":"Trade","floor":25.0,"gold_loss":0.0,"damage_taken":0.0,"relics_obtained":["GremlinMask"]},{"cards_removed":["Warcry"],"damage_healed":0,"gold_gain":0,"player_choice":"Removed Skill","damage_taken":0,"max_hp_gain":0,"max_hp_loss":0,"event_name":"Falling","floor":38,"gold_loss":0}],"is_beta":false,"boss_relics":[{"not_picked":["Pandora\u0027s Box","Fusion Hammer"],"picked":"Lizard Tail"},{"not_picked":["Mark of Pain","Cursed Key"],"picked":"Runic Pyramid"}],"items_purged_floors":[20],"is_endless":false,"potions_floor_spawned":[4,10,12,13,21,27,29,33,35,36],"killed_by":"Nemesis","ascension_level":5}