{"gold_per_floor":[111,111,111,121,133,133,1,17,17,34,34,47,59,75,75,170,170,184,194,209,209,209,209,228,65,65,65,65,76,76,76],"floor_reached":31,"playtime":1382,"items_purged":[],"score":231,"play_id":"04fc0dc7-6d77-4c1b-8c77-c1fc56ed0709","local_time":"20190610200329","is_ascension_mode":false,"campfire_choices":[{"data":"Skewer","floor":6.0,"key":"SMITH"},{"data":"Well Laid Plans","floor":11.0,"key":"SMITH"},{"data":"Outmaneuver","floor":15.0,"key":"SMITH"},{"floor":23,"key":"REST"},{"floor":30,"key":"REST"}],"neow_cost":"NONE","seed_source_timestamp":1553525350272200,"circlet_count":0,"master_deck":["Defend_G","Defend_G","Defend_G","Defend_G","Strike_G","Strike_G","Strike_G","Strike_G","Survivor","Neutralize+1","Skewer+1","Dagger Throw","Dagger Throw","Well Laid Plans+1","Flying Knee","Outmaneuver+1","Finisher","Deadly Poison","Bullet Time","Leg Sweep","Prepared","Crippling Poison","Eviscerate","Envenom","Flash of Steel","Backflip","Flying Knee"],"special_seed":0,"relics":["Busted Crown"],"potions_floor_usage":[20,27],"damage_taken":[{"damage":0.0,"enemies":"2 Louse","floor":1.0,"turns":4.0},{"damage":0.0,"enemies":"Small Slimes","floor":4.0,"turns":3.0},{"damage":0.0,"enemies":"Jaw Worm","floor":5.0,"turns":2.0},{"damage":0.0,"enemies":"Blue Slaver","floor":8.0,"turns":3.0},{"damage":0.0,"enemies":"3 Louse","floor":10.0,"turns":3.0},{"damage":9.0,"enemies":"Large Slime","floor":12.0,"turns":5.0},{"damage":5.0,"enemies":"Lots of Slimes","floor":13.0,"turns":4.0},{"damage":0.0,"enemies":"Looter","floor":14.0,"turns":2.0},{"damage":30.0,"enemies":"Slime Boss","floor":16.0,"turns":8.0},{"damage":3.0,"enemies":"3 Byrds","floor":18.0,"turns":6.0},{"damage":9.0,"enemies":"Shell Parasite","floor":19.0,"turns":8.0},{"damage":33,"enemies":"3 Cultists","floor":20,"turns":8},{"damage":22,"enemies":"Snake Plant","floor":24,"turns":5},{"damage":12,"enemies":"Colosseum Slavers","floor":27,"turns":5},{"damage":16,"enemies":"Centurion and Healer","floor":29,"turns":6},{"damage":7,"enemies":"Cultist and Chosen","floor":31,"turns":4}],"seed_played":"-6770330499302910702","potions_obtained":[{"floor":1.0,"key":"SteroidPotion"},{"floor":12.0,"key":"GhostInAJar"},{"floor":16.0,"key":"SpeedPotion"},{"floor":20,"key":"Block Potion"}],"is_trial":false,"path_per_floor":["M","?","?","M","M","R","$","M","T","M","R","M","M","M","R","B",null,"M","M","M","?","?","R","M","$","T","?","?","M","R","M"],"character_chosen":"THE_SILENT","items_purchased":["Well Laid Plans","Flying Knee","Flash of Steel","Backflip","Flying Knee"],"campfire_rested":2,"item_purchase_floors":[7,7,25,25,25],"current_hp_per_floor":[70,70,75,75,75,75,75,75,75,75,75,66,61,61,61,31,75,72,63,30,30,30,52,30,30,30,18,18,2,24,17],"gold":76,"neow_bonus":"BOSS_RELIC","is_prod":false,"is_daily":false,"chose_seed":false,"campfire_upgraded":3,"win_rate":0,"timestamp":1560211409,"path_taken":["M","?","?","M","M","R","?","M","T","M","R","M","M","M","R","BOSS","M","M","M","?","?","R","M","$","T","?","?","M","R","M"],"build_version":"2019-01-23","purchased_purges":0,"victory":false,"max_hp_per_floor":[70,70,75,75,75,75,75,75,75,75,75,75,75,75,75,75,75,75,75,75,75,75,75,75,75,75,75,75,75,75,75],"card_choices":[{"not_picked":[],"picked":"Skewer","floor":1.0},{"not_picked":[],"picked":"Dagger Throw","floor":4.0},{"not_picked":[],"picked":"Dagger Throw","floor":5.0},{"not_picked":[],"picked":"Outmaneuver","floor":8.0},{"not_picked":["Endless Agony"],"picked":"SKIP","floor":10.0},{"not_picked":[],"picked":"Finisher","floor":12.0},{"not_picked":[],"picked":"Deadly Poison","floor":13.0},{"not_picked":["Deflect"],"picked":"SKIP","floor":14.0},{"not_picked":[],"picked":"Bullet Time","floor":16.0},{"not_picked":[],"picked":"Leg Sweep","floor":18.0},{"not_picked":[],"picked":"Prepared","floor":19.0},{"not_picked":[],"picked":"Crippling Poison","floor":20},{"not_picked":["Deadly Poison"],"picked":"SKIP","floor":24},{"not_picked":["Dodge and Roll"],"picked":"SKIP","floor":29}],"player_experience":679570,"relics_obtained":[],"event_choices":[{"damage_healed":0.0,"max_hp_gain":0.0,"max_hp_loss":0.0,"gold_gain":0.0,"event_name":"Living Wall","player_choice":"Grow","floor":2.0,"gold_loss":0.0,"damage_taken":0.0,"cards_upgraded":["Neutralize"]},{"damage_healed":0.0,"max_hp_gain":5.0,"max_hp_loss":0.0,"gold_gain":0.0,"event_name":"Big Fish","player_choice":"Donut","floor":3.0,"gold_loss":0.0,"damage_taken":0.0},{"damage_healed":0,"gold_gain":0,"cards_transformed":["Defend_G","Strike_G"],"player_choice":"Became Test Subject","damage_taken":0,"max_hp_gain":0,"max_hp_loss":0,"event_name":"Drug Dealer","floor":21,"gold_loss":0,"cards_obtained":["Eviscerate","Envenom"]},{"damage_healed":0,"gold_gain":0,"player_choice":"Ignored","damage_taken":0,"max_hp_gain":0,"max_hp_loss":0,"event_name":"Ghosts","floor":22,"gold_loss":0},{"damage_healed":0,"gold_gain":0,"player_choice":"Fight","damage_taken":0,"max_hp_gain":0,"max_hp_loss":0,"event_name":"Colosseum","floor":27,"gold_loss":0},{"damage_healed":0,"gold_gain":0,"player_choice":"Fled From Nobs","damage_taken":0,"max_hp_gain":0,"max_hp_loss":0,"event_name":"Colosseum","floor":27,"gold_loss":0},{"damage_healed":0,"gold_gain":0,"player_choice":"Ignored","damage_taken":0,"max_hp_gain":0,"max_hp_loss":0,"event_name":"Beggar","floor":28,"gold_loss":0}],"is_beta":false,"boss_relics":[{"not_picked":["Lizard Tail","Cursed Key","Runic Dome"]}],"items_purged_floors":[],"is_endless":false,"potions_floor_spawned":[1,12,16,20,27],"killed_by":"Cultist and Chosen","ascension_level":0}