{"gold_per_floor":[112,124,137,154,171,203,203,220,270,301,301,311,56,206,206,280,280,296,296,316,61,71,71,104,120,200,200],"floor_reached":27,"playtime":1629,"items_purged":["Strike_R","Defend_R"],"score":432,"play_id":"f8f619ef-8b0d-44d1-987a-6dc5bdc92858","local_time":"20190518142633","is_ascension_mode":true,"campfire_choices":[{"data":"Rage","floor":7,"key":"SMITH"},{"floor":15,"key":"REST"},{"data":"Demon Form","floor":23,"key":"SMITH"}],"neow_cost":"TEN_PERCENT_HP_LOSS","seed_source_timestamp":23347585824417,"circlet_count":0,"master_deck":["AscendersBane","Strike_R+1","Strike_R","Strike_R","Strike_R","Defend_R","Defend_R","Defend_R+1","Bash","Rage+1","Shockwave","Pommel Strike","Carnage","Dropkick+1","Disarm+1","Shrug It Off","Whirlwind","Evolve","Magnetism","Demon Form+1","Shrug It Off","Clothesline","Heavy Blade"],"relics":["Burning Blood","Mango","Pen Nib","Whetstone","Regal Pillow","Snecko Eye","War Paint","Ornamental Fan","The Courier"],"potions_floor_usage":[5,10,12,18,22,24,27],"damage_taken":[{"damage":4,"enemies":"Jaw Worm","floor":1,"turns":4},{"damage":1,"enemies":"Small Slimes","floor":2,"turns":5},{"damage":9,"enemies":"Cultist","floor":3,"turns":5},{"damage":8,"enemies":"Blue Slaver","floor":4,"turns":4},{"damage":1,"enemies":"Lots of Slimes","floor":5,"turns":4},{"damage":18,"enemies":"Lagavulin","floor":6,"turns":6},{"damage":19,"enemies":"Looter","floor":8,"turns":4},{"damage":15,"enemies":"3 Sentries","floor":10,"turns":8},{"damage":8,"enemies":"Exordium Wildlife","floor":12,"turns":3},{"damage":61,"enemies":"Slime Boss","floor":16,"turns":12},{"damage":18,"enemies":"2 Thieves","floor":18,"turns":4},{"damage":8,"enemies":"Chosen","floor":20,"turns":4},{"damage":0,"enemies":"3 Cultists","floor":22,"turns":2},{"damage":30,"enemies":"Gremlin Leader","floor":24,"turns":6},{"damage":12,"enemies":"Snake Plant","floor":25,"turns":5},{"damage":30,"enemies":"Slavers","floor":27,"turns":1}],"seed_played":"-577543557088503078","potions_obtained":[{"floor":4,"key":"SteroidPotion"},{"floor":6,"key":"SkillPotion"},{"floor":10,"key":"GamblersBrew"},{"floor":16,"key":"Swift Potion"},{"floor":18,"key":"Explosive Potion"},{"floor":22,"key":"Weak Potion"},{"floor":24,"key":"FearPotion"}],"is_trial":false,"path_per_floor":["M","M","M","M","M","E","R","M","T","E","?","M","$","?","R","B",null,"M","?","M","$","M","R","E","M","T","E"],"character_chosen":"IRONCLAD","items_purchased":["Magnetism","War Paint"],"campfire_rested":1,"item_purchase_floors":[13,21],"current_hp_per_floor":[82,82,79,77,82,70,70,57,57,48,48,46,46,46,82,27,68,56,56,54,54,60,60,36,30,30,0],"gold":200,"neow_bonus":"ONE_RARE_RELIC","is_prod":false,"is_daily":false,"chose_seed":false,"campfire_upgraded":2,"win_rate":0,"timestamp":1558200393,"path_taken":["M","M","M","M","M","E","R","M","T","E","?","M","$","?","R","BOSS","M","?","?","$","M","R","E","M","T","E"],"build_version":"2019-01-23","purchased_purges":2,"victory":false,"max_hp_per_floor":[82,82,82,82,82,82,82,82,82,82,82,82,82,82,82,82,82,82,82,82,82,82,82,82,82,82,82],"card_choices":[{"not_picked":["Headbutt","Body Slam"],"picked":"Rage","floor":1},{"not_picked":["Armaments","Thunderclap"],"picked":"Shockwave","floor":2},{"not_picked":["Headbutt","Thunderclap"],"picked":"Pommel Strike","floor":3},{"not_picked":["Heavy Blade","Havoc"],"picked":"Carnage","floor":4},{"not_picked":["Seeing Red","Bloodletting"],"picked":"Dropkick","floor":5},{"not_picked":["Power Through","Sword Boomerang"],"picked":"Disarm","floor":6},{"not_picked":["Second Wind","Havoc"],"picked":"Shrug It Off","floor":8},{"not_picked":["Heavy Blade","Iron Wave"],"picked":"Whirlwind","floor":10},{"not_picked":["Heavy Blade","Entrench"],"picked":"Evolve","floor":12},{"not_picked":["Immolate","Berserk"],"picked":"Demon Form","floor":16},{"not_picked":["Armaments","Perfected Strike","Headbutt"],"picked":"SKIP","floor":18},{"not_picked":["Warcry","Sword Boomerang"],"picked":"Shrug It Off","floor":20},{"not_picked":["Clash","Corruption"],"picked":"Clothesline","floor":22},{"not_picked":["Dark Embrace","Seeing Red","Twin Strike"],"picked":"SKIP","floor":24},{"not_picked":["Wild Strike+1","Havoc"],"picked":"Heavy Blade","floor":25}],"player_experience":752391,"relics_obtained":[{"floor":6,"key":"Pen Nib"},{"floor":9,"key":"Whetstone"},{"floor":10,"key":"Regal Pillow"},{"floor":24,"key":"Ornamental Fan"},{"floor":26,"key":"The Courier"}],"event_choices":[{"damage_healed":0,"gold_gain":0,"player_choice":"Ignored","damage_taken":0,"max_hp_gain":0,"max_hp_loss":0,"event_name":"Golden Idol","floor":11,"gold_loss":0},{"damage_healed":0,"gold_gain":150,"player_choice":"AGREE","damage_taken":0,"max_hp_gain":0,"max_hp_loss":0,"event_name":"Liars Game","floor":14,"gold_loss":0,"cards_obtained":["Doubt"]},{"cards_removed":["Doubt"],"damage_healed":0,"gold_gain":0,"player_choice":"Removed Curses","damage_taken":0,"max_hp_gain":0,"max_hp_loss":0,"event_name":"Fountain of Cleansing","floor":19,"gold_loss":0}],"is_beta":false,"boss_relics":[{"not_picked":["Orrery","Philosopher\u0027s Stone"],"picked":"Snecko Eye"}],"items_purged_floors":[13,21],"is_endless":false,"potions_floor_spawned":[4,6,10,16,18,22,24],"killed_by":"Slavers","ascension_level":15}