{"gold_per_floor":[113,93,112,124,124,124,149,40,66,66,83,107,117,17,17,113,113,123,48,0,13,13,13,48,48,48,48,67,86,103,115,115,115],"floor_reached":33,"playtime":1308,"items_purged":["Strike_R","Defend_R"],"score":308,"play_id":"760740cd-d253-44b8-acd8-efb0b0f49c88","local_time":"20181028132653","is_ascension_mode":true,"campfire_choices":[{"floor":6,"key":"DIG"},{"data":"Whirlwind","floor":10,"key":"SMITH"},{"data":"Perfected Strike","floor":15,"key":"SMITH"},{"data":"Seeing Red","floor":23,"key":"SMITH"},{"data":"1","floor":25,"key":"LIFT"},{"floor":32,"key":"REST"}],"neow_cost":"PERCENT_DAMAGE","seed_source_timestamp":189981406527945,"circlet_count":0,"master_deck":["Strike_R","Strike_R","Strike_R","Strike_R","Defend_R","Defend_R","Bash","Twin Strike","Shrug It Off","Feed","Whirlwind+1","Spot Weakness","Perfected Strike+1","Immolate","Seeing Red+1","Rampage+1","Headbutt","Perfected Strike+1","Perfected Strike"],"relics":["Burning Blood","Shovel","Paper Frog","Odd Mushroom","Red Skull","Anchor","White Beast Statue","Girya","Bottled Lightning","Centennial Puzzle"],"potions_floor_usage":[3,7,13,18,24,28,29,30,33,33],"damage_taken":[{"damage":6,"enemies":"Cultist","floor":1,"turns":3},{"damage":2,"enemies":"Jaw Worm","floor":3,"turns":3},{"damage":0,"enemies":"Small Slimes","floor":4,"turns":3},{"damage":6,"enemies":"The Mushroom Lair","floor":7,"turns":5},{"damage":0,"enemies":"2 Fungi Beasts","floor":11,"turns":2},{"damage":5,"enemies":"Exordium Thugs","floor":13,"turns":5},{"damage":60,"enemies":"Hexaghost","floor":16,"turns":8},{"damage":15,"enemies":"2 Thieves","floor":18,"turns":3},{"damage":11,"enemies":"Spheric Guardian","floor":21,"turns":3},{"damage":15,"enemies":"Gremlin Leader","floor":24,"turns":4},{"damage":13,"enemies":"3 Cultists","floor":28,"turns":3},{"damage":42,"enemies":"Centurion and Healer","floor":29,"turns":4},{"damage":6,"enemies":"Snake Plant","floor":30,"turns":2},{"damage":10,"enemies":"Snecko","floor":31,"turns":3},{"damage":114,"enemies":"Automaton","floor":33,"turns":6}],"seed_played":"-4327476106280685458","potions_obtained":[{"floor":2,"key":"SpeedPotion"},{"floor":4,"key":"SkillPotion"},{"floor":11,"key":"FearPotion"},{"floor":16,"key":"Strength Potion"},{"floor":18,"key":"Poison Potion"},{"floor":21,"key":"FairyPotion"},{"floor":24,"key":"GamblersBrew"},{"floor":28,"key":"SpeedPotion"},{"floor":29,"key":"Fire Potion"},{"floor":30,"key":"Poison Potion"},{"floor":31,"key":"SkillPotion"}],"is_trial":false,"path_per_floor":["M","?","M","M","?","R","?","$","T","R","M","T","M","$","R","B",null,"M","?","?","M","$","R","E","R","T","?","M","M","M","M","R"],"character_chosen":"IRONCLAD","items_purchased":["Whirlwind"],"campfire_rested":1,"item_purchase_floors":[8],"current_hp_per_floor":[56,56,60,66,71,71,71,71,71,71,77,77,81,81,81,27,88,79,79,79,74,74,74,68,68,68,68,61,25,28,24,52,0],"gold":115,"neow_bonus":"ONE_RARE_RELIC","is_prod":false,"is_daily":false,"chose_seed":false,"campfire_upgraded":3,"win_rate":0,"timestamp":1540744013,"path_taken":["M","?","M","M","?","R","?","$","T","R","?","?","M","?","R","BOSS","M","?","?","?","$","R","E","R","T","?","M","M","?","M","R","BOSS"],"build_version":"2018-10-25v2","purchased_purges":2,"victory":false,"max_hp_per_floor":[80,80,80,80,85,85,85,85,85,85,85,85,88,88,88,88,88,88,88,88,88,88,88,91,91,91,91,91,91,94,94,94,94],"card_choices":[{"not_picked":["Sword Boomerang","True Grit"],"picked":"Twin Strike","floor":1},{"not_picked":["Rupture","True Grit","Wild Strike"],"picked":"SKIP","floor":3},{"not_picked":["Bloodletting","Pommel Strike"],"picked":"Shrug It Off","floor":4},{"not_picked":["Heavy Blade","Blood for Blood"],"picked":"Feed","floor":7},{"not_picked":["Rupture","Ghostly Armor"],"picked":"Spot Weakness","floor":11},{"not_picked":["Havoc","Anger"],"picked":"Perfected Strike","floor":13},{"not_picked":["Reaper","Double Tap"],"picked":"Immolate","floor":16},{"not_picked":["Iron Wave+1","Evolve"],"picked":"Seeing Red","floor":18},{"not_picked":["Flex+1","Spot Weakness"],"picked":"Rampage+1","floor":21},{"not_picked":["Wild Strike+1","Sever Soul+1"],"picked":"Headbutt","floor":24},{"not_picked":["Anger","True Grit"],"picked":"Perfected Strike+1","floor":28},{"not_picked":["Pummel","Clothesline","True Grit"],"picked":"SKIP","floor":29},{"not_picked":["Sword Boomerang","Immolate"],"picked":"Perfected Strike","floor":30},{"not_picked":["Fire Breathing","Hemokinesis","Wild Strike"],"picked":"SKIP","floor":31}],"player_experience":357682,"relics_obtained":[{"floor":6,"key":"Paper Frog"},{"floor":7,"key":"Odd Mushroom"},{"floor":9,"key":"Red Skull"},{"floor":12,"key":"Anchor"},{"floor":24,"key":"Girya"},{"floor":26,"key":"Bottled Lightning"}],"event_choices":[{"damage_healed":0,"gold_gain":0,"player_choice":"Bought 1 Potion","damage_taken":0,"max_hp_gain":0,"max_hp_loss":0,"event_name":"The Woman in Blue","floor":2,"gold_loss":0},{"damage_healed":0,"gold_gain":0,"player_choice":"Donut","damage_taken":0,"max_hp_gain":5,"max_hp_loss":0,"event_name":"Big Fish","floor":5,"gold_loss":0},{"damage_healed":0,"gold_gain":0,"player_choice":"Fought Mushrooms","damage_taken":0,"max_hp_gain":0,"max_hp_loss":0,"event_name":"Mushrooms","floor":7,"gold_loss":0},{"cards_removed":["Defend_R"],"damage_healed":0,"gold_gain":0,"player_choice":"Gave Gold","damage_taken":0,"max_hp_gain":0,"max_hp_loss":0,"event_name":"Beggar","floor":19,"gold_loss":75},{"damage_healed":0,"gold_gain":0,"player_choice":"Paid Fearfully","damage_taken":0,"max_hp_gain":0,"max_hp_loss":0,"event_name":"Masked Bandits","floor":20,"gold_loss":48},{"damage_healed":0,"gold_gain":0,"player_choice":"Opened","damage_taken":0,"relics_obtained":["Centennial Puzzle"],"max_hp_gain":0,"max_hp_loss":0,"event_name":"The Mausoleum","floor":27,"gold_loss":0}],"is_beta":false,"boss_relics":[{"not_picked":["Cursed Key","Astrolabe"],"picked":"White Beast Statue"}],"items_purged_floors":[8,14],"is_endless":false,"potions_floor_spawned":[4,11,16,18,21,24,28,29,30,31],"killed_by":"Automaton","ascension_level":4}