{"gold_per_floor":[115,115,130,4,4,4,35,35,83,117,133,145,176,188,188,285,285,298,309,309,209,226,226,261,136,136,136,155,175,191,191,191,191],"floor_reached":33,"playtime":2524,"items_purged":["Strike_R","Strike_R","Defend_R"],"score":547,"play_id":"8396bc3a-45a4-461a-b1cc-2ea646945feb","local_time":"20190429142237","is_ascension_mode":true,"campfire_choices":[{"data":"Iron Wave","floor":6,"key":"SMITH"},{"data":"Iron Wave","floor":8,"key":"SMITH"},{"data":"True Grit","floor":15,"key":"SMITH"},{"data":"Exhume","floor":23,"key":"SMITH"},{"data":"Shockwave","floor":27,"key":"SMITH"},{"floor":32,"key":"REST"}],"neow_cost":"NONE","seed_source_timestamp":947343794271905,"circlet_count":0,"master_deck":["AscendersBane","Strike_R","Strike_R","Strike_R","Defend_R+1","Defend_R","Defend_R+1","Bash","Iron Wave+1","Anger","Iron Wave+1","Clash","Disarm","Warcry","Iron Wave","True Grit+1","Exhume+1","Shockwave+1","Warcry","Warcry","Inflame","Disarm","Pummel","Disarm"],"relics":["Burning Blood","NeowsBlessing","PreservedInsect","Dead Branch","Lantern","Dream Catcher","War Paint","Kunai","Orrery","Strawberry","Pear"],"potions_floor_usage":[11,13,24,33],"damage_taken":[{"damage":0,"enemies":"2 Louse","floor":1,"turns":1},{"damage":0,"enemies":"Jaw Worm","floor":3,"turns":1},{"damage":0,"enemies":"Lagavulin","floor":7,"turns":1},{"damage":4,"enemies":"3 Sentries","floor":10,"turns":6},{"damage":0,"enemies":"Cultist","floor":11,"turns":3},{"damage":0,"enemies":"Exordium Thugs","floor":12,"turns":4},{"damage":0,"enemies":"Gremlin Nob","floor":13,"turns":3},{"damage":6,"enemies":"Lots of Slimes","floor":14,"turns":4},{"damage":27,"enemies":"The Guardian","floor":16,"turns":12},{"damage":1,"enemies":"Shell Parasite","floor":18,"turns":6},{"damage":32,"enemies":"Spheric Guardian","floor":19,"turns":4},{"damage":0,"enemies":"Cultist and Chosen","floor":22,"turns":6},{"damage":15,"enemies":"Gremlin Leader","floor":24,"turns":11},{"damage":0,"enemies":"Snecko","floor":28,"turns":7},{"damage":4,"enemies":"Centurion and Healer","floor":29,"turns":7},{"damage":9,"enemies":"Snake Plant","floor":30,"turns":6},{"damage":112,"enemies":"Automaton","floor":33,"turns":10}],"seed_played":"255705797715164782","potions_obtained":[{"floor":3,"key":"Explosive Potion"},{"floor":10,"key":"GamblersBrew"},{"floor":12,"key":"Fire Potion"},{"floor":13,"key":"Strength Potion"},{"floor":14,"key":"Regen Potion"},{"floor":24,"key":"BloodPotion"}],"is_trial":false,"path_per_floor":["M","?","M","$","?","R","E","R","T","E","M","M","E","M","R","B",null,"M","M","?","$","M","R","E","$","T","R","M","M","M","?","R","B"],"character_chosen":"IRONCLAD","items_purchased":["Iron Wave"],"campfire_rested":1,"item_purchase_floors":[4],"current_hp_per_floor":[78,53,59,59,59,59,65,65,65,67,73,79,80,80,80,59,75,80,54,54,54,60,60,58,58,68,68,74,76,73,64,93,0],"gold":191,"neow_bonus":"THREE_ENEMY_KILL","is_prod":false,"is_daily":false,"chose_seed":false,"campfire_upgraded":5,"win_rate":0,"timestamp":1556558557,"path_taken":["M","?","M","$","?","R","E","R","T","E","?","M","E","M","R","BOSS","M","M","?","$","?","R","E","$","T","R","M","M","M","?","R","BOSS"],"build_version":"2019-01-23","purchased_purges":3,"victory":false,"max_hp_per_floor":[80,80,80,80,80,80,80,80,80,80,80,80,80,80,80,80,80,80,80,80,80,80,80,87,87,97,97,97,97,97,97,97,97],"card_choices":[{"not_picked":["Fire Breathing","Disarm"],"picked":"Iron Wave","floor":1},{"not_picked":["Sentinel","Pommel Strike"],"picked":"Anger","floor":3},{"not_picked":["Infernal Blade","Heavy Blade"],"picked":"Clash","floor":7},{"not_picked":["Body Slam","Shrug It Off","Thunderclap"],"picked":"SKIP","floor":10},{"not_picked":["Rage","Pummel"],"picked":"Disarm","floor":11},{"not_picked":["Shrug It Off","Pommel Strike"],"picked":"Warcry","floor":12},{"not_picked":["Pommel Strike","Evolve"],"picked":"Iron Wave","floor":13},{"not_picked":["Feel No Pain","Iron Wave"],"picked":"True Grit","floor":14},{"not_picked":["Feed","Double Tap"],"picked":"Exhume","floor":16},{"not_picked":["Clash","Wild Strike"],"picked":"Shockwave","floor":17},{"not_picked":["Offering","Burning Pact"],"picked":"Warcry","floor":17},{"not_picked":["Twin Strike","Pummel"],"picked":"Warcry","floor":17},{"not_picked":["Armaments","Shrug It Off"],"picked":"Inflame","floor":17},{"not_picked":["Blood for Blood","Clash"],"picked":"Disarm","floor":17},{"not_picked":["Twin Strike","Armaments"],"picked":"Pummel","floor":18},{"not_picked":["Armaments","Rampage+1"],"picked":"Disarm","floor":19},{"not_picked":["True Grit","Pommel Strike","Sword Boomerang"],"picked":"SKIP","floor":22},{"not_picked":["Reckless Charge","Wild Strike","Berserk"],"picked":"SKIP","floor":24},{"not_picked":["Twin Strike","Wild Strike","Pommel Strike"],"picked":"SKIP","floor":28},{"not_picked":["Uppercut","Heavy Blade+1","Twin Strike"],"picked":"SKIP","floor":29},{"not_picked":["Twin Strike","Iron Wave","Heavy Blade"],"picked":"SKIP","floor":30}],"player_experience":669848,"relics_obtained":[{"floor":7,"key":"Lantern"},{"floor":9,"key":"Dream Catcher"},{"floor":10,"key":"War Paint"},{"floor":13,"key":"Kunai"},{"floor":24,"key":"Strawberry"},{"floor":26,"key":"Pear"}],"event_choices":[{"damage_healed":0,"gold_gain":0,"player_choice":"Success","damage_taken":25,"relics_obtained":["PreservedInsect"],"max_hp_gain":0,"max_hp_loss":0,"event_name":"Scrap Ooze","floor":2,"gold_loss":0},{"damage_healed":0,"gold_gain":0,"player_choice":"Gave Potion","damage_taken":0,"relics_obtained":["Dead Branch"],"max_hp_gain":0,"max_hp_loss":0,"event_name":"WeMeetAgain","floor":5,"gold_loss":0},{"damage_healed":0,"gold_gain":0,"player_choice":"Bought 0 Potions","damage_taken":0,"max_hp_gain":0,"max_hp_loss":0,"event_name":"The Woman in Blue","floor":20,"gold_loss":0},{"damage_healed":0,"gold_gain":0,"player_choice":"","damage_taken":9,"max_hp_gain":0,"max_hp_loss":0,"event_name":"Knowing Skull","floor":31,"potions_obtained":[],"gold_loss":0,"cards_obtained":[]}],"is_beta":false,"boss_relics":[{"not_picked":["Velvet Choker","Snecko Eye"],"picked":"Orrery"}],"items_purged_floors":[4,21,25],"is_endless":false,"potions_floor_spawned":[3,10,12,13,14,24,28,29],"killed_by":"Automaton","ascension_level":11}