{"gold_per_floor":[114,130,55,55,55,55,55,55,104,104,145,145,176,191,191,290,290,309,234,284,284,300,300,300],"floor_reached":24,"playtime":780,"items_purged":["Strike_R"],"score":427,"play_id":"82f27d16-6a8c-449a-babf-a9b7b7436abf","local_time":"20190615181425","is_ascension_mode":true,"campfire_choices":[{"data":"Rampage","floor":6,"key":"SMITH"},{"data":"Whirlwind","floor":10,"key":"SMITH"},{"data":"Inflame","floor":12,"key":"SMITH"},{"data":"Bash","floor":15,"key":"SMITH"},{"floor":23,"key":"REST"}],"neow_cost":"NONE","seed_source_timestamp":2457048949291469,"circlet_count":0,"master_deck":["AscendersBane","Strike_R","Strike_R","Defend_R","Defend_R+1","Defend_R+1","Bash+1","Rampage+1","Whirlwind+1","Inflame+1","Iron Wave","Demon Form","Havoc","Disarm"],"relics":["Burning Blood","NeowsBlessing","Golden Idol","Question Card","Blue Candle","Oddly Smooth Stone","War Paint","Strawberry","Empty Cage","Spirit Poop"],"potions_floor_usage":[13,16,18],"damage_taken":[{"damage":0,"enemies":"Jaw Worm","floor":1,"turns":1},{"damage":0,"enemies":"2 Louse","floor":2,"turns":1},{"damage":0,"enemies":"Lagavulin","floor":11,"turns":1},{"damage":6,"enemies":"Gremlin Nob","floor":13,"turns":3},{"damage":6,"enemies":"Cultist","floor":14,"turns":3},{"damage":38,"enemies":"Hexaghost","floor":16,"turns":11},{"damage":41,"enemies":"3 Byrds","floor":18,"turns":5},{"damage":26,"enemies":"2 Thieves","floor":22,"turns":5},{"damage":43,"enemies":"Book of Stabbing","floor":24,"turns":5}],"seed_played":"-423120041518977605","potions_obtained":[{"floor":2,"key":"Dexterity Potion"},{"floor":11,"key":"AttackPotion"},{"floor":13,"key":"Energy Potion"}],"is_trial":false,"path_per_floor":["M","M","$","?","?","R","?","?","T","R","E","R","E","M","R","B",null,"M","?","?","?","M","R","E"],"character_chosen":"IRONCLAD","items_purchased":[],"campfire_rested":1,"item_purchase_floors":[],"current_hp_per_floor":[74,75,75,49,38,38,38,56,56,56,62,62,69,69,69,37,71,36,36,36,36,16,39,0],"gold":300,"neow_bonus":"THREE_ENEMY_KILL","is_prod":false,"is_daily":false,"chose_seed":false,"campfire_upgraded":4,"win_rate":0,"timestamp":1560633265,"path_taken":["M","M","$","?","?","R","?","?","T","R","E","R","E","M","R","BOSS","M","?","?","?","?","R","E"],"build_version":"2019-01-23","purchased_purges":1,"victory":false,"max_hp_per_floor":[75,75,75,75,75,75,75,75,75,75,75,75,82,82,82,82,82,82,82,82,79,79,79,79],"card_choices":[{"not_picked":["Cleave","Pommel Strike"],"picked":"Rampage","floor":1},{"not_picked":["Feel No Pain","Anger"],"picked":"Whirlwind","floor":2},{"not_picked":["Perfected Strike","Dark Embrace","Shrug It Off"],"picked":"Inflame","floor":11},{"not_picked":["Double Tap","Reckless Charge","Flex","Bludgeon"],"picked":"SKIP","floor":13},{"not_picked":["Entrench","Blood for Blood","Perfected Strike"],"picked":"Iron Wave","floor":14},{"not_picked":["Berserk","Limit Break","Bludgeon"],"picked":"Demon Form","floor":16},{"not_picked":["Anger","Rupture","True Grit"],"picked":"Havoc","floor":18},{"not_picked":["Inflame","True Grit","Metallicize"],"picked":"Disarm","floor":22}],"player_experience":1057407,"relics_obtained":[{"floor":9,"key":"Oddly Smooth Stone"},{"floor":11,"key":"War Paint"},{"floor":13,"key":"Strawberry"}],"event_choices":[{"damage_healed":0,"gold_gain":0,"player_choice":"Take Damage","damage_taken":26,"relics_obtained":["Golden Idol"],"max_hp_gain":0,"max_hp_loss":0,"event_name":"Golden Idol","floor":4,"gold_loss":0},{"damage_healed":0,"gold_gain":0,"player_choice":"Success","damage_taken":11,"relics_obtained":["Question Card"],"max_hp_gain":0,"max_hp_loss":0,"event_name":"Scrap Ooze","floor":5,"gold_loss":0},{"damage_healed":0,"gold_gain":0,"player_choice":"Searched \u00271\u0027 times","damage_taken":0,"relics_obtained":["Blue Candle"],"max_hp_gain":0,"max_hp_loss":0,"event_name":"Dead Adventurer","floor":7,"gold_loss":0},{"damage_healed":18,"gold_gain":0,"player_choice":"Healed and dodged fight","damage_taken":0,"max_hp_gain":0,"max_hp_loss":0,"event_name":"Mushrooms","floor":8,"gold_loss":0,"cards_obtained":["Parasite"]},{"cards_removed":["Defend_R"],"damage_healed":0,"gold_gain":0,"player_choice":"Gave Gold","damage_taken":0,"max_hp_gain":0,"max_hp_loss":0,"event_name":"Beggar","floor":19,"gold_loss":75},{"damage_healed":0,"gold_gain":50,"player_choice":"Stole From Cult","damage_taken":0,"max_hp_gain":0,"max_hp_loss":0,"event_name":"Nest","floor":20,"gold_loss":0},{"cards_removed":["Parasite"],"damage_healed":0,"gold_gain":0,"player_choice":"Offered Curse","damage_taken":0,"relics_obtained":["Spirit Poop"],"max_hp_gain":0,"max_hp_loss":0,"event_name":"Bonfire Elementals","floor":21,"gold_loss":0}],"is_beta":false,"boss_relics":[{"not_picked":["Fusion Hammer","Ectoplasm"],"picked":"Empty Cage"}],"items_purged_floors":[3],"is_endless":false,"potions_floor_spawned":[2,11,13],"killed_by":"Book of Stabbing","ascension_level":18}