{"gold_per_floor":[116,133,153,30,41,41,41,76,101,146,168,215,227,308,320,436,448,472,534,563,199,218,218],"floor_reached":23,"playtime":1296,"items_purged":["Strike_B"],"score":277,"play_id":"b8efc338-d142-433a-81be-a874a87ea2d7","local_time":"20190603131817","is_ascension_mode":true,"campfire_choices":[{"data":"Madness","floor":6,"key":"SMITH"},{"floor":15,"key":"REST"}],"neow_cost":"NONE","seed_source_timestamp":1401974463748476,"circlet_count":0,"master_deck":["Strike_B","Strike_B","Strike_B+1","Defend_B","Defend_B","Defend_B","Defend_B","Zap","Dualcast","Compile Driver+1","Compile Driver","FTL","Reinforced Body","Madness+1","Fusion","Beam Cell","Capacitor","Rainbow","Glacier+1"],"relics":["Cracked Core","Ancient Tea Set","MawBank","Whetstone","Matryoshka","SsserpentHead","Snecko Eye","MutagenicStrength","Membership Card","Singing Bowl"],"potions_floor_usage":[8,8,12,16],"damage_taken":[{"damage":0,"enemies":"Small Slimes","floor":1,"turns":2},{"damage":0,"enemies":"Cultist","floor":2,"turns":3},{"damage":7,"enemies":"Jaw Worm","floor":3,"turns":4},{"damage":0,"enemies":"Blue Slaver","floor":5,"turns":4},{"damage":3,"enemies":"Gremlin Nob","floor":8,"turns":4},{"damage":18,"enemies":"Lagavulin","floor":10,"turns":8},{"damage":9,"enemies":"Red Slaver","floor":11,"turns":2},{"damage":15,"enemies":"3 Sentries","floor":12,"turns":6},{"damage":0,"enemies":"Large Slime","floor":14,"turns":3},{"damage":10,"enemies":"Slime Boss","floor":16,"turns":9},{"damage":25,"enemies":"3 Byrds","floor":18,"turns":6},{"damage":19,"enemies":"Spheric Guardian","floor":20,"turns":4},{"damage":9,"enemies":"3 Cultists","floor":22,"turns":6},{"damage":24,"enemies":"Book of Stabbing","floor":23,"turns":3}],"seed_played":"2910317450917305285","potions_obtained":[{"floor":0,"key":"Explosive Potion"},{"floor":0,"key":"Regen Potion"},{"floor":0,"key":"EssenceOfSteel"},{"floor":8,"key":"Ancient Potion"},{"floor":10,"key":"Explosive Potion"},{"floor":20,"key":"LiquidBronze"}],"is_trial":false,"path_per_floor":["M","M","M","$","M","R","$","E","T","E","M","E","?","M","R","B",null,"M","?","M","$","M","E"],"character_chosen":"DEFECT","items_purchased":["Reinforced Body","Madness","Membership Card","Singing Bowl"],"campfire_rested":1,"item_purchase_floors":[4,4,21,21],"current_hp_per_floor":[68,68,61,61,61,61,61,58,58,40,31,16,16,16,38,43,67,42,42,23,23,16,0],"gold":218,"neow_bonus":"THREE_SMALL_POTIONS","is_prod":false,"is_daily":false,"chose_seed":false,"campfire_upgraded":1,"win_rate":0,"timestamp":1559578697,"path_taken":["M","M","M","$","M","R","$","E","T","E","M","E","?","?","R","BOSS","M","?","M","$","M","E"],"build_version":"2019-01-23","purchased_purges":1,"victory":false,"max_hp_per_floor":[75,75,75,75,75,75,75,75,75,75,75,75,75,75,75,75,75,75,75,75,75,77,77],"card_choices":[{"not_picked":["Sweeping Beam","Chill"],"picked":"Compile Driver","floor":1},{"not_picked":["Coolheaded","White Noise"],"picked":"Compile Driver","floor":2},{"not_picked":["Hologram","Stack"],"picked":"FTL","floor":3},{"not_picked":["Redo","Loop","Recycle"],"picked":"SKIP","floor":5},{"not_picked":["Stack","Melter"],"picked":"Fusion","floor":8},{"not_picked":["Lockon","Stack"],"picked":"Beam Cell","floor":10},{"not_picked":["Reinforced Body","Compile Driver","Leap"],"picked":"SKIP","floor":11},{"not_picked":["Creative AI","Storm","Blizzard"],"picked":"SKIP","floor":12},{"not_picked":["Reprogram","Rebound"],"picked":"Capacitor","floor":14},{"not_picked":["Creative AI","All For One"],"picked":"Rainbow","floor":16},{"not_picked":["Leap","Rebound","Turbo"],"picked":"SKIP","floor":18},{"not_picked":["Streamline","Cold Snap"],"picked":"Glacier+1","floor":20},{"not_picked":["Turbo","Go for the Eyes","Reinforced Body+1"],"picked":"Singing Bowl","floor":22}],"player_experience":888100,"relics_obtained":[{"floor":8,"key":"Ancient Tea Set"},{"floor":9,"key":"MawBank"},{"floor":10,"key":"Whetstone"},{"floor":12,"key":"Matryoshka"}],"event_choices":[{"damage_healed":0,"gold_gain":0,"player_choice":"Trade","damage_taken":0,"relics_obtained":["SsserpentHead"],"max_hp_gain":0,"max_hp_loss":0,"event_name":"FaceTrader","floor":13,"gold_loss":0},{"damage_healed":0,"gold_gain":0,"player_choice":"Inject Mutagens","damage_taken":0,"relics_obtained":["MutagenicStrength"],"max_hp_gain":0,"max_hp_loss":0,"event_name":"Drug Dealer","floor":19,"gold_loss":0}],"is_beta":false,"boss_relics":[{"not_picked":["Runic Dome","Sozu"],"picked":"Snecko Eye"}],"items_purged_floors":[21],"is_endless":false,"potions_floor_spawned":[1,2,8,10,11,20],"killed_by":"Book of Stabbing","ascension_level":6}