{"gold_per_floor":[110,110,130,1,1,34,51,51,51,86,99,130,130,130,130,204,204,222,241,291,291,17,17],"floor_reached":23,"playtime":1562,"items_purged":[],"score":614,"play_id":"024eecd6-8c75-4e28-9221-3f520e727cf0","local_time":"20181221231426","is_ascension_mode":true,"campfire_choices":[{"data":"Dash","floor":8.0,"key":"SMITH"},{"floor":13.0,"key":"REST"},{"floor":15.0,"key":"REST"}],"neow_cost":"NONE","seed_source_timestamp":0,"circlet_count":0,"master_deck":["AscendersBane","Defend_G","Defend_G","Defend_G","Defend_G","Defend_G","Strike_G","Survivor","Neutralize+1","Dagger Throw","Well Laid Plans","Dash+1","Heel Hook","Flying Knee","Footwork","Corpse Explosion","Slice+1","Dagger Spray+1","Ghostly","Ghostly","Ghostly","Backflip"],"special_seed":0,"relics":["Ring of the Snake","Singing Bowl","Shuriken","Molten Egg 2","Empty Cage","Bronze Scales"],"potions_floor_usage":[23],"damage_taken":[{"damage":0.0,"enemies":"Small Slimes","floor":1.0,"turns":5.0},{"damage":0.0,"enemies":"Jaw Worm","floor":3.0,"turns":5.0},{"damage":12.0,"enemies":"3 Sentries","floor":6.0,"turns":9.0},{"damage":0.0,"enemies":"Cultist","floor":7.0,"turns":4.0},{"damage":19.0,"enemies":"Gremlin Nob","floor":10.0,"turns":6.0},{"damage":0.0,"enemies":"3 Louse","floor":11.0,"turns":3.0},{"damage":22.0,"enemies":"Lagavulin","floor":12.0,"turns":5.0},{"damage":50.0,"enemies":"Slime Boss","floor":16.0,"turns":14.0},{"damage":33.0,"enemies":"2 Thieves","floor":18.0,"turns":4.0},{"damage":0.0,"enemies":"Chosen","floor":19.0,"turns":8.0},{"damage":20,"enemies":"Book of Stabbing","floor":23,"turns":6}],"seed_played":"7857779363236876530","potions_obtained":[{"floor":7.0,"key":"Block Potion"},{"floor":10.0,"key":"SpeedPotion"},{"floor":12.0,"key":"GamblersBrew"},{"floor":18.0,"key":"GamblersBrew"}],"is_trial":false,"path_per_floor":["M","?","M","$","?","E","M","R","T","E","M","E","R","?","R","B",null,"M","M","?","?","$","E"],"character_chosen":"THE_SILENT","items_purchased":["Well Laid Plans","Strength Potion","Backflip","Bronze Scales","Weak Potion"],"campfire_rested":2,"item_purchase_floors":[4,4,22,22,22],"current_hp_per_floor":[59,59,59,59,64,52,54,54,54,35,35,13,33,33,53,3,52,19,19,19,19,19,0],"gold":17,"neow_bonus":"REMOVE_CARD","is_prod":false,"is_daily":false,"chose_seed":false,"campfire_upgraded":1,"win_rate":0,"timestamp":1545430466,"path_taken":["M","?","M","$","?","E","?","R","T","E","M","E","R","?","R","BOSS","M","?","?","?","$","E"],"build_version":"2018-12-20","purchased_purges":0,"victory":false,"max_hp_per_floor":[66,66,66,66,66,66,68,68,68,68,68,68,68,68,68,68,68,68,68,68,34,34,34],"card_choices":[{"not_picked":["Quick Slash","Prepared"],"picked":"Dagger Throw","floor":1.0},{"not_picked":["Prepared","Catalyst"],"picked":"Slice","floor":3.0},{"not_picked":["Calculated Gamble","Masterful Stab"],"picked":"Dash","floor":6.0},{"not_picked":["Blade Dance","Acrobatics","Riddle With Holes"],"picked":"Singing Bowl","floor":7.0},{"not_picked":["Doppelganger","Finisher"],"picked":"Heel Hook","floor":10.0},{"not_picked":["Bane","Dodge and Roll"],"picked":"Flying Knee","floor":11.0},{"not_picked":["Concentrate","PiercingWail"],"picked":"Footwork","floor":12.0},{"not_picked":["Night Terror","A Thousand Cuts"],"picked":"Corpse Explosion","floor":16.0},{"not_picked":["Underhanded Strike+1","Choke+1"],"picked":"Slice+1","floor":18.0},{"not_picked":["PiercingWail","Catalyst"],"picked":"Dagger Spray+1","floor":19.0}],"player_experience":666117,"relics_obtained":[{"floor":6.0,"key":"Singing Bowl"},{"floor":10.0,"key":"Shuriken"},{"floor":12.0,"key":"Molten Egg 2"}],"event_choices":[{"damage_healed":0.0,"max_hp_gain":0.0,"max_hp_loss":0.0,"gold_gain":0.0,"event_name":"Living Wall","player_choice":"Grow","floor":2.0,"gold_loss":0.0,"damage_taken":0.0,"cards_upgraded":["Neutralize"]},{"cards_removed":["Slice"],"damage_healed":5.0,"max_hp_gain":0.0,"max_hp_loss":0.0,"gold_gain":0.0,"event_name":"Bonfire Elementals","player_choice":"Offered Common","floor":5.0,"gold_loss":0.0,"damage_taken":0.0},{"cards_removed":["Slice"],"damage_healed":5.0,"max_hp_gain":0.0,"max_hp_loss":0.0,"gold_gain":0.0,"event_name":"Bonfire Elementals","player_choice":"Offered Special","floor":5.0,"gold_loss":0.0,"damage_taken":0.0},{"cards_removed":["Strike_G"],"damage_healed":0.0,"max_hp_gain":0.0,"max_hp_loss":0.0,"gold_gain":0.0,"event_name":"Purifier","player_choice":"Purged","floor":14.0,"gold_loss":0.0,"damage_taken":0.0},{"damage_healed":0.0,"max_hp_gain":0.0,"max_hp_loss":0.0,"gold_gain":50.0,"event_name":"Nest","player_choice":"Stole From Cult","floor":20.0,"gold_loss":0.0,"damage_taken":0.0},{"damage_healed":0.0,"max_hp_gain":0.0,"max_hp_loss":34.0,"gold_gain":0.0,"event_name":"Ghosts","player_choice":"Became a Ghost","floor":21.0,"gold_loss":0.0,"damage_taken":0.0,"cards_obtained":["Ghostly","Ghostly","Ghostly"]}],"is_beta":false,"boss_relics":[{"not_picked":["Tiny House","Runic Pyramid"],"picked":"Empty Cage"}],"items_purged_floors":[],"is_endless":false,"potions_floor_spawned":[7,10,12,18],"killed_by":"Book of Stabbing","ascension_level":20}