{"gold_per_floor":[119,33,33,33,33,33,53,84,84,84,114,114,114,124,124,201,201,221,221,234,248,298,324,324,324,324,324,359,359,378,412,412,489,489,508,398,74,93,106,106,31,57,81,113,123,151,151,186,186,186,186,186,186,2,33,33],"floor_reached":57,"playtime":3231,"items_purged":["Ball Lightning","Normality"],"score":3224,"play_id":"319ca0ac-e980-4636-8081-87dc31034ef1","local_time":"20181231013953","is_ascension_mode":true,"campfire_choices":[{"floor":6,"key":"REST"},{"floor":10,"key":"REST"},{"floor":15,"key":"REST"},{"data":"Defragment","floor":25,"key":"SMITH"},{"floor":27,"key":"REST"},{"data":"Defragment","floor":29,"key":"SMITH"},{"data":"Darkness","floor":32,"key":"SMITH"},{"data":"Heatsinks","floor":40,"key":"SMITH"},{"data":"Defragment","floor":47,"key":"SMITH"},{"floor":49,"key":"RECALL"},{"data":"Capacitor","floor":53,"key":"SMITH"}],"neow_cost":"PERCENT_DAMAGE","seed_source_timestamp":43841855747340,"circlet_count":0,"master_deck":["AscendersBane","Defend_B","Defend_B","Defend_B+1","Defend_B","Zap","Dualcast","Sweeping Beam","Sweeping Beam","Defragment+1","Defragment+1","Cold Snap+1","Go for the Eyes","Biased Cognition","Conserve Battery","Capacitor+1","White Noise","Aggregate","Defragment+1","Darkness+1","Capacitor","Creative AI","Glacier+1","Heatsinks+1","Consume+1","Defragment+1","Compile Driver+1","Recycle"],"relics":["FrozenCore","Bird Faced Urn","DataDisk","Gremlin Horn","Bag of Preparation","Lantern","Cursed Key","Mercury Hourglass","Du-Vu Doll","Sundial","Anchor","Happy Flower","Art of War","Ginger","Question Card","Omamori","Centennial Puzzle"],"potions_floor_usage":[8,14,19,23,28,44,56],"damage_taken":[{"damage":1,"enemies":"Small Slimes","floor":1,"turns":3},{"damage":1,"enemies":"2 Louse","floor":7,"turns":2},{"damage":28,"enemies":"Lagavulin","floor":8,"turns":7},{"damage":35,"enemies":"3 Sentries","floor":11,"turns":5},{"damage":0,"enemies":"Jaw Worm","floor":14,"turns":1},{"damage":7,"enemies":"The Guardian","floor":16,"turns":9},{"damage":12,"enemies":"2 Thieves","floor":18,"turns":4},{"damage":0,"enemies":"Spheric Guardian","floor":20,"turns":3},{"damage":7,"enemies":"3 Cultists","floor":21,"turns":4},{"damage":0,"enemies":"Gremlin Leader","floor":23,"turns":5},{"damage":14,"enemies":"Slavers","floor":28,"turns":6},{"damage":17,"enemies":"Centurion and Healer","floor":30,"turns":5},{"damage":32,"enemies":"Book of Stabbing","floor":31,"turns":4},{"damage":18,"enemies":"Automaton","floor":33,"turns":8},{"damage":40,"enemies":"3 Darklings","floor":35,"turns":5},{"damage":0,"enemies":"Orb Walker","floor":38,"turns":6},{"damage":0,"enemies":"Transient","floor":39,"turns":6},{"damage":0,"enemies":"Giant Head","floor":42,"turns":6},{"damage":0,"enemies":"Reptomancer","floor":44,"turns":6},{"damage":8,"enemies":"4 Shapes","floor":45,"turns":5},{"damage":0,"enemies":"Giant Head","floor":46,"turns":9},{"damage":7,"enemies":"Reptomancer","floor":48,"turns":5},{"damage":0,"enemies":"Donu and Deca","floor":50,"turns":11},{"damage":7,"enemies":"Time Eater","floor":51,"turns":15},{"damage":31,"enemies":"Shield and Spear","floor":55,"turns":11},{"damage":47,"enemies":"The Heart","floor":56,"turns":10}],"seed_played":"-4398166893852346129","potions_obtained":[{"floor":1,"key":"SkillPotion"},{"floor":8,"key":"Explosive Potion"},{"floor":11,"key":"Strength Potion"},{"floor":30,"key":"AttackPotion"},{"floor":31,"key":"Dexterity Potion"},{"floor":33,"key":"Block Potion"},{"floor":44,"key":"SpeedPotion"}],"is_trial":false,"path_per_floor":["M","$","?","?","$","R","M","E","T","R","E","?","T","M","R","B",null,"M","?","M","M","?","E","?","R","T","R","E","R","M","E","R","B",null,"M","?","$","M","M","R","$","E","T","E","M","E","R","E","R","B","B",null,"R","$","E","B",null],"character_chosen":"DEFECT","items_purchased":["Ball Lightning","Sweeping Beam","Anchor","Happy Flower","Regen Potion"],"campfire_rested":4,"item_purchase_floors":[2,2,37,37,54],"current_hp_per_floor":[45,45,38,17,17,38,37,11,11,32,1,1,1,1,22,19,58,52,36,42,41,41,49,49,49,49,71,69,69,63,43,43,39,67,49,49,49,76,76,76,76,76,76,76,76,76,76,76,76,76,76,76,76,76,76,76],"gold":33,"neow_bonus":"ONE_RARE_RELIC","is_prod":false,"is_daily":false,"chose_seed":false,"campfire_upgraded":6,"win_rate":0,"timestamp":1546216793,"path_taken":["M","$","?","?","?","R","M","E","T","R","E","?","?","M","R","BOSS","M","?","?","M","?","E","?","R","T","R","E","R","M","E","R","BOSS","M","?","?","M","M","R","$","E","T","E","M","E","R","E","R","BOSS","BOSS","R","$","E","BOSS"],"build_version":"2018-12-20","purchased_purges":2,"victory":true,"max_hp_per_floor":[71,71,71,71,71,71,71,71,71,71,71,71,71,71,71,71,71,71,76,76,76,76,76,76,76,76,76,76,76,76,76,76,76,76,76,76,76,76,76,76,76,76,76,76,76,76,76,76,76,76,76,76,76,76,76,76],"card_choices":[{"not_picked":["Undo","Leap"],"picked":"Sweeping Beam","floor":1},{"not_picked":["Conserve Battery","Chill"],"picked":"Defragment","floor":7},{"not_picked":["Steam","Hologram"],"picked":"Defragment","floor":8},{"not_picked":["Blizzard","Reprogram"],"picked":"Cold Snap","floor":11},{"not_picked":["All For One","Redo"],"picked":"Go for the Eyes","floor":14},{"not_picked":["Buffer","Seek"],"picked":"Biased Cognition","floor":16},{"not_picked":["Leap","Sweeping Beam"],"picked":"Conserve Battery","floor":18},{"not_picked":["Rebound","Barrage+1","Turbo+1"],"picked":"SKIP","floor":20},{"not_picked":["Self Repair","Hologram+1"],"picked":"Capacitor","floor":21},{"not_picked":["Blizzard","Beam Cell"],"picked":"White Noise","floor":23},{"not_picked":["Steam","Stack","Conserve Battery"],"picked":"SKIP","floor":28},{"not_picked":["White Noise","Reinforced Body"],"picked":"Darkness","floor":30},{"not_picked":["Multi-Cast","Skim"],"picked":"Capacitor","floor":31},{"not_picked":["Seek","Meteor Strike"],"picked":"Creative AI","floor":33},{"not_picked":["Rebound","BootSequence"],"picked":"Glacier+1","floor":35},{"not_picked":["Go for the Eyes","Rebound+1"],"picked":"Heatsinks","floor":38},{"not_picked":["Barrage","Sweeping Beam","Sunder"],"picked":"SKIP","floor":39},{"not_picked":["Machine Learning","Storm"],"picked":"Consume+1","floor":42},{"not_picked":["Aggregate","Static Discharge+1"],"picked":"Defragment","floor":44},{"not_picked":["Barrage","Turbo"],"picked":"Compile Driver+1","floor":45},{"not_picked":["Gash","Fusion","Streamline"],"picked":"SKIP","floor":46},{"not_picked":["Lockon","Sunder","Darkness","Heatsinks"],"picked":"SKIP","floor":48},{"not_picked":["BootSequence","Hologram","Gash+1"],"picked":"Recycle","floor":55}],"player_experience":721821,"relics_obtained":[{"floor":8,"key":"DataDisk"},{"floor":9,"key":"Gremlin Horn"},{"floor":11,"key":"Bag of Preparation"},{"floor":13,"key":"Lantern"},{"floor":23,"key":"Mercury Hourglass"},{"floor":28,"key":"Du-Vu Doll"},{"floor":31,"key":"Sundial"},{"floor":42,"key":"Art of War"},{"floor":44,"key":"Ginger"},{"floor":46,"key":"Question Card"},{"floor":48,"key":"Omamori"},{"floor":55,"key":"Centennial Puzzle"}],"event_choices":[{"cards_removed":["Strike_B"],"damage_healed":0,"gold_gain":0,"player_choice":"Card Removal","damage_taken":7,"max_hp_gain":0,"max_hp_loss":0,"event_name":"Golden Wing","floor":3,"gold_loss":0},{"damage_healed":0,"gold_gain":0,"player_choice":"Entered Light","damage_taken":21,"max_hp_gain":0,"max_hp_loss":0,"event_name":"Shining Light","floor":4,"gold_loss":0,"cards_upgraded":["Strike_B","Defend_B"]},{"damage_healed":0,"gold_gain":0,"player_choice":"Grow","damage_taken":0,"max_hp_gain":0,"max_hp_loss":0,"event_name":"Living Wall","floor":12,"gold_loss":0,"cards_upgraded":["Defragment"]},{"damage_healed":0,"gold_gain":0,"player_choice":"POTION POTION ","damage_taken":21,"max_hp_gain":0,"max_hp_loss":0,"event_name":"Knowing Skull","floor":19,"potions_obtained":["Fruit Juice","Block Potion"],"gold_loss":0,"cards_obtained":[]},{"damage_healed":0,"gold_gain":50,"player_choice":"Stole From Cult","damage_taken":0,"max_hp_gain":0,"max_hp_loss":0,"event_name":"Nest","floor":22,"gold_loss":0},{"damage_healed":0,"gold_gain":0,"cards_transformed":["Strike_B","Strike_B"],"player_choice":"Became Test Subject","damage_taken":0,"max_hp_gain":0,"max_hp_loss":0,"event_name":"Drug Dealer","floor":24,"gold_loss":0,"cards_obtained":["Aggregate","Defragment"]},{"cards_removed":["Strike_B"],"damage_healed":0,"gold_gain":0,"player_choice":"Upgrade and Remove","damage_taken":0,"max_hp_gain":0,"max_hp_loss":0,"event_name":"Designer","floor":36,"gold_loss":110,"cards_upgraded":["Cold Snap"]}],"is_beta":false,"boss_relics":[{"not_picked":["White Beast Statue","Eternal Feather"],"picked":"Cursed Key"},{"not_picked":["Snecko Eye","Astrolabe"],"picked":"FrozenCore"}],"items_purged_floors":[41,54],"is_endless":false,"potions_floor_spawned":[1,8,11,20,21,30,31,33,44,45],"ascension_level":20}