{"gold_per_floor":[18,78,178,194,194,219,219,235,290,315,326,341,416,266,266,368,368,386,129,129,163,177,177],"floor_reached":23,"playtime":907,"items_purged":["Strike_R","Defend_R"],"score":333,"play_id":"a75ae97c-a72d-4df4-be79-695c6adad0be","local_time":"20190428101118","is_ascension_mode":true,"campfire_choices":[{"floor":7,"key":"REST"},{"data":"Uppercut","floor":15,"key":"SMITH"}],"neow_cost":"NO_GOLD","seed_source_timestamp":847482858027377,"circlet_count":0,"master_deck":["AscendersBane","Defend_R","Defend_R","Defend_R","Bash","Uppercut+1","Cleave","Combust","Iron Wave","Combust","Combust","Barricade","Ghostly Armor","Iron Wave","Rampage+1","Bite","Bite","Bite","Bite","Bite","Body Slam+1","Metallicize"],"relics":["Burning Blood","Torii","Centennial Puzzle","Pantograph","Orrery","Bronze Scales","Red Mask"],"potions_floor_usage":[4,10,21,22,23,23],"damage_taken":[{"damage":7,"enemies":"2 Louse","floor":1,"turns":3},{"damage":8,"enemies":"Small Slimes","floor":4,"turns":5},{"damage":35,"enemies":"Lagavulin","floor":6,"turns":6},{"damage":1,"enemies":"Cultist","floor":8,"turns":3},{"damage":14,"enemies":"3 Sentries","floor":10,"turns":4},{"damage":9,"enemies":"3 Louse","floor":11,"turns":4},{"damage":12,"enemies":"Looter","floor":12,"turns":3},{"damage":56,"enemies":"Slime Boss","floor":16,"turns":8},{"damage":32,"enemies":"Spheric Guardian","floor":18,"turns":4},{"damage":55,"enemies":"Masked Bandits","floor":21,"turns":5},{"damage":12,"enemies":"Chosen","floor":22,"turns":5},{"damage":28,"enemies":"Slavers","floor":23,"turns":4}],"seed_played":"-8974663412730127285","potions_obtained":[{"floor":1,"key":"SpeedPotion"},{"floor":6,"key":"Explosive Potion"},{"floor":12,"key":"FearPotion"},{"floor":18,"key":"LiquidBronze"},{"floor":21,"key":"BloodPotion"},{"floor":22,"key":"Explosive Potion"}],"is_trial":false,"path_per_floor":["M","?","?","M","?","E","R","M","T","E","M","M","?","$","R","B",null,"M","$","?","?","M","E"],"character_chosen":"IRONCLAD","items_purchased":["Combust","Bronze Scales"],"campfire_rested":1,"item_purchase_floors":[14,19],"current_hp_per_floor":[71,71,71,69,74,45,70,75,75,69,68,64,53,53,53,30,71,47,47,47,8,20,0],"gold":177,"neow_bonus":"ONE_RARE_RELIC","is_prod":false,"is_daily":false,"chose_seed":false,"campfire_upgraded":1,"win_rate":0,"timestamp":1556457078,"path_taken":["M","?","?","?","?","E","R","M","T","E","M","M","?","$","R","BOSS","M","$","?","?","M","E"],"build_version":"2019-01-23","purchased_purges":2,"victory":false,"max_hp_per_floor":[80,80,80,80,85,85,85,85,85,85,85,85,85,85,85,85,85,85,85,85,85,85,85],"card_choices":[{"not_picked":["Inflame","Clash"],"picked":"Uppercut","floor":1},{"not_picked":["Headbutt","Pommel Strike"],"picked":"Cleave","floor":4},{"not_picked":["Reckless Charge","Fire Breathing"],"picked":"Combust","floor":6},{"not_picked":["Carnage","Flex","Perfected Strike"],"picked":"SKIP","floor":8},{"not_picked":["Reckless Charge","Entrench","Infernal Blade"],"picked":"SKIP","floor":10},{"not_picked":["Armaments","Cleave"],"picked":"Iron Wave","floor":11},{"not_picked":["Wild Strike","Twin Strike"],"picked":"Combust","floor":12},{"not_picked":["Limit Break","Feed"],"picked":"Barricade","floor":16},{"not_picked":["Sword Boomerang","Clothesline"],"picked":"Ghostly Armor","floor":17},{"not_picked":["Shrug It Off","Thunderclap"],"picked":"Iron Wave","floor":17},{"not_picked":["Impervious","Clash+1"],"picked":"Rampage+1","floor":18},{"not_picked":["Thunderclap","Flex"],"picked":"Body Slam+1","floor":21},{"not_picked":["Cleave","Rage"],"picked":"Metallicize","floor":22}],"player_experience":662956,"relics_obtained":[{"floor":6,"key":"Centennial Puzzle"},{"floor":9,"key":"Blood Vial"},{"floor":10,"key":"Pantograph"},{"floor":21,"key":"Red Mask"}],"event_choices":[{"damage_healed":0,"gold_gain":60,"player_choice":"Gained Gold","damage_taken":0,"max_hp_gain":0,"max_hp_loss":0,"event_name":"Golden Wing","floor":2,"gold_loss":0},{"damage_healed":0,"gold_gain":100,"player_choice":"Pray","damage_taken":0,"max_hp_gain":0,"max_hp_loss":0,"event_name":"Golden Shrine","floor":3,"gold_loss":0},{"damage_healed":0,"gold_gain":0,"player_choice":"Donut","damage_taken":0,"max_hp_gain":5,"max_hp_loss":0,"event_name":"Big Fish","floor":5,"gold_loss":0},{"damage_healed":0,"gold_gain":75,"player_choice":"Gather Gold","damage_taken":11,"max_hp_gain":0,"max_hp_loss":0,"event_name":"World of Goop","floor":13,"gold_loss":0},{"damage_healed":0,"gold_gain":0,"player_choice":"Became a vampire (Vial)","damage_taken":0,"max_hp_gain":0,"max_hp_loss":0,"event_name":"Vampires","floor":20,"relics_lost":["Blood Vial"],"gold_loss":0,"cards_obtained":["Bite","Bite","Bite","Bite","Bite"]},{"damage_healed":0,"gold_gain":0,"player_choice":"Fought Bandits","damage_taken":0,"max_hp_gain":0,"max_hp_loss":0,"event_name":"Masked Bandits","floor":21,"gold_loss":0}],"is_beta":false,"boss_relics":[{"not_picked":["Runic Pyramid","Mark of Pain"],"picked":"Orrery"}],"items_purged_floors":[14,19],"is_endless":false,"potions_floor_spawned":[1,6,12,18,21,22],"killed_by":"Slavers","ascension_level":11}