{"path_per_floor":["M","?","?","$","?","E","R","?","T","R","M","R","E","M","R","B",null,"M","$","M","M","?","R","M","M","T","R","?","$","?","M","R","B",null,"M","?","?","$","M","E","M","M","T","?","M","R","M","M","R"],"character_chosen":"THE_SILENT","items_purchased":["Noxious Fumes","Panache","Trip","Reflex","Dash","Masterful Stab"],"gold_per_floor":[119,119,119,49,49,83,83,83,107,107,123,123,155,172,172,268,268,278,6,19,29,29,29,43,57,57,57,157,7,7,21,21,117,117,132,132,132,17,28,62,76,95,95,0,12,12,31,42,42],"floor_reached":50,"campfire_rested":5,"playtime":3482,"current_hp_per_floor":[70,56,56,56,56,56,56,63,63,63,63,63,63,63,63,44,80,80,80,70,46,46,70,52,33,33,57,57,57,57,57,80,41,80,80,80,70,70,55,42,36,36,43,43,23,49,31,43,69],"items_purged":["Strike_G"],"gold":42,"score":582,"play_id":"e5aca194-c0e1-4ff3-87f0-6e8c80ed22c3","is_prod":false,"is_daily":false,"is_ascension_mode":true,"campfire_upgraded":4,"path_taken":["M","?","?","$","?","E","R","?","T","R","M","R","E","M","R","BOSS","M","$","M","M","?","R","M","M","T","R","?","$","?","M","R","BOSS","M","?","?","$","M","E","?","M","T","?","M","R","M","?","R","BOSS"],"build_version":"2018-02-15-PROD1","purchased_purges":1,"victory":false,"master_deck":["Defend_G","Defend_G+1","Defend_G","Defend_G+1","Defend_G","Strike_G","Strike_G","Strike_G","Survivor","Neutralize","Escape Plan","Eviscerate","Swift Strike","Storm of Steel","Noxious Fumes+1","Adrenaline+1","Bouncing Flask+1","Catalyst+1","Calculated Gamble","Bullet Time","Footwork","Panache","Trip","Bane+1","Leg Sweep","Calculated Gamble+1","Outmaneuver+1","Reflex","Dash","Leg Sweep+1","Adrenaline","Bouncing Flask","Madness","Madness","Masterful Stab","Deadly Poison","Prepared+1","Poisoned Stab+1","Blur+1","Burst","Distraction","Flying Knee"],"max_hp_per_floor":[70,70,70,70,70,70,70,80,80,80,80,80,80,80,80,80,80,80,80,80,80,80,80,80,80,80,80,80,80,80,80,80,80,80,80,80,80,80,80,80,80,80,87,87,87,87,87,87,87],"relics":["Ring of the Snake","NeowsBlessing","Paper Crane","Darkstone Periapt","Pear","Pen Nib","Matryoshka","The Specimen","Anchor","Frozen Eye","Lizard Tail","Bronze Scales","Strawberry","Bird Faced Urn","Red Mask"],"card_choices":[{"not_picked":["Storm of Steel","Quick Slash"],"picked":"Escape Plan"},{"not_picked":["Finisher","Endless Agony"],"picked":"Adrenaline"},{"not_picked":["Flying Knee","Expertise"],"picked":"Bouncing Flask"},{"not_picked":["Outmaneuver","Dagger Throw"],"picked":"Catalyst"},{"not_picked":["PiercingWail","Cloak And Dagger"],"picked":"Calculated Gamble"},{"not_picked":["Night Terror","Doppelganger"],"picked":"Bullet Time"},{"not_picked":["Dodge and Roll","Slice"],"picked":"Footwork"},{"not_picked":["Cloak And Dagger","Predator"],"picked":"Bane"},{"not_picked":["Dodge and Roll","Masterful Stab"],"picked":"Leg Sweep"},{"not_picked":["Quick Slash","Dodge and Roll"],"picked":"Calculated Gamble"},{"not_picked":["Backflip","Tools of the Trade"],"picked":"Outmaneuver"},{"not_picked":["Infinite Blades","Masterful Stab"],"picked":"Leg Sweep"},{"not_picked":["Doppelganger","Venomology"],"picked":"Adrenaline"},{"not_picked":["Backflip","Accuracy"],"picked":"Bouncing Flask"},{"not_picked":["Predator","PiercingWail"],"picked":"Deadly Poison"},{"not_picked":["PiercingWail","Calculated Gamble"],"picked":"Prepared"},{"not_picked":["Cloak And Dagger","Deadly Poison"],"picked":"Poisoned Stab"},{"not_picked":["All Out Attack","Calculated Gamble"],"picked":"Blur"},{"not_picked":["Skewer","Cloak And Dagger"],"picked":"Burst"},{"not_picked":["Cloak And Dagger","Deflect"],"picked":"Distraction"},{"not_picked":["Poisoned Stab","Slice"],"picked":"Flying Knee"}],"player_experience":144281,"potions_floor_usage":[33,33,39,41,47,50,50],"damage_taken":[{"damage":0,"enemies":"Small Slimes","floor":1,"turns":1},{"damage":0,"enemies":"3 Sentries","floor":6,"turns":2},{"damage":0,"enemies":"2 Louse","floor":11,"turns":1},{"damage":0,"enemies":"Lagavulin","floor":13,"turns":5},{"damage":0,"enemies":"Cultist","floor":14,"turns":2},{"damage":19,"enemies":"Slime Boss","floor":16,"turns":8},{"damage":0,"enemies":"Chosen","floor":18,"turns":2},{"damage":10,"enemies":"Spheric Guardian","floor":20,"turns":3},{"damage":24,"enemies":"Snake Plant","floor":21,"turns":4},{"damage":18,"enemies":"Snecko","floor":24,"turns":4},{"damage":19,"enemies":"Chosen and Byrds","floor":25,"turns":6},{"damage":0,"enemies":"Centurion and Healer","floor":31,"turns":6},{"damage":39,"enemies":"Collector","floor":33,"turns":7},{"damage":0,"enemies":"3 Shapes","floor":35,"turns":4},{"damage":15,"enemies":"3 Darklings","floor":39,"turns":4},{"damage":13,"enemies":"2 Orb Walkers","floor":40,"turns":5},{"damage":6,"enemies":"Maw","floor":41,"turns":6},{"damage":0,"enemies":"4 Shapes","floor":42,"turns":5},{"damage":26,"enemies":"Sphere and 2 Shapes","floor":45,"turns":7},{"damage":34,"enemies":"3 Darklings","floor":47,"turns":5},{"damage":38,"enemies":"4 Shapes","floor":48,"turns":6},{"damage":77,"enemies":"Donu and Deca","floor":50,"turns":9}],"event_choices":[{"event_name":"Shining Light","player_choice":"Entered Light","floor":2,"damage_taken":0},{"event_name":"Match and Keep!","player_choice":"3 cards matched","floor":3,"damage_taken":0},{"event_name":"Accursed Blacksmith","player_choice":"Rummage","floor":5,"damage_taken":0},{"event_name":"Scrap Ooze","player_choice":"success","floor":8,"damage_taken":3},{"event_name":"Cursed Tome","player_choice":"Ignored","floor":22,"damage_taken":0},{"event_name":"Golden Shrine","player_choice":"Pray","floor":28,"damage_taken":0},{"event_name":"The Lab","player_choice":"Got Potions","floor":30,"damage_taken":0},{"event_name":"Wheel of Change","player_choice":"Card Removal","floor":36,"damage_taken":0},{"event_name":"Winding Halls","player_choice":"Embrace Madness","floor":37,"damage_taken":0},{"event_name":"Tomb of Lord Red Mask","player_choice":"Paid","floor":44,"damage_taken":0}],"boss_relics":[{"not_picked":["Calling Bell","Runic Pyramid"],"picked":"The Specimen"},{"not_picked":["Snecko Eye","White Beast Statue"],"picked":"Lizard Tail"}],"potions_floor_spawned":[1,16,18,33,39,40,45],"seed_played":"-9081630675748165260","killed_by":"Donu and Deca","ascension_level":1,"is_trial":false}