{"gold_per_floor":[119,135,9,27,40,73,73,85,85,97,112,147,167,199,199,278,278,292,27,42,42,42,77,77,89,89,109,137,137,137,137,137,212,212,231,245,245,1244,513,513,513,22,22,48,100,100,110,122,122,122,122,122,122,46,75,75],"floor_reached":57,"playtime":3927,"items_purged":["Normality","Normality"],"score":3255,"play_id":"b642d4d5-ee8b-4c11-9920-69b65c71768a","local_time":"20190203230615","is_ascension_mode":true,"campfire_choices":[{"data":"Dash","floor":7,"key":"SMITH"},{"data":"Footwork","floor":15,"key":"SMITH"},{"data":"Noxious Fumes","floor":24,"key":"SMITH"},{"data":"Well Laid Plans","floor":29,"key":"SMITH"},{"data":"Deadly Poison","floor":30,"key":"SMITH"},{"data":"Dash","floor":32,"key":"SMITH"},{"floor":40,"key":"RECALL"},{"data":"After Image","floor":46,"key":"SMITH"},{"data":"Neutralize","floor":49,"key":"SMITH"},{"floor":53,"key":"REST"}],"neow_cost":"NONE","seed_source_timestamp":34566794456348,"circlet_count":0,"master_deck":["AscendersBane","Defend_G","Defend_G","Defend_G","Defend_G","Defend_G","Strike_G","Strike_G","Survivor","Neutralize+1","Well Laid Plans+1","Dash+1","Deadly Poison+1","Backstab","Footwork+1","Dash+1","Crippling Poison+1","Leg Sweep+1","Night Terror+1","Burst+1","Noxious Fumes+1","After Image+1","Necronomicurse","Well Laid Plans+1","Unload+1","Slice+1","Dodge and Roll+1","Crippling Poison+1","Catalyst+1","Calculated Gamble+1","Deadly Poison+1","Footwork"],"relics":["Ring of the Snake","Gambling Chip","Paper Crane","Toxic Egg 2","Odd Mushroom","Pantograph","Busted Crown","TwistedFunnel","Ancient Tea Set","Potion Belt","WingedGreaves","Necronomicon","Astrolabe","Incense Burner","Art of War","ClockworkSouvenir","Oddly Smooth Stone","Du-Vu Doll","Shuriken"],"potions_floor_usage":[6,20,56,56,56,56,56],"damage_taken":[{"damage":3,"enemies":"Cultist","floor":1,"turns":4},{"damage":0,"enemies":"Small Slimes","floor":2,"turns":4},{"damage":0,"enemies":"2 Louse","floor":4,"turns":2},{"damage":6,"enemies":"2 Fungi Beasts","floor":5,"turns":4},{"damage":0,"enemies":"3 Sentries","floor":6,"turns":7},{"damage":7,"enemies":"Large Slime","floor":8,"turns":7},{"damage":0,"enemies":"Looter","floor":10,"turns":2},{"damage":0,"enemies":"2 Fungi Beasts","floor":11,"turns":3},{"damage":9,"enemies":"Lagavulin","floor":12,"turns":7},{"damage":1,"enemies":"The Mushroom Lair","floor":13,"turns":4},{"damage":0,"enemies":"3 Sentries","floor":14,"turns":10},{"damage":0,"enemies":"The Guardian","floor":16,"turns":14},{"damage":0,"enemies":"Shell Parasite","floor":18,"turns":6},{"damage":6,"enemies":"Spheric Guardian","floor":20,"turns":6},{"damage":3,"enemies":"Gremlin Leader","floor":23,"turns":9},{"damage":2,"enemies":"Centurion and Healer","floor":25,"turns":7},{"damage":4,"enemies":"Snake Plant","floor":27,"turns":4},{"damage":0,"enemies":"Book of Stabbing","floor":28,"turns":6},{"damage":3,"enemies":"Champ","floor":33,"turns":15},{"damage":1,"enemies":"3 Shapes","floor":35,"turns":4},{"damage":0,"enemies":"3 Darklings","floor":36,"turns":4},{"damage":0,"enemies":"Nemesis","floor":44,"turns":5},{"damage":2,"enemies":"2 Orb Walkers","floor":45,"turns":2},{"damage":0,"enemies":"Writhing Mass","floor":47,"turns":3},{"damage":0,"enemies":"Spire Growth","floor":48,"turns":4},{"damage":0,"enemies":"Time Eater","floor":50,"turns":10},{"damage":30,"enemies":"Donu and Deca","floor":51,"turns":11},{"damage":61,"enemies":"Shield and Spear","floor":55,"turns":8},{"damage":0,"enemies":"The Heart","floor":56,"turns":11}],"seed_played":"5633060125822275966","potions_obtained":[{"floor":1,"key":"Strength Potion"},{"floor":2,"key":"SmokeBomb"},{"floor":5,"key":"Fruit Juice"},{"floor":6,"key":"EntropicBrew"},{"floor":20,"key":"SpeedPotion"},{"floor":33,"key":"FairyPotion"},{"floor":35,"key":"Dexterity Potion"},{"floor":48,"key":"PowerPotion"},{"floor":55,"key":"SpeedPotion"}],"is_trial":false,"path_per_floor":["M","M","$","M","M","E","R","M","T","M","M","E","?","E","R","B",null,"M","$","M","?","?","E","R","M","T","M","E","R","R","?","R","B",null,"M","M","?","?","$","R","?","$","T","E","?","R","M","M","R","B","B",null,"R","$","E","B",null],"character_chosen":"THE_SILENT","items_purchased":["Well Laid Plans","Dash","Noxious Fumes","TwistedFunnel","Incense Burner","Crippling Poison+1","Ancient Potion","Art of War","Catalyst+1","ClockworkSouvenir","Calculated Gamble+1","Footwork"],"campfire_rested":1,"item_purchase_floors":[3,3,19,19,39,39,39,39,42,42,42,54],"current_hp_per_floor":[62,62,62,62,56,56,56,49,49,49,49,40,39,39,39,64,70,70,70,69,69,69,66,66,64,64,60,60,60,60,39,39,61,73,72,72,72,72,72,72,72,72,72,72,70,70,70,70,70,73,43,66,73,73,12,37],"gold":75,"neow_bonus":"TEN_PERCENT_HP_BONUS","is_prod":false,"is_daily":false,"chose_seed":false,"campfire_upgraded":8,"win_rate":0,"timestamp":1549231575,"path_taken":["M","M","$","?","M","E","R","M","T","M","?","E","?","E","R","BOSS","M","$","M","?","?","E","R","M","T","M","E","R","R","?","R","BOSS","M","M","?","?","$","R","?","$","T","E","?","R","M","M","R","BOSS","BOSS","R","$","E","BOSS"],"build_version":"2019-01-23","purchased_purges":2,"victory":true,"max_hp_per_floor":[72,72,72,72,72,72,72,72,72,72,72,72,72,72,72,72,72,72,72,77,77,77,77,77,77,77,77,77,77,77,77,77,77,77,77,77,77,77,77,77,73,73,73,73,73,73,73,73,73,73,73,73,73,73,73,73],"card_choices":[{"not_picked":["Caltrops","Dodge and Roll"],"picked":"Flying Knee","floor":1},{"not_picked":["Blade Dance","Acrobatics","Prepared"],"picked":"SKIP","floor":2},{"not_picked":["Slice","Sucker Punch"],"picked":"Deadly Poison","floor":4},{"not_picked":["Sucker Punch","Blur"],"picked":"Backstab","floor":5},{"not_picked":["Bullet Time","Acrobatics"],"picked":"Footwork","floor":6},{"not_picked":["Flying Knee","Underhanded Strike","Outmaneuver"],"picked":"SKIP","floor":8},{"not_picked":["Deflect","Underhanded Strike"],"picked":"Dash","floor":10},{"not_picked":["Outmaneuver","Envenom","Blade Dance"],"picked":"SKIP","floor":11},{"not_picked":["Prepared","Underhanded Strike"],"picked":"Crippling Poison","floor":12},{"not_picked":["Escape Plan+1","Cloak And Dagger+1"],"picked":"Leg Sweep+1","floor":13},{"not_picked":["Backflip+1","Prepared+1"],"picked":"Night Terror+1","floor":14},{"not_picked":["Bullet Time+1","Tools of the Trade"],"picked":"Burst+1","floor":16},{"not_picked":["Quick Slash"],"picked":"SKIP","floor":18},{"not_picked":["Expertise+1"],"picked":"SKIP","floor":20},{"not_picked":["Underhanded Strike"],"picked":"SKIP","floor":23},{"not_picked":["Sucker Punch+1"],"picked":"SKIP","floor":25},{"not_picked":["Flechettes"],"picked":"SKIP","floor":27},{"not_picked":[],"picked":"After Image","floor":28},{"not_picked":[],"picked":"Dodge and Roll+1","floor":35},{"not_picked":["Quick Slash"],"picked":"SKIP","floor":36},{"not_picked":[],"picked":"Deadly Poison+1","floor":44},{"not_picked":["Bane"],"picked":"SKIP","floor":47},{"not_picked":["All Out Attack+1"],"picked":"SKIP","floor":48},{"not_picked":["Outmaneuver+1"],"picked":"SKIP","floor":55}],"player_experience":880932,"relics_obtained":[{"floor":6,"key":"Gambling Chip"},{"floor":9,"key":"Paper Crane"},{"floor":12,"key":"Toxic Egg 2"},{"floor":13,"key":"Odd Mushroom"},{"floor":14,"key":"Pantograph"},{"floor":23,"key":"Ancient Tea Set"},{"floor":26,"key":"Potion Belt"},{"floor":28,"key":"WingedGreaves"},{"floor":31,"key":"Necronomicon"},{"floor":44,"key":"Oddly Smooth Stone"},{"floor":45,"key":"Du-Vu Doll"},{"floor":55,"key":"Shuriken"}],"event_choices":[{"damage_healed":0,"gold_gain":0,"player_choice":"Fought Mushrooms","damage_taken":0,"max_hp_gain":0,"max_hp_loss":0,"event_name":"Mushrooms","floor":13,"gold_loss":0},{"damage_healed":0,"gold_gain":0,"player_choice":"Ignored","damage_taken":0,"max_hp_gain":0,"max_hp_loss":0,"event_name":"Beggar","floor":21,"gold_loss":0},{"damage_healed":0,"gold_gain":0,"player_choice":"Ignored","damage_taken":0,"max_hp_gain":0,"max_hp_loss":0,"event_name":"The Mausoleum","floor":22,"gold_loss":0},{"damage_healed":0,"gold_gain":0,"player_choice":"Obtained Book","damage_taken":21,"max_hp_gain":0,"max_hp_loss":0,"event_name":"Cursed Tome","floor":31,"gold_loss":0},{"cards_removed":["Flying Knee"],"damage_healed":0,"gold_gain":0,"player_choice":"Removed Attack","damage_taken":0,"max_hp_gain":0,"max_hp_loss":0,"event_name":"Falling","floor":37,"gold_loss":0},{"damage_healed":0,"gold_gain":999,"player_choice":"Gold","damage_taken":0,"max_hp_gain":0,"max_hp_loss":0,"event_name":"MindBloom","floor":38,"gold_loss":0,"cards_obtained":["Normality","Normality"]},{"damage_healed":0,"gold_gain":0,"player_choice":"Max HP","damage_taken":0,"max_hp_gain":0,"max_hp_loss":4,"event_name":"Winding Halls","floor":41,"gold_loss":0},{"damage_healed":0,"gold_gain":0,"player_choice":"Fight","damage_taken":0,"max_hp_gain":0,"max_hp_loss":0,"event_name":"Mysterious Sphere","floor":45,"gold_loss":0}],"is_beta":false,"boss_relics":[{"not_picked":["Runic Dome","Lizard Tail"],"picked":"Busted Crown"},{"not_picked":["White Beast Statue","WristBlade"],"picked":"Astrolabe"}],"items_purged_floors":[39,42],"is_endless":false,"potions_floor_spawned":[1,2,5,6,20,23,33,35,44,48,55],"ascension_level":20}