{"gold_per_floor":[113,129,7,25,40,40,73,73,154,165,42,42,42,67,67,67],"floor_reached":16,"playtime":796,"items_purged":["Defend_R","Strike_R"],"score":132,"play_id":"a60a7cb5-f1ee-442f-96ce-687147047fe3","local_time":"20181028124001","is_ascension_mode":true,"campfire_choices":[{"data":"Flame Barrier","floor":6,"key":"SMITH"},{"floor":12,"key":"REST"},{"data":"Dark Embrace","floor":15,"key":"SMITH"}],"neow_cost":"NONE","seed_source_timestamp":187681702082163,"circlet_count":0,"master_deck":["Strike_R","Strike_R","Strike_R","Strike_R","Defend_R","Defend_R","Defend_R","Bash","Flame Barrier+1","Spot Weakness","Flex","Rage","Headbutt","Impervious","True Grit","Dark Embrace+1","Cleave","Flame Barrier"],"relics":["Burning Blood","Dead Branch","Self Forming Clay","Anchor"],"potions_floor_usage":[2,5],"damage_taken":[{"damage":2,"enemies":"Small Slimes","floor":1,"turns":4},{"damage":0,"enemies":"Cultist","floor":2,"turns":2},{"damage":1,"enemies":"2 Louse","floor":4,"turns":4},{"damage":17,"enemies":"Exordium Thugs","floor":5,"turns":6},{"damage":29,"enemies":"3 Sentries","floor":7,"turns":9},{"damage":5,"enemies":"Blue Slaver","floor":10,"turns":3},{"damage":35,"enemies":"Lagavulin","floor":14,"turns":11},{"damage":53,"enemies":"Hexaghost","floor":16,"turns":9}],"seed_played":"8978451764183054028","potions_obtained":[{"floor":1,"key":"AttackPotion"},{"floor":4,"key":"SteroidPotion"},{"floor":5,"key":"SneckoOil"}],"is_trial":false,"path_per_floor":["M","M","$","M","M","R","E","?","T","M","$","R","?","E","R"],"character_chosen":"IRONCLAD","items_purchased":["Flex","Cleave"],"campfire_rested":1,"item_purchase_floors":[3,11],"current_hp_per_floor":[88,88,88,88,77,77,54,54,54,55,55,81,81,52,52,0],"gold":67,"neow_bonus":"TEN_PERCENT_HP_BONUS","is_prod":false,"is_daily":false,"chose_seed":false,"campfire_upgraded":2,"win_rate":0,"timestamp":1540741201,"path_taken":["M","M","$","M","M","R","E","?","T","M","?","R","?","E","R","BOSS"],"build_version":"2018-10-25v2","purchased_purges":2,"victory":false,"max_hp_per_floor":[88,88,88,88,88,88,88,88,88,88,88,88,88,88,88,88],"card_choices":[{"not_picked":["Pommel Strike","Shockwave"],"picked":"Flame Barrier","floor":1},{"not_picked":["Shrug It Off","Blood for Blood"],"picked":"Spot Weakness","floor":2},{"not_picked":["Sword Boomerang","Thunderclap"],"picked":"Rage","floor":4},{"not_picked":["Armaments","Warcry"],"picked":"Headbutt","floor":5},{"not_picked":["Pommel Strike","Feed"],"picked":"Impervious","floor":7},{"not_picked":["Armaments","Twin Strike","Thunderclap"],"picked":"SKIP","floor":10},{"not_picked":["Sentinel","Warcry"],"picked":"Flame Barrier","floor":14}],"player_experience":355419,"relics_obtained":[{"floor":7,"key":"Dead Branch"},{"floor":9,"key":"Self Forming Clay"},{"floor":14,"key":"Anchor"}],"event_choices":[{"damage_healed":0,"gold_gain":0,"player_choice":"2 cards matched","damage_taken":0,"max_hp_gain":0,"max_hp_loss":0,"event_name":"Match and Keep!","floor":8,"gold_loss":0,"cards_obtained":["True Grit","Dark Embrace"]},{"damage_healed":0,"gold_gain":0,"player_choice":"Leave","damage_taken":0,"max_hp_gain":0,"max_hp_loss":0,"event_name":"The Cleric","floor":13,"gold_loss":0}],"is_beta":false,"boss_relics":[],"items_purged_floors":[3,11],"is_endless":false,"potions_floor_spawned":[1,4,5],"killed_by":"Hexaghost","ascension_level":4}