{"gold_per_floor":[119,129,129,139,152,164,182,213,213,213,213,247,247,259,259,336,336,356,369,388,388,289,289,324,324,324,324,337,364,364,154,154,227,227,240,240,258,258,258],"floor_reached":39,"playtime":2569,"items_purged":["Pain","Shame"],"score":866,"play_id":"93b6a4bb-5b92-432f-bd51-c43aaa1d0d25","local_time":"20190610141041","is_ascension_mode":true,"campfire_choices":[{"floor":10,"key":"REST"},{"data":"Neutralize","floor":13,"key":"SMITH"},{"data":"Cloak And Dagger","floor":15,"key":"SMITH"},{"floor":23,"key":"REST"},{"data":"Leg Sweep","floor":25,"key":"SMITH"},{"floor":27,"key":"REST"},{"data":"Malaise","floor":30,"key":"SMITH"},{"floor":32,"key":"REST"}],"neow_cost":"NONE","seed_source_timestamp":4095603634384,"circlet_count":0,"master_deck":["AscendersBane","Defend_G","Defend_G","Defend_G","Defend_G","Defend_G","Strike_G","Strike_G","Survivor","Neutralize+1","Poisoned Stab","Bane","Terror","Poisoned Stab","Dagger Spray","PiercingWail","Backstab","Cloak And Dagger+1","Leg Sweep+1","Backflip","Deflect","PiercingWail","Backflip","Malaise+1","Corpse Explosion","Die Die Die+1","Venomology+1","Setup+1","Flechettes+1"],"relics":["Ring of the Snake","Shuriken","Torii","WarpedTongs","Lantern","Cursed Key","Unceasing Top","Mercury Hourglass","Bottled Lightning","Astrolabe"],"potions_floor_usage":[12,14,21,29,33,33,33,33,37,39,39],"damage_taken":[{"damage":6,"enemies":"Cultist","floor":1,"turns":6},{"damage":2,"enemies":"Jaw Worm","floor":2,"turns":6},{"damage":0,"enemies":"2 Louse","floor":4,"turns":4},{"damage":3,"enemies":"Blue Slaver","floor":5,"turns":4},{"damage":0,"enemies":"2 Fungi Beasts","floor":6,"turns":3},{"damage":7,"enemies":"3 Louse","floor":7,"turns":3},{"damage":21,"enemies":"3 Sentries","floor":8,"turns":6},{"damage":3,"enemies":"Lagavulin","floor":12,"turns":6},{"damage":2,"enemies":"Exordium Wildlife","floor":14,"turns":3},{"damage":8,"enemies":"Hexaghost","floor":16,"turns":9},{"damage":13,"enemies":"3 Byrds","floor":18,"turns":5},{"damage":7,"enemies":"2 Thieves","floor":19,"turns":4},{"damage":3,"enemies":"3 Cultists","floor":20,"turns":6},{"damage":10,"enemies":"Chosen and Byrds","floor":21,"turns":5},{"damage":23,"enemies":"Slavers","floor":24,"turns":8},{"damage":19,"enemies":"Snecko","floor":28,"turns":5},{"damage":8,"enemies":"Gremlin Leader","floor":29,"turns":7},{"damage":45,"enemies":"Collector","floor":33,"turns":9},{"damage":0,"enemies":"Orb Walker","floor":35,"turns":4},{"damage":2,"enemies":"3 Shapes","floor":37,"turns":5},{"damage":66,"enemies":"2 Orb Walkers","floor":39,"turns":5}],"seed_played":"-922883855428798625","potions_obtained":[{"floor":1,"key":"SneckoOil"},{"floor":4,"key":"Fruit Juice"},{"floor":5,"key":"Poison Potion"},{"floor":12,"key":"Energy Potion"},{"floor":14,"key":"SmokeBomb"},{"floor":28,"key":"GamblersBrew"},{"floor":33,"key":"GamblersBrew"}],"is_trial":false,"path_per_floor":["M","M","?","M","M","M","M","E","T","R","?","E","R","M","R","B",null,"M","M","M","M","$","R","E","R","T","R","M","E","R","$","R","B",null,"M","?","M","?","?"],"character_chosen":"THE_SILENT","items_purchased":["Deflect","EntropicBrew"],"campfire_rested":4,"item_purchase_floors":[22,31],"current_hp_per_floor":[59,57,57,57,54,54,47,26,26,47,47,44,44,47,47,39,68,55,48,45,35,35,58,35,35,35,58,39,31,31,31,54,9,60,60,60,58,58,0],"gold":258,"neow_bonus":"TEN_PERCENT_HP_BONUS","is_prod":false,"is_daily":false,"chose_seed":false,"campfire_upgraded":4,"win_rate":0,"timestamp":1560168641,"path_taken":["M","?","?","M","?","?","M","E","T","R","?","E","R","M","R","BOSS","M","M","M","M","$","R","E","R","T","R","M","E","R","?","R","BOSS","M","?","M","?","?"],"build_version":"2019-01-23","purchased_purges":2,"victory":false,"max_hp_per_floor":[72,72,72,72,72,72,72,72,72,72,72,72,72,77,77,77,77,77,77,77,77,77,77,77,77,77,77,77,77,77,77,77,77,77,77,73,73,73,73],"card_choices":[{"not_picked":["PiercingWail","Infinite Blades"],"picked":"Poisoned Stab","floor":1},{"not_picked":["Finisher","Acrobatics"],"picked":"Bane","floor":2},{"not_picked":["Escape Plan","Sucker Punch"],"picked":"Terror","floor":4},{"not_picked":["Sucker Punch","Outmaneuver"],"picked":"Poisoned Stab","floor":5},{"not_picked":["Envenom","Deflect"],"picked":"Dagger Spray","floor":6},{"not_picked":["Bane","Finisher"],"picked":"PiercingWail","floor":7},{"not_picked":["PiercingWail","Bullet Time"],"picked":"Backstab","floor":8},{"not_picked":["Finisher","Reflex"],"picked":"Cloak And Dagger","floor":12},{"not_picked":["Flying Knee","Underhanded Strike"],"picked":"Leg Sweep","floor":14},{"not_picked":["Masterful Stab","Acrobatics","Deflect"],"picked":"SKIP","floor":18},{"not_picked":["Acrobatics","Catalyst"],"picked":"Backflip","floor":19},{"not_picked":["Reflex","Prepared","Heel Hook"],"picked":"SKIP","floor":20},{"not_picked":["Underhanded Strike+1","Riddle With Holes"],"picked":"PiercingWail","floor":24},{"not_picked":["Choke","Leg Sweep"],"picked":"Backflip","floor":28},{"not_picked":["Crippling Poison","Outmaneuver"],"picked":"Malaise","floor":29},{"not_picked":["Night Terror","Bullet Time"],"picked":"Corpse Explosion","floor":33},{"not_picked":["Concentrate","Finisher+1"],"picked":"Flechettes+1","floor":35},{"not_picked":["Noxious Fumes","Outmaneuver"],"picked":"Escape Plan+1","floor":37}],"player_experience":1334018,"relics_obtained":[{"floor":8,"key":"Torii"},{"floor":12,"key":"Lantern"},{"floor":24,"key":"Unceasing Top"},{"floor":26,"key":"Mercury Hourglass"},{"floor":29,"key":"Bottled Lightning"}],"event_choices":[{"damage_healed":0,"gold_gain":0,"player_choice":"Gave Potion","damage_taken":0,"relics_obtained":["Shuriken"],"max_hp_gain":0,"max_hp_loss":0,"event_name":"WeMeetAgain","floor":3,"gold_loss":0},{"damage_healed":0,"gold_gain":0,"player_choice":"Rummage","damage_taken":0,"relics_obtained":["WarpedTongs"],"max_hp_gain":0,"max_hp_loss":0,"event_name":"Accursed Blacksmith","floor":11,"gold_loss":0,"cards_obtained":["Pain"]},{"damage_healed":0,"gold_gain":0,"player_choice":"Max HP","damage_taken":0,"max_hp_gain":0,"max_hp_loss":4,"event_name":"Winding Halls","floor":36,"gold_loss":0},{"cards_removed":["Escape Plan"],"damage_healed":0,"gold_gain":0,"player_choice":"Removed Skill","damage_taken":0,"max_hp_gain":0,"max_hp_loss":0,"event_name":"Falling","floor":38,"gold_loss":0},{"damage_healed":0,"gold_gain":0,"player_choice":"Fight","damage_taken":0,"max_hp_gain":0,"max_hp_loss":0,"event_name":"Mysterious Sphere","floor":39,"gold_loss":0}],"is_beta":false,"boss_relics":[{"not_picked":["HoveringKite","Velvet Choker"],"picked":"Cursed Key"},{"not_picked":["Calling Bell","Pandora\u0027s Box"],"picked":"Astrolabe"}],"items_purged_floors":[22,31],"is_endless":false,"potions_floor_spawned":[1,4,5,12,14,21,28,33,37],"killed_by":"2 Orb Walkers","ascension_level":20}