{"gold_per_floor":[215,103,123,198,214,214,239,239,239,239,250,262,277,308,308,308],"floor_reached":16,"playtime":752,"items_purged":["Strike_R"],"score":224,"play_id":"ef457c6a-566c-46dc-93e4-8b74f29af0f2","local_time":"20190519154125","is_ascension_mode":true,"campfire_choices":[{"data":"Combust","floor":6,"key":"SMITH"},{"data":"Bash","floor":8,"key":"SMITH"},{"data":"Carnage","floor":15,"key":"SMITH"}],"neow_cost":"NONE","seed_source_timestamp":11874804833097,"circlet_count":0,"master_deck":["AscendersBane","Strike_R","Strike_R","Strike_R","Strike_R","Defend_R","Defend_R","Defend_R","Defend_R","Bash+1","Pommel Strike","Combust+1","Clothesline","Armaments","Reaper","Carnage+1","True Grit"],"relics":["Burning Blood","Pear","Sundial","Pen Nib","PreservedInsect"],"potions_floor_usage":[12,16,16],"damage_taken":[{"damage":10,"enemies":"2 Louse","floor":1,"turns":4},{"damage":7,"enemies":"Jaw Worm","floor":3,"turns":4},{"damage":2,"enemies":"Cultist","floor":5,"turns":3},{"damage":23,"enemies":"3 Sentries","floor":7,"turns":6},{"damage":22,"enemies":"2 Fungi Beasts","floor":11,"turns":4},{"damage":6,"enemies":"Gremlin Gang","floor":12,"turns":3},{"damage":10,"enemies":"Red Slaver","floor":13,"turns":3},{"damage":29,"enemies":"Lagavulin","floor":14,"turns":5},{"damage":40,"enemies":"Slime Boss","floor":16,"turns":8}],"seed_played":"-5713149753064498723","potions_obtained":[{"floor":1,"key":"Energy Potion"},{"floor":3,"key":"PowerPotion"},{"floor":12,"key":"LiquidBronze"}],"is_trial":false,"path_per_floor":["M","$","M","?","M","R","E","R","T","T","M","M","M","E","R","B"],"character_chosen":"IRONCLAD","items_purchased":["Combust"],"campfire_rested":0,"item_purchase_floors":[2],"current_hp_per_floor":[64,64,63,52,56,56,49,49,49,49,41,57,53,30,30,0],"gold":308,"neow_bonus":"HUNDRED_GOLD","is_prod":false,"is_daily":false,"chose_seed":false,"campfire_upgraded":3,"win_rate":0,"timestamp":1558273285,"path_taken":["M","$","M","?","M","R","E","R","T","?","M","?","M","E","R","BOSS"],"build_version":"2019-01-23","purchased_purges":1,"victory":false,"max_hp_per_floor":[75,75,75,75,75,75,85,85,85,85,85,85,85,85,85,85],"card_choices":[{"not_picked":["Iron Wave","Metallicize"],"picked":"Pommel Strike","floor":1},{"not_picked":["Ghostly Armor","Headbutt"],"picked":"Clothesline","floor":3},{"not_picked":["Perfected Strike","Cleave"],"picked":"Armaments","floor":5},{"not_picked":["Perfected Strike","Anger"],"picked":"Reaper","floor":7},{"not_picked":["Sword Boomerang","Body Slam"],"picked":"Carnage","floor":11},{"not_picked":["Thunderclap","Body Slam","Havoc"],"picked":"SKIP","floor":12},{"not_picked":["Burning Pact","Havoc","Whirlwind"],"picked":"SKIP","floor":13},{"not_picked":["Iron Wave","Clash"],"picked":"True Grit","floor":14}],"player_experience":1231000,"relics_obtained":[{"floor":7,"key":"Pear"},{"floor":9,"key":"Sundial"},{"floor":10,"key":"Pen Nib"},{"floor":14,"key":"PreservedInsect"}],"event_choices":[{"damage_healed":0,"gold_gain":75,"player_choice":"Gather Gold","damage_taken":11,"max_hp_gain":0,"max_hp_loss":0,"event_name":"World of Goop","floor":4,"gold_loss":0}],"is_beta":false,"boss_relics":[],"items_purged_floors":[2],"is_endless":false,"potions_floor_spawned":[1,3,5,7,12],"killed_by":"Slime Boss","ascension_level":20}