{"gold_per_floor":[131,161,173,185,197,244,256,297,333,345,384,413,425,437,449,461],"floor_reached":16,"playtime":813,"items_purged":[],"score":220,"play_id":"b11444b7-7ed3-473f-81e6-f8229eb91e1d","local_time":"20190614060931","is_ascension_mode":true,"campfire_choices":[{"floor":7,"key":"REST"},{"data":"Flame Barrier","floor":13,"key":"SMITH"},{"data":"Bash","floor":15,"key":"SMITH"}],"neow_cost":"NONE","seed_source_timestamp":2327125120083463,"circlet_count":0,"master_deck":["AscendersBane","Strike_R","Strike_R","Strike_R","Strike_R","Strike_R","Defend_R+1","Defend_R","Defend_R+1","Defend_R","Bash+1","Cleave","Clothesline+1","Shrug It Off","Flame Barrier+1"],"relics":["Burning Blood","MawBank","Happy Flower","Dream Catcher","War Paint","Orichalcum","Centennial Puzzle"],"potions_floor_usage":[11],"damage_taken":[{"damage":2,"enemies":"2 Louse","floor":1,"turns":4},{"damage":12,"enemies":"Jaw Worm","floor":2,"turns":5},{"damage":35,"enemies":"3 Sentries","floor":6,"turns":8},{"damage":24,"enemies":"Gremlin Nob","floor":8,"turns":4},{"damage":10,"enemies":"3 Sentries","floor":11,"turns":6},{"damage":2,"enemies":"Small Slimes","floor":12,"turns":3},{"damage":52,"enemies":"The Guardian","floor":16,"turns":17}],"seed_played":"1074820779567503327","potions_obtained":[{"floor":8,"key":"Strength Potion"},{"floor":11,"key":"EssenceOfSteel"}],"is_trial":false,"path_per_floor":["M","M","?","?","?","E","R","E","T","?","E","M","R","$","R","B"],"character_chosen":"IRONCLAD","items_purchased":[],"campfire_rested":1,"item_purchase_floors":[],"current_hp_per_floor":[72,66,66,66,66,37,59,41,41,41,37,41,41,41,41,0],"gold":461,"neow_bonus":"RANDOM_COMMON_RELIC","is_prod":false,"is_daily":false,"chose_seed":false,"campfire_upgraded":2,"win_rate":0,"timestamp":1560503371,"path_taken":["M","M","?","?","?","E","R","E","T","?","E","M","R","$","R","BOSS"],"build_version":"2019-01-23","purchased_purges":0,"victory":false,"max_hp_per_floor":[75,75,75,75,75,75,75,75,75,75,75,75,75,75,75,75],"card_choices":[{"not_picked":["Wild Strike","Seeing Red"],"picked":"Cleave","floor":1},{"not_picked":["Sword Boomerang","Clash"],"picked":"Clothesline","floor":2},{"not_picked":["Flex","Thunderclap","Twin Strike"],"picked":"SKIP","floor":6},{"not_picked":["Heavy Blade","Cleave"],"picked":"Shrug It Off","floor":8},{"not_picked":["Shrug It Off","Wild Strike","Warcry"],"picked":"SKIP","floor":11},{"not_picked":["Armaments","Clash"],"picked":"Flame Barrier","floor":12}],"player_experience":1028928,"relics_obtained":[{"floor":6,"key":"Happy Flower"},{"floor":8,"key":"Dream Catcher"},{"floor":9,"key":"War Paint"},{"floor":11,"key":"Centennial Puzzle"}],"event_choices":[{"damage_healed":0,"gold_gain":0,"player_choice":"Ignored","damage_taken":0,"max_hp_gain":0,"max_hp_loss":0,"event_name":"Golden Idol","floor":3,"gold_loss":0},{"damage_healed":0,"gold_gain":0,"player_choice":"Grow","damage_taken":0,"max_hp_gain":0,"max_hp_loss":0,"event_name":"Living Wall","floor":4,"gold_loss":0,"cards_upgraded":["Clothesline"]},{"damage_healed":0,"gold_gain":0,"player_choice":"Ignored","damage_taken":0,"max_hp_gain":0,"max_hp_loss":0,"event_name":"Liars Game","floor":5,"gold_loss":0},{"damage_healed":0,"gold_gain":0,"player_choice":"Searched \u00272\u0027 times","damage_taken":0,"relics_obtained":["Orichalcum"],"max_hp_gain":0,"max_hp_loss":0,"event_name":"Dead Adventurer","floor":10,"gold_loss":0}],"is_beta":false,"boss_relics":[],"items_purged_floors":[],"is_endless":false,"potions_floor_spawned":[8,11],"killed_by":"The Guardian","ascension_level":18}