{"gold_per_floor":[115,135,135,135,150,150,183,183,483,408,483,483,483,499,499,593,593,613,613,637,762,762,762,762],"floor_reached":24,"playtime":1065,"items_purged":[],"score":384,"play_id":"262221bf-55be-48f3-a41d-dabd1231394d","local_time":"20190304184928","is_ascension_mode":true,"campfire_choices":[{"data":"Combust","floor":6,"key":"SMITH"},{"data":"Fiend Fire","floor":8,"key":"SMITH"},{"data":"Disarm","floor":13,"key":"SMITH"},{"data":"Bash","floor":15,"key":"SMITH"},{"floor":23,"key":"REST"}],"neow_cost":"NONE","seed_source_timestamp":22536433972967,"circlet_count":0,"master_deck":["AscendersBane","Defend_R","Defend_R","Defend_R","Defend_R","Bash+1","Clothesline","Combust+1","Disarm+1","Fiend Fire+1","Evolve+1","Juggernaut+1","Demon Form+1","Fiend Fire+1","Sword Boomerang+1","True Grit"],"relics":["Burning Blood","Bloody Idol","Thread and Needle","Old Coin","Frozen Egg 2","Astrolabe","FossilizedHelix","Bottled Lightning"],"potions_floor_usage":[20,21,21],"damage_taken":[{"damage":1,"enemies":"2 Louse","floor":1,"turns":4},{"damage":12,"enemies":"Small Slimes","floor":2,"turns":5},{"damage":5,"enemies":"Jaw Worm","floor":5,"turns":4},{"damage":36,"enemies":"Lagavulin","floor":7,"turns":8},{"damage":2,"enemies":"Looter","floor":14,"turns":2},{"damage":10,"enemies":"Hexaghost","floor":16,"turns":9},{"damage":0,"enemies":"Chosen","floor":18,"turns":3},{"damage":3,"enemies":"2 Thieves","floor":20,"turns":4},{"damage":20,"enemies":"Colosseum Slavers","floor":21,"turns":7},{"damage":34,"enemies":"Colosseum Nobs","floor":21,"turns":5},{"damage":47,"enemies":"Gremlin Leader","floor":24,"turns":3}],"seed_played":"-3654320250607219053","potions_obtained":[{"floor":5,"key":"Fire Potion"},{"floor":16,"key":"FearPotion"},{"floor":20,"key":"AttackPotion"}],"is_trial":false,"path_per_floor":["M","M","?","?","M","R","E","R","T","?","?","?","R","M","R","B",null,"M","?","M","?","?","R","E"],"character_chosen":"IRONCLAD","items_purchased":[],"campfire_rested":1,"item_purchase_floors":[],"current_hp_per_floor":[73,67,67,67,68,68,38,38,38,38,27,16,16,20,20,16,55,61,61,64,22,22,42,0],"gold":762,"neow_bonus":"REMOVE_CARD","is_prod":false,"is_daily":false,"chose_seed":false,"campfire_upgraded":4,"win_rate":0,"timestamp":1551721768,"path_taken":["M","M","?","?","M","R","E","R","T","?","?","?","R","M","R","BOSS","M","?","M","?","?","R","E"],"build_version":"2019-01-23","purchased_purges":0,"victory":false,"max_hp_per_floor":[75,75,75,68,68,68,68,68,68,68,68,68,68,68,68,68,68,68,68,68,68,68,68,68],"card_choices":[{"not_picked":["Warcry","Sword Boomerang"],"picked":"Clothesline","floor":1},{"not_picked":["Power Through","Second Wind"],"picked":"Combust","floor":2},{"not_picked":["Pommel Strike","Perfected Strike"],"picked":"Disarm","floor":5},{"not_picked":["Wild Strike","Fire Breathing"],"picked":"Fiend Fire","floor":7},{"not_picked":["Rage","Anger"],"picked":"Evolve+1","floor":14},{"not_picked":["Reaper","Brutality+1"],"picked":"Juggernaut+1","floor":16},{"not_picked":["Flex","Anger"],"picked":"True Grit","floor":18},{"not_picked":["Flex","Heavy Blade","Perfected Strike+1"],"picked":"SKIP","floor":20}],"player_experience":1007202,"relics_obtained":[{"floor":7,"key":"Thread and Needle"},{"floor":9,"key":"Old Coin"},{"floor":21,"key":"FossilizedHelix"},{"floor":21,"key":"Bottled Lightning"}],"event_choices":[{"damage_healed":0,"gold_gain":0,"player_choice":"Ignored","damage_taken":0,"max_hp_gain":0,"max_hp_loss":0,"event_name":"Liars Game","floor":3,"gold_loss":0},{"damage_healed":0,"gold_gain":0,"player_choice":"Lose Max HP","damage_taken":0,"relics_obtained":["Golden Idol"],"max_hp_gain":0,"max_hp_loss":7,"event_name":"Golden Idol","floor":4,"gold_loss":0},{"cards_removed":["Strike_R"],"damage_healed":0,"gold_gain":0,"player_choice":"Card Removal","damage_taken":0,"max_hp_gain":0,"max_hp_loss":0,"event_name":"The Cleric","floor":10,"gold_loss":75},{"damage_healed":0,"gold_gain":75,"player_choice":"Gather Gold","damage_taken":11,"max_hp_gain":0,"max_hp_loss":0,"event_name":"World of Goop","floor":11,"gold_loss":0},{"damage_healed":0,"gold_gain":0,"player_choice":"Success","damage_taken":11,"relics_obtained":["Frozen Egg 2"],"max_hp_gain":0,"max_hp_loss":0,"event_name":"Scrap Ooze","floor":12,"gold_loss":0},{"damage_healed":0,"gold_gain":0,"player_choice":"Ignored","damage_taken":0,"max_hp_gain":0,"max_hp_loss":0,"event_name":"Vampires","floor":19,"gold_loss":0},{"damage_healed":0,"gold_gain":0,"player_choice":"Fight","damage_taken":0,"max_hp_gain":0,"max_hp_loss":0,"event_name":"Colosseum","floor":21,"gold_loss":0},{"damage_healed":0,"gold_gain":0,"player_choice":"Fought Nobs","damage_taken":0,"max_hp_gain":0,"max_hp_loss":0,"event_name":"Colosseum","floor":21,"gold_loss":0},{"damage_healed":0,"gold_gain":0,"player_choice":"Gave Idol","damage_taken":0,"relics_obtained":["Bloody Idol"],"max_hp_gain":0,"max_hp_loss":0,"event_name":"Forgotten Altar","floor":22,"relics_lost":["Golden Idol"],"gold_loss":0}],"is_beta":false,"boss_relics":[{"not_picked":["Lizard Tail","Tiny House"],"picked":"Astrolabe"}],"items_purged_floors":[],"is_endless":false,"potions_floor_spawned":[5,16,20],"killed_by":"Gremlin Leader","ascension_level":20}