{"gold_per_floor":[115,40,40,60,60,86,109,59,59,59,72,90,106,126,126,223,223,238,273,273,290,301,301,328,339,339,356,356,456,229,229,229,324,324,335,390,185,199,213,213,243,243,243,243,255,155,155,155,155,155,155,155,1,30,30],"floor_reached":55,"playtime":4274,"items_purged":["Defend_G","Concentrate"],"score":715,"play_id":"19650065-bd7f-4f71-b9b4-a262c72cf398","local_time":"20190402111858","is_ascension_mode":false,"campfire_choices":[{"data":"Bouncing Flask","floor":10,"key":"SMITH"},{"floor":15,"key":"REST"},{"floor":23,"key":"REST"},{"floor":28,"key":"REST"},{"floor":32,"key":"REST"},{"floor":40,"key":"RECALL"},{"data":"Infinite Blades","floor":42,"key":"SMITH"},{"data":"1","floor":47,"key":"LIFT"},{"data":"2","floor":49,"key":"LIFT"},{"data":"3","floor":52,"key":"LIFT"}],"neow_cost":"NONE","seed_source_timestamp":778340637116599,"circlet_count":0,"master_deck":["Defend_G+1","Defend_G+1","Defend_G+1","Defend_G+1","Strike_G+1","Strike_G+1","Strike_G+1","Strike_G+1","Survivor+1","Neutralize+1","Tactician","Escape Plan","Bouncing Flask+1","Crippling Poison","Dagger Throw","All Out Attack","Backstab","Burst+1","Well Laid Plans","Endless Agony","Heel Hook+1","Underhanded Strike+1","Heel Hook+1","Dash+1","Footwork+1","Adrenaline","Noxious Fumes","PiercingWail","Infinite Blades+1","Deadly Poison+1","Cloak And Dagger","Quick Slash+1","Prepared+1","Blade Dance","Deadly Poison","Infinite Blades+1"],"relics":["Ring of the Snake","NeowsBlessing","Centennial Puzzle","Odd Mushroom","Mercury Hourglass","WristBlade","Red Mask","Lantern","The Specimen","Kunai","Orichalcum","Eternal Feather","Dead Branch","Omamori","Girya","War Paint","Happy Flower","Torii"],"potions_floor_usage":[13,18,19,24,25,25,29,36,38,45,50,55],"damage_taken":[{"damage":0,"enemies":"Jaw Worm","floor":1,"turns":1},{"damage":0,"enemies":"2 Louse","floor":4,"turns":1},{"damage":0,"enemies":"3 Sentries","floor":6,"turns":1},{"damage":7,"enemies":"The Mushroom Lair","floor":7,"turns":5},{"damage":0,"enemies":"Small Slimes","floor":11,"turns":2},{"damage":2,"enemies":"3 Louse","floor":12,"turns":3},{"damage":2,"enemies":"Exordium Thugs","floor":13,"turns":3},{"damage":0,"enemies":"2 Fungi Beasts","floor":14,"turns":3},{"damage":28,"enemies":"Hexaghost","floor":16,"turns":9},{"damage":0,"enemies":"3 Byrds","floor":18,"turns":3},{"damage":11,"enemies":"Masked Bandits","floor":19,"turns":4},{"damage":1,"enemies":"Chosen","floor":21,"turns":4},{"damage":22,"enemies":"Centurion and Healer","floor":22,"turns":5},{"damage":5,"enemies":"Gremlin Leader","floor":24,"turns":8},{"damage":11,"enemies":"Snecko","floor":25,"turns":3},{"damage":16,"enemies":"Snake Plant","floor":27,"turns":5},{"damage":0,"enemies":"Colosseum Slavers","floor":29,"turns":3},{"damage":10,"enemies":"Colosseum Nobs","floor":29,"turns":3},{"damage":20,"enemies":"Automaton","floor":33,"turns":11},{"damage":0,"enemies":"3 Shapes","floor":35,"turns":3},{"damage":33,"enemies":"2 Orb Walkers","floor":36,"turns":4},{"damage":0,"enemies":"3 Darklings","floor":38,"turns":6},{"damage":3,"enemies":"Transient","floor":39,"turns":5},{"damage":22,"enemies":"Giant Head","floor":41,"turns":7},{"damage":0,"enemies":"Writhing Mass","floor":45,"turns":4},{"damage":35,"enemies":"Time Eater","floor":50,"turns":10},{"damage":21,"enemies":"Shield and Spear","floor":54,"turns":6},{"damage":57,"enemies":"The Heart","floor":55,"turns":3}],"seed_played":"5034173196660998506","potions_obtained":[{"floor":1,"key":"SneckoOil"},{"floor":4,"key":"FearPotion"},{"floor":12,"key":"Ancient Potion"},{"floor":13,"key":"AttackPotion"},{"floor":18,"key":"Energy Potion"},{"floor":19,"key":"GhostInAJar"},{"floor":24,"key":"SneckoOil"},{"floor":33,"key":"Swift Potion"},{"floor":35,"key":"EssenceOfSteel"},{"floor":36,"key":"Energy Potion"},{"floor":45,"key":"Energy Potion"},{"floor":54,"key":"Explosive Potion"}],"is_trial":false,"path_per_floor":["M","$","?","M","?","E","?","?","T","R","M","M","M","M","R","B",null,"M","?","?","M","M","R","E","M","T","M","R","?","$","?","R","B",null,"M","?","$","M","M","R","E","R","T","?","M","$","R","T","R","B",null,"R","$","E","B"],"character_chosen":"THE_SILENT","items_purchased":["Escape Plan","Orichalcum","Infinite Blades","Deadly Poison","Blade Dance","Deadly Poison","Happy Flower"],"campfire_rested":4,"item_purchase_floors":[2,30,37,37,46,46,53],"current_hp_per_floor":[70,70,70,70,56,56,49,49,49,49,49,47,45,45,66,38,70,70,59,59,58,36,57,52,41,41,25,46,36,36,36,57,37,70,70,37,37,37,34,52,30,48,48,48,48,48,69,69,70,35,70,70,70,49,0],"gold":30,"neow_bonus":"THREE_ENEMY_KILL","is_prod":false,"is_daily":false,"chose_seed":false,"campfire_upgraded":2,"win_rate":0,"timestamp":1554214738,"path_taken":["M","$","?","M","?","E","?","?","T","R","M","M","?","M","R","BOSS","M","?","?","?","M","R","E","M","T","M","R","?","$","?","R","BOSS","M","?","$","M","M","R","E","R","T","?","?","$","R","?","R","BOSS","R","$","E","BOSS"],"build_version":"2019-01-23","purchased_purges":2,"victory":false,"max_hp_per_floor":[70,70,70,70,70,70,70,70,70,70,70,70,70,70,70,70,70,70,70,70,70,70,70,70,70,70,70,70,70,70,70,70,70,70,70,70,70,70,70,70,70,70,70,70,70,70,70,70,70,70,70,70,70,70,70],"card_choices":[{"not_picked":["Predator","Slice"],"picked":"Tactician","floor":1},{"not_picked":["Outmaneuver","Sucker Punch","Quick Slash"],"picked":"SKIP","floor":4},{"not_picked":["Deflect","Acrobatics"],"picked":"Bouncing Flask","floor":6},{"not_picked":["Terror","Slice"],"picked":"Concentrate","floor":7},{"not_picked":["Poisoned Stab","Backflip"],"picked":"Crippling Poison","floor":11},{"not_picked":["Calculated Gamble","Concentrate"],"picked":"Dagger Throw","floor":12},{"not_picked":["Poisoned Stab","Quick Slash"],"picked":"All Out Attack","floor":13},{"not_picked":["Quick Slash","Blade Dance"],"picked":"Backstab","floor":14},{"not_picked":["Wraith Form v2","Phantasmal Killer"],"picked":"Burst","floor":16},{"not_picked":["Backflip","Poisoned Stab+1"],"picked":"Well Laid Plans","floor":18},{"not_picked":["Accuracy","Deflect"],"picked":"Endless Agony","floor":21},{"not_picked":["Catalyst","Deflect"],"picked":"Heel Hook+1","floor":22},{"not_picked":["Backflip","Dagger Spray"],"picked":"Underhanded Strike+1","floor":24},{"not_picked":["Flying Knee","Dagger Spray+1"],"picked":"Heel Hook+1","floor":25},{"not_picked":["Setup","Dagger Throw"],"picked":"Dash+1","floor":27},{"not_picked":["Well Laid Plans","Tactician+1"],"picked":"Footwork+1","floor":29},{"not_picked":["Die Die Die","Venomology"],"picked":"Adrenaline","floor":33},{"not_picked":["Cloak And Dagger","Expertise"],"picked":"Noxious Fumes","floor":35},{"not_picked":["Heel Hook+1","Backflip+1"],"picked":"PiercingWail","floor":36},{"not_picked":["Slice+1","Eviscerate"],"picked":"Cloak And Dagger","floor":38},{"not_picked":["Dash","Acrobatics+1","Heel Hook"],"picked":"SKIP","floor":39},{"not_picked":["Expertise","Quick Slash+1","Acrobatics+1"],"picked":"SKIP","floor":41},{"not_picked":["Expertise","Acrobatics+1"],"picked":"Quick Slash+1","floor":41},{"not_picked":["Dagger Throw+1","Catalyst"],"picked":"Prepared+1","floor":45},{"not_picked":["Cloak And Dagger+1","Calculated Gamble"],"picked":"Infinite Blades+1","floor":54}],"player_experience":577647,"relics_obtained":[{"floor":6,"key":"Centennial Puzzle"},{"floor":7,"key":"Odd Mushroom"},{"floor":9,"key":"Mercury Hourglass"},{"floor":19,"key":"Red Mask"},{"floor":24,"key":"Lantern"},{"floor":29,"key":"The Specimen"},{"floor":29,"key":"Kunai"},{"floor":36,"key":"Dead Branch"},{"floor":41,"key":"Omamori"},{"floor":43,"key":"Girya"},{"floor":48,"key":"War Paint"},{"floor":54,"key":"Torii"}],"event_choices":[{"damage_healed":0,"gold_gain":0,"player_choice":"Ignored","damage_taken":0,"max_hp_gain":0,"max_hp_loss":0,"event_name":"Liars Game","floor":3,"gold_loss":0},{"damage_healed":0,"gold_gain":0,"player_choice":"Entered Light","damage_taken":14,"max_hp_gain":0,"max_hp_loss":0,"event_name":"Shining Light","floor":5,"gold_loss":0,"cards_upgraded":["Strike_G","Strike_G"]},{"damage_healed":0,"gold_gain":0,"player_choice":"Fought Mushrooms","damage_taken":0,"max_hp_gain":0,"max_hp_loss":0,"event_name":"Mushrooms","floor":7,"gold_loss":0},{"cards_removed":["Strike_G"],"damage_healed":0,"gold_gain":0,"player_choice":"Card Removal","damage_taken":0,"max_hp_gain":0,"max_hp_loss":0,"event_name":"The Cleric","floor":8,"gold_loss":50},{"damage_healed":0,"gold_gain":0,"player_choice":"Fought Bandits","damage_taken":0,"max_hp_gain":0,"max_hp_loss":0,"event_name":"Masked Bandits","floor":19,"gold_loss":0},{"damage_healed":0,"gold_gain":0,"player_choice":"Upgraded","damage_taken":0,"max_hp_gain":0,"max_hp_loss":0,"event_name":"Upgrade Shrine","floor":20,"gold_loss":0,"cards_upgraded":["Neutralize"]},{"damage_healed":0,"gold_gain":0,"player_choice":"Fight","damage_taken":0,"max_hp_gain":0,"max_hp_loss":0,"event_name":"Colosseum","floor":29,"gold_loss":0},{"damage_healed":0,"gold_gain":0,"player_choice":"Fought Nobs","damage_taken":0,"max_hp_gain":0,"max_hp_loss":0,"event_name":"Colosseum","floor":29,"gold_loss":0},{"damage_healed":0,"gold_gain":0,"player_choice":"Simplicity","damage_taken":0,"max_hp_gain":0,"max_hp_loss":0,"event_name":"Back to Basics","floor":31,"gold_loss":0,"cards_upgraded":["Defend_G","Defend_G","Defend_G","Defend_G","Strike_G","Strike_G"]},{"damage_healed":0,"gold_gain":0,"player_choice":"Fight","damage_taken":0,"max_hp_gain":0,"max_hp_loss":0,"event_name":"Mysterious Sphere","floor":36,"gold_loss":0},{"damage_healed":0,"gold_gain":0,"player_choice":"Upgraded","damage_taken":0,"max_hp_gain":0,"max_hp_loss":0,"event_name":"Upgrade Shrine","floor":44,"gold_loss":0,"cards_upgraded":["Burst"]}],"is_beta":false,"boss_relics":[{"not_picked":["Snecko Eye","Tiny House"],"picked":"WristBlade"},{"not_picked":["Orrery","Black Star"],"picked":"Eternal Feather"}],"items_purged_floors":[30,37],"is_endless":false,"potions_floor_spawned":[1,4,12,13,18,19,24,33,35,36,45,54],"killed_by":"The Heart","ascension_level":0}