{"gold_per_floor":[18,18,18,31,31,31,63,63,63,76,1,1,30,45,45,119,119,134,151,51,51,79,114,128,128,140,169,181,219,231,243,255,338,350,382,444,456,488,518,530,542],"floor_reached":41,"playtime":2788,"items_purged":["Strike_R","Strike_R"],"score":899,"play_id":"828b7013-90e7-4bb9-8bf2-c7f73b192e58","local_time":"20190614155445","is_ascension_mode":true,"campfire_choices":[{"data":"Bash","floor":6.0,"key":"SMITH"},{"floor":8.0,"key":"DIG"},{"floor":12.0,"key":"REST"},{"data":"Rage","floor":15.0,"key":"SMITH"},{"floor":25.0,"key":"DIG"},{"floor":28.0,"key":"DIG"},{"floor":32.0,"key":"DIG"},{"floor":40,"key":"RECALL"}],"neow_cost":"NO_GOLD","seed_source_timestamp":10822337637542,"circlet_count":0,"master_deck":["AscendersBane","Strike_R+1","Strike_R+1","Strike_R","Defend_R","Defend_R","Defend_R","Defend_R","Bash+1","Battle Trance","Twin Strike","Armaments","Spot Weakness","Rage+1","Spot Weakness","Reaper","Disarm+1","Burning Pact+1","Shrug It Off","Shrug It Off+1","Offering","Disarm","Offering","Feel No Pain","Disarm","Shrug It Off","Shrug It Off"],"special_seed":0,"relics":["Burning Blood","Shovel","Magic Flower","Lantern","Singing Bowl","Blood Vial","Sozu","Red Mask","Strawberry","MawBank","Question Card","The Courier","Meat on the Bone","Kunai","Fusion Hammer","Girya"],"potions_floor_usage":[],"damage_taken":[{"damage":3.0,"enemies":"Small Slimes","floor":1.0,"turns":6.0},{"damage":1.0,"enemies":"2 Louse","floor":4.0,"turns":3.0},{"damage":45.0,"enemies":"3 Sentries","floor":7.0,"turns":11.0},{"damage":0.0,"enemies":"Cultist","floor":10.0,"turns":2.0},{"damage":22.0,"enemies":"Lagavulin","floor":13.0,"turns":6.0},{"damage":0.0,"enemies":"2 Fungi Beasts","floor":14.0,"turns":2.0},{"damage":27.0,"enemies":"Hexaghost","floor":16.0,"turns":9.0},{"damage":14.0,"enemies":"Spheric Guardian","floor":18.0,"turns":5.0},{"damage":10.0,"enemies":"Shell Parasite","floor":19.0,"turns":5.0},{"damage":37.0,"enemies":"Masked Bandits","floor":22.0,"turns":5.0},{"damage":51.0,"enemies":"Slavers","floor":23.0,"turns":8.0},{"damage":15.0,"enemies":"Centurion and Healer","floor":24.0,"turns":6.0},{"damage":15.0,"enemies":"Snake Plant","floor":27.0,"turns":6.0},{"damage":58.0,"enemies":"Gremlin Leader","floor":29.0,"turns":9.0},{"damage":15.0,"enemies":"Champ","floor":33.0,"turns":13.0},{"damage":19.0,"enemies":"3 Darklings","floor":35.0,"turns":5.0},{"damage":85.0,"enemies":"2 Orb Walkers","floor":36.0,"turns":7.0},{"damage":31,"enemies":"3 Shapes","floor":38,"turns":21},{"damage":43,"enemies":"Jaw Worm Horde","floor":39,"turns":7},{"damage":132,"enemies":"Nemesis","floor":41,"turns":23}],"seed_played":"3010029192680836378","potions_obtained":[{"floor":5.0,"key":"FairyPotion"},{"floor":5.0,"key":"GamblersBrew"},{"floor":13.0,"key":"SkillPotion"},{"floor":16.0,"key":"Fire Potion"}],"is_trial":false,"path_per_floor":["M","?","?","M","?","R","E","R","T","M","$","R","E","M","R","B",null,"M","M","$","?","?","E","M","R","T","M","R","E","?","?","R","B",null,"M","?","?","M","M","R","E"],"character_chosen":"IRONCLAD","items_purchased":[],"campfire_rested":1,"item_purchase_floors":[],"current_hp_per_floor":[71,48,48,53,53,53,14,14,14,23,23,45,32,44,44,29,64,62,72,72,72,61,59,80,80,80,86,86,61,61,61,61,86,86,86,45,41,92,92,92,0],"gold":542,"neow_bonus":"ONE_RARE_RELIC","is_prod":false,"is_daily":false,"chose_seed":false,"campfire_upgraded":2,"win_rate":0,"timestamp":1560520485,"path_taken":["M","?","?","M","?","R","E","R","T","M","$","R","E","M","R","BOSS","M","M","?","?","?","E","?","R","T","?","R","E","?","?","R","BOSS","M","?","?","M","M","R","E"],"build_version":"2019-01-23","purchased_purges":2,"victory":false,"max_hp_per_floor":[75,75,75,75,75,75,75,75,75,75,75,75,75,75,75,75,75,75,77,77,77,77,84,86,86,86,86,86,86,86,86,86,86,86,86,86,92,92,92,92,92],"card_choices":[{"not_picked":["Twin Strike","Flex"],"picked":"Battle Trance","floor":1.0},{"not_picked":["Thunderclap","Iron Wave"],"picked":"Twin Strike","floor":4.0},{"not_picked":["Havoc","Sword Boomerang"],"picked":"Armaments","floor":7.0},{"not_picked":["Thunderclap","Demon Form"],"picked":"Spot Weakness","floor":10.0},{"not_picked":["Armaments","Carnage"],"picked":"Rage","floor":13.0},{"not_picked":["Pommel Strike","Uppercut"],"picked":"Spot Weakness","floor":14.0},{"not_picked":["Juggernaut","Berserk"],"picked":"Reaper","floor":16.0},{"not_picked":["Searing Blow","Pommel Strike+1"],"picked":"Disarm+1","floor":18.0},{"not_picked":["Havoc","Iron Wave","Twin Strike"],"picked":"Singing Bowl","floor":19.0},{"not_picked":["Clash+1","Iron Wave"],"picked":"Burning Pact+1","floor":22.0},{"not_picked":["Body Slam","Inflame"],"picked":"Shrug It Off","floor":23.0},{"not_picked":["True Grit","Body Slam","Intimidate"],"picked":"Singing Bowl","floor":24.0},{"not_picked":["Iron Wave","Warcry","Ghostly Armor"],"picked":"Shrug It Off+1","floor":27.0},{"not_picked":["Reckless Charge","Heavy Blade","Thunderclap"],"picked":"Offering","floor":29.0},{"not_picked":["Double Tap","Juggernaut","Brutality"],"picked":"Offering","floor":33.0},{"not_picked":["Havoc+1","Pommel Strike","Body Slam"],"picked":"Feel No Pain","floor":35.0},{"not_picked":["Wild Strike","Rupture","Iron Wave"],"picked":"Disarm","floor":36.0},{"not_picked":["Discovery","Enlightenment","Dramatic Entrance","Good Instincts"],"picked":"Singing Bowl","floor":37.0},{"not_picked":["Secret Weapon","Impatience","Dramatic Entrance","Discovery"],"picked":"Singing Bowl","floor":37.0},{"not_picked":["Good Instincts","Panacea","Secret Weapon","Bandage Up"],"picked":"Singing Bowl","floor":37.0},{"not_picked":["Clash","Pummel","Thunderclap"],"picked":"Shrug It Off","floor":38},{"not_picked":["True Grit","Flex","Wild Strike"],"picked":"Shrug It Off","floor":39}],"player_experience":1352747,"relics_obtained":[{"floor":7.0,"key":"Magic Flower"},{"floor":8.0,"key":"Lantern"},{"floor":9.0,"key":"Singing Bowl"},{"floor":13.0,"key":"Blood Vial"},{"floor":22.0,"key":"Red Mask"},{"floor":23.0,"key":"Strawberry"},{"floor":25.0,"key":"MawBank"},{"floor":26.0,"key":"Question Card"},{"floor":28.0,"key":"The Courier"},{"floor":29.0,"key":"Meat on the Bone"},{"floor":32.0,"key":"Kunai"},{"floor":36.0,"key":"Girya"}],"event_choices":[{"damage_healed":0.0,"max_hp_gain":0.0,"max_hp_loss":0.0,"gold_gain":0.0,"event_name":"Shining Light","player_choice":"Entered Light","floor":2.0,"gold_loss":0.0,"damage_taken":23.0,"cards_upgraded":["Strike_R","Strike_R"]},{"damage_healed":0.0,"max_hp_gain":0.0,"max_hp_loss":0.0,"gold_gain":0.0,"event_name":"The Cleric","player_choice":"Leave","floor":3.0,"gold_loss":0.0,"damage_taken":0.0},{"damage_healed":0.0,"max_hp_gain":0.0,"max_hp_loss":0.0,"gold_gain":0.0,"event_name":"Lab","player_choice":"Got Potions","floor":5.0,"gold_loss":0.0,"damage_taken":0.0},{"damage_healed":0.0,"max_hp_gain":0.0,"max_hp_loss":0.0,"gold_gain":0.0,"event_name":"Ghosts","player_choice":"Ignored","floor":21.0,"gold_loss":0.0,"damage_taken":0.0},{"damage_healed":0.0,"max_hp_gain":0.0,"max_hp_loss":0.0,"gold_gain":0.0,"event_name":"Masked Bandits","player_choice":"Fought Bandits","floor":22.0,"gold_loss":0.0,"damage_taken":0.0},{"damage_healed":0.0,"max_hp_gain":0.0,"max_hp_loss":0.0,"gold_gain":0.0,"event_name":"Vampires","player_choice":"Ignored","floor":30.0,"gold_loss":0.0,"damage_taken":0.0},{"damage_healed":0.0,"max_hp_gain":0.0,"max_hp_loss":0.0,"gold_gain":0.0,"event_name":"The Library","player_choice":"Read","floor":31.0,"gold_loss":0.0,"damage_taken":0.0,"cards_obtained":["Disarm"]},{"damage_healed":0.0,"max_hp_gain":0.0,"max_hp_loss":0.0,"gold_gain":0.0,"event_name":"Mysterious Sphere","player_choice":"Fight","floor":36.0,"gold_loss":0.0,"damage_taken":0.0},{"damage_healed":0.0,"max_hp_gain":0.0,"max_hp_loss":0.0,"gold_gain":0.0,"event_name":"SensoryStone","player_choice":"Memory 3","floor":37.0,"gold_loss":0.0,"damage_taken":10.0}],"is_beta":false,"boss_relics":[{"not_picked":["Black Blood","Eternal Feather"],"picked":"Sozu"},{"not_picked":["White Beast Statue","Mark of Pain"],"picked":"Fusion Hammer"}],"items_purged_floors":[11,20],"is_endless":false,"potions_floor_spawned":[13,16,22,29,33,35,38,39],"killed_by":"Nemesis","ascension_level":20}