{"gold_per_floor":[116,116,128,128,14,14,33,33,60,60,74,74,93,119,119,191,191,175,192,206,59,69,69,80,80,158,458,491,502,502,522,522,522],"floor_reached":33,"playtime":1763,"items_purged":["Strike_R","Defend_R"],"score":471,"play_id":"f1bb7f73-379d-4036-b3aa-99381179cba6","local_time":"20190518151321","is_ascension_mode":true,"campfire_choices":[{"data":"Barricade","floor":6,"key":"SMITH"},{"data":"Entrench","floor":8,"key":"SMITH"},{"data":"Shrug It Off","floor":10,"key":"SMITH"},{"data":"Shockwave","floor":12,"key":"SMITH"},{"data":"Rage","floor":15,"key":"SMITH"},{"floor":23,"key":"REST"},{"floor":25,"key":"REST"},{"floor":32,"key":"REST"}],"neow_cost":"NONE","seed_source_timestamp":26020738640275,"circlet_count":0,"master_deck":["AscendersBane","Strike_R","Strike_R","Strike_R","Strike_R","Defend_R","Defend_R","Defend_R","Bash","Barricade+1","Entrench+1","Shockwave+1","Dropkick","Shrug It Off+1","Spot Weakness","Rage+1","Battle Trance","True Grit","Body Slam","True Grit","Shrug It Off","Cleave","Warcry","Cleave","Shrug It Off","Pommel Strike","Writhe","Warcry","Feel No Pain"],"relics":["Burning Blood","Nunchaku","Bag of Preparation","StoneCalendar","Orrery","Mercury Hourglass","Old Coin","Letter Opener","MutagenicStrength"],"potions_floor_usage":[11,14,18,24,28,29],"damage_taken":[{"damage":9,"enemies":"Small Slimes","floor":1,"turns":6},{"damage":4,"enemies":"2 Louse","floor":3,"turns":5},{"damage":9,"enemies":"Jaw Worm","floor":7,"turns":6},{"damage":3,"enemies":"Gremlin Gang","floor":11,"turns":6},{"damage":0,"enemies":"2 Fungi Beasts","floor":13,"turns":4},{"damage":18,"enemies":"Gremlin Nob","floor":14,"turns":5},{"damage":43,"enemies":"Hexaghost","floor":16,"turns":10},{"damage":17,"enemies":"2 Thieves","floor":18,"turns":4},{"damage":36,"enemies":"Spheric Guardian","floor":19,"turns":10},{"damage":15,"enemies":"Cultist and Chosen","floor":20,"turns":7},{"damage":6,"enemies":"Snake Plant","floor":22,"turns":6},{"damage":18,"enemies":"Chosen and Byrds","floor":24,"turns":7},{"damage":4,"enemies":"Gremlin Leader","floor":28,"turns":7},{"damage":33,"enemies":"Sentry and Sphere","floor":29,"turns":7},{"damage":21,"enemies":"Snecko","floor":31,"turns":7},{"damage":39,"enemies":"Collector","floor":33,"turns":7}],"seed_played":"-6088430806553819998","potions_obtained":[{"floor":1,"key":"Strength Potion"},{"floor":3,"key":"Strength Potion"},{"floor":11,"key":"Ancient Potion"},{"floor":16,"key":"PowerPotion"},{"floor":22,"key":"AttackPotion"},{"floor":24,"key":"Dexterity Potion"}],"is_trial":false,"path_per_floor":["M","?","M","?","$","R","M","R","T","R","M","R","M","E","R","B",null,"M","M","M","$","M","R","M","R","T","?","E","M","?","M","R","B"],"character_chosen":"IRONCLAD","items_purchased":["Dropkick","Shrug It Off"],"campfire_rested":3,"item_purchase_floors":[5,21],"current_hp_per_floor":[65,70,72,67,67,67,64,64,64,64,67,67,73,61,61,24,66,55,25,16,16,16,40,28,52,52,52,54,27,27,12,36,0],"gold":522,"neow_bonus":"ONE_RANDOM_RARE_CARD","is_prod":false,"is_daily":false,"chose_seed":false,"campfire_upgraded":5,"win_rate":0,"timestamp":1558203201,"path_taken":["M","?","M","?","?","R","M","R","T","R","M","R","M","E","R","BOSS","M","M","M","$","?","R","?","R","T","?","E","M","?","M","R","BOSS"],"build_version":"2019-01-23","purchased_purges":2,"victory":false,"max_hp_per_floor":[75,80,80,80,80,80,80,80,80,80,80,80,80,80,80,80,80,80,80,80,80,80,80,80,80,80,80,80,80,80,80,80,80],"card_choices":[{"not_picked":["True Grit","Seeing Red"],"picked":"Entrench","floor":1},{"not_picked":["Corruption","Headbutt"],"picked":"Shockwave","floor":3},{"not_picked":["Warcry","Searing Blow"],"picked":"Shrug It Off","floor":7},{"not_picked":["Iron Wave","Pommel Strike"],"picked":"Spot Weakness","floor":11},{"not_picked":["Thunderclap","Double Tap"],"picked":"Rage","floor":13},{"not_picked":["Clothesline","Pummel","True Grit"],"picked":"SKIP","floor":14},{"not_picked":["Fire Breathing","Searing Blow"],"picked":"Battle Trance","floor":17},{"not_picked":["Clash","Perfected Strike"],"picked":"True Grit","floor":17},{"not_picked":["Intimidate","Thunderclap"],"picked":"Body Slam","floor":17},{"not_picked":["Combust","Thunderclap"],"picked":"True Grit","floor":17},{"not_picked":["Searing Blow","Reaper"],"picked":"Shrug It Off","floor":17},{"not_picked":["Pommel Strike","Havoc"],"picked":"Cleave","floor":18},{"not_picked":["Armaments","Rupture"],"picked":"Warcry","floor":19},{"not_picked":["Sentinel","Iron Wave"],"picked":"Cleave","floor":20},{"not_picked":["Heavy Blade","Sword Boomerang","Thunderclap"],"picked":"SKIP","floor":22},{"not_picked":["Flex","Headbutt"],"picked":"Pommel Strike","floor":24},{"not_picked":["Exhume","Pommel Strike"],"picked":"Warcry","floor":28},{"not_picked":["Burning Pact","Armaments"],"picked":"Feel No Pain","floor":29},{"not_picked":["Cleave","Thunderclap","Entrench"],"picked":"SKIP","floor":31}],"player_experience":754020,"relics_obtained":[{"floor":9,"key":"Bag of Preparation"},{"floor":14,"key":"StoneCalendar"},{"floor":26,"key":"Mercury Hourglass"},{"floor":28,"key":"Letter Opener"}],"event_choices":[{"damage_healed":0,"gold_gain":0,"player_choice":"Donut","damage_taken":0,"max_hp_gain":5,"max_hp_loss":0,"event_name":"Big Fish","floor":2,"gold_loss":0},{"damage_healed":0,"gold_gain":0,"player_choice":"Success","damage_taken":5,"relics_obtained":["Nunchaku"],"max_hp_gain":0,"max_hp_loss":0,"event_name":"Scrap Ooze","floor":4,"gold_loss":0},{"damage_healed":0,"gold_gain":0,"player_choice":"Opened","damage_taken":0,"relics_obtained":["Old Coin"],"max_hp_gain":0,"max_hp_loss":0,"event_name":"The Mausoleum","floor":27,"gold_loss":0,"cards_obtained":["Writhe"]},{"damage_healed":0,"gold_gain":0,"player_choice":"Inject Mutagens","damage_taken":0,"relics_obtained":["MutagenicStrength"],"max_hp_gain":0,"max_hp_loss":0,"event_name":"Drug Dealer","floor":30,"gold_loss":0}],"is_beta":false,"boss_relics":[{"not_picked":["White Beast Statue","Astrolabe"],"picked":"Orrery"}],"items_purged_floors":[5,21],"is_endless":false,"potions_floor_spawned":[1,3,11,16,22,24],"killed_by":"Collector","ascension_level":15}