{"gold_per_floor":[110,260,27,40,54,54,54,81,104,104,133,133,208,228,228,302,302,312,282,296,296,308,308,337,337,407,407,435,453,38,65,65,140,140,157,57,57,67,117,131,131,162,212,231,246,246,12,23,23,23,23,23,23,23,58,58],"floor_reached":56,"playtime":5847,"items_purged":["Doubt","Strike_B","Defend_B"],"score":1936,"play_id":"b0eb3d73-6ee1-4a6c-94ac-a75763f205d6","local_time":"20190331195351","is_ascension_mode":true,"campfire_choices":[{"data":"Zap","floor":6,"key":"SMITH"},{"floor":10,"key":"REST"},{"data":"Darkness","floor":12,"key":"SMITH"},{"data":"Glacier","floor":15,"key":"SMITH"},{"data":"Dualcast","floor":23,"key":"SMITH"},{"data":"Hologram","floor":25,"key":"SMITH"},{"data":"Defend_B","floor":27,"key":"SMITH"},{"floor":32,"key":"REST"},{"data":"Capacitor","floor":41,"key":"SMITH"},{"floor":46,"key":"REST"},{"floor":49,"key":"RECALL"},{"data":"Defragment","floor":53,"key":"SMITH"}],"neow_cost":"NONE","seed_source_timestamp":19679406274423,"circlet_count":0,"master_deck":["AscendersBane","Defend_B+1","Defend_B","Zap+1","Dualcast+1","Compile Driver","Melter","Hologram+1","Glacier+1","Darkness+1","Electrodynamics+1","Hologram+1","Coolheaded+1","Capacitor+1","Glacier+1","Multi-Cast","Coolheaded+1","Beam Cell+1","Self Repair+1","Glacier+1","Reinforced Body+1","Defragment+1","Glacier+1"],"relics":["Cracked Core","Regal Pillow","Potion Belt","Dream Catcher","Whetstone","Ginger","Velvet Choker","Singing Bowl","The Courier","PreservedInsect","DollysMirror","DataDisk","Astrolabe","Bottled Tornado","Chemical X","Happy Flower"],"potions_floor_usage":[11,20,22,24,28,28,40,42,42,42,51,56,56],"damage_taken":[{"damage":4,"enemies":"Small Slimes","floor":1,"turns":3},{"damage":0,"enemies":"2 Louse","floor":4,"turns":3},{"damage":4,"enemies":"Jaw Worm","floor":5,"turns":4},{"damage":25,"enemies":"Lagavulin","floor":8,"turns":6},{"damage":16,"enemies":"3 Sentries","floor":11,"turns":9},{"damage":10,"enemies":"Red Slaver","floor":14,"turns":4},{"damage":12,"enemies":"The Guardian","floor":16,"turns":14},{"damage":0,"enemies":"Shell Parasite","floor":18,"turns":6},{"damage":0,"enemies":"Spheric Guardian","floor":20,"turns":2},{"damage":18,"enemies":"Centurion and Healer","floor":22,"turns":5},{"damage":9,"enemies":"Gremlin Leader","floor":24,"turns":5},{"damage":8,"enemies":"Slavers","floor":28,"turns":5},{"damage":8,"enemies":"Snecko","floor":29,"turns":5},{"damage":12,"enemies":"Gremlin Leader","floor":31,"turns":6},{"damage":42,"enemies":"Champ","floor":33,"turns":16},{"damage":0,"enemies":"Orb Walker","floor":35,"turns":6},{"damage":23,"enemies":"3 Darklings","floor":38,"turns":5},{"damage":4,"enemies":"Maw","floor":40,"turns":9},{"damage":43,"enemies":"Giant Head","floor":42,"turns":11},{"damage":34,"enemies":"Transient","floor":44,"turns":6},{"damage":10,"enemies":"Spire Growth","floor":45,"turns":6},{"damage":6,"enemies":"Jaw Worm Horde","floor":48,"turns":4},{"damage":17,"enemies":"Donu and Deca","floor":50,"turns":13},{"damage":35,"enemies":"Awakened One","floor":51,"turns":16},{"damage":22,"enemies":"Shield and Spear","floor":55,"turns":7},{"damage":76,"enemies":"The Heart","floor":56,"turns":12}],"seed_played":"-8998357797274559441","potions_obtained":[{"floor":1,"key":"PowerPotion"},{"floor":8,"key":"Dexterity Potion"},{"floor":11,"key":"Regen Potion"},{"floor":19,"key":"Fruit Juice"},{"floor":19,"key":"SteroidPotion"},{"floor":20,"key":"Fire Potion"},{"floor":28,"key":"Strength Potion"},{"floor":29,"key":"Swift Potion"},{"floor":31,"key":"GamblersBrew"},{"floor":40,"key":"SkillPotion"},{"floor":44,"key":"LiquidBronze"}],"is_trial":false,"path_per_floor":["M","?","$","M","M","R","?","E","T","R","E","R","?","M","R","B",null,"M","?","M","?","M","R","E","R","T","R","E","M","$","E","R","B",null,"M","$","?","M","?","M","R","E","T","M","M","R","$","M","R","B","B",null,"R","$","E","B"],"character_chosen":"DEFECT","items_purchased":["Potion Belt","Capacitor","DollysMirror","Fruit Juice","Chemical X","FocusPotion"],"campfire_rested":3,"item_purchase_floors":[3,30,30,30,47,47],"current_hp_per_floor":[60,60,60,60,56,56,56,31,31,67,51,51,40,30,30,18,58,58,58,63,63,59,59,52,52,52,52,46,40,40,30,72,30,72,84,84,84,73,64,75,75,44,44,22,22,66,66,62,62,55,30,83,83,83,73,0],"gold":58,"neow_bonus":"RANDOM_COMMON_RELIC","is_prod":false,"is_daily":false,"chose_seed":false,"campfire_upgraded":8,"win_rate":0,"timestamp":1554054831,"path_taken":["M","?","$","M","M","R","?","E","T","R","E","R","?","M","R","BOSS","M","?","?","?","M","R","E","R","T","R","E","M","$","E","R","BOSS","M","?","?","?","?","?","R","E","T","M","M","R","$","M","R","BOSS","BOSS","R","$","E","BOSS"],"build_version":"2019-01-23","purchased_purges":3,"victory":false,"max_hp_per_floor":[71,71,71,71,71,71,71,71,71,71,71,71,71,71,71,71,71,71,71,76,76,76,76,78,78,78,78,80,82,82,84,86,86,86,88,88,88,90,90,95,95,97,97,99,99,99,99,101,101,101,101,101,101,101,103,103],"card_choices":[{"not_picked":["BootSequence","Conserve Battery","Fusion"],"picked":"SKIP","floor":1},{"not_picked":["Go for the Eyes","Hologram"],"picked":"Compile Driver","floor":4},{"not_picked":["Force Field","Redo"],"picked":"Melter","floor":5},{"not_picked":["Buffer","Go for the Eyes"],"picked":"Hologram","floor":8},{"not_picked":["Coolheaded","FTL"],"picked":"Glacier","floor":10},{"not_picked":["Beam Cell","Tempest"],"picked":"Darkness","floor":11},{"not_picked":["Auto Shields","Ball Lightning","Stack"],"picked":"SKIP","floor":14},{"not_picked":["Reboot","Seek"],"picked":"Electrodynamics","floor":16},{"not_picked":["Conserve Battery","Leap","Coolheaded"],"picked":"SKIP","floor":18},{"not_picked":["Streamline","Coolheaded"],"picked":"Hologram+1","floor":20},{"not_picked":["Recycle+1","Compile Driver"],"picked":"Coolheaded+1","floor":22},{"not_picked":["Beam Cell","Streamline","Turbo"],"picked":"Singing Bowl","floor":24},{"not_picked":["Coolheaded","Stack","Tempest"],"picked":"Singing Bowl","floor":28},{"not_picked":["Turbo","BootSequence","Machine Learning"],"picked":"Singing Bowl","floor":29},{"not_picked":["Auto Shields","Sweeping Beam","Compile Driver"],"picked":"Singing Bowl","floor":31},{"not_picked":["Turbo","Reprogram","Fusion"],"picked":"Singing Bowl","floor":32},{"not_picked":["Thunder Strike","Fission"],"picked":"Multi-Cast","floor":33},{"not_picked":["Gash","Turbo","Steam Power+1"],"picked":"Singing Bowl","floor":35},{"not_picked":["Sunder","Turbo","Rip and Tear+1"],"picked":"Singing Bowl","floor":38},{"not_picked":["Redo","Sweeping Beam"],"picked":"Reinforced Body+1","floor":40},{"not_picked":["Doom and Gloom+1","Turbo","Storm"],"picked":"Singing Bowl","floor":42},{"not_picked":["Rip and Tear","Aggregate","Hologram"],"picked":"Singing Bowl","floor":44},{"not_picked":["Coolheaded","Melter"],"picked":"Defragment","floor":45},{"not_picked":["Stack","Gash"],"picked":"Glacier+1","floor":46},{"not_picked":["Barrage+1","Compile Driver+1","Steam"],"picked":"Singing Bowl","floor":48},{"not_picked":["Aggregate","Heatsinks","Streamline"],"picked":"Singing Bowl","floor":55}],"player_experience":1066571,"relics_obtained":[{"floor":8,"key":"Dream Catcher"},{"floor":9,"key":"Whetstone"},{"floor":11,"key":"Ginger"},{"floor":24,"key":"Singing Bowl"},{"floor":26,"key":"The Courier"},{"floor":28,"key":"PreservedInsect"},{"floor":31,"key":"DataDisk"},{"floor":42,"key":"Bottled Tornado"},{"floor":55,"key":"Happy Flower"}],"event_choices":[{"damage_healed":0,"gold_gain":150,"player_choice":"AGREE","damage_taken":0,"max_hp_gain":0,"max_hp_loss":0,"event_name":"Liars Game","floor":2,"gold_loss":0,"cards_obtained":["Doubt"]},{"cards_removed":["Strike_B"],"damage_healed":0,"gold_gain":0,"player_choice":"Forget","damage_taken":0,"max_hp_gain":0,"max_hp_loss":0,"event_name":"Living Wall","floor":7,"gold_loss":0},{"damage_healed":0,"gold_gain":75,"player_choice":"Gather Gold","damage_taken":11,"max_hp_gain":0,"max_hp_loss":0,"event_name":"World of Goop","floor":13,"gold_loss":0},{"damage_healed":0,"gold_gain":0,"player_choice":"Bought 2 Potions","damage_taken":0,"max_hp_gain":0,"max_hp_loss":0,"event_name":"The Woman in Blue","floor":19,"gold_loss":0},{"damage_healed":0,"gold_gain":0,"player_choice":"Upgraded","damage_taken":0,"max_hp_gain":0,"max_hp_loss":0,"event_name":"Upgrade Shrine","floor":21,"gold_loss":0,"cards_upgraded":["Electrodynamics"]},{"damage_healed":0,"gold_gain":0,"player_choice":"Copied","damage_taken":0,"max_hp_gain":0,"max_hp_loss":0,"event_name":"Duplicator","floor":37,"gold_loss":0,"cards_obtained":["Glacier"]},{"damage_healed":0,"gold_gain":50,"player_choice":"Touch","damage_taken":9,"max_hp_gain":0,"max_hp_loss":0,"event_name":"FaceTrader","floor":39,"gold_loss":0}],"is_beta":false,"boss_relics":[{"not_picked":["Sozu","Coffee Dripper"],"picked":"Velvet Choker"},{"not_picked":["Black Star","Pandora\u0027s Box"],"picked":"Astrolabe"}],"items_purged_floors":[3,30,36],"is_endless":false,"potions_floor_spawned":[1,8,11,20,28,29,31,40,44],"killed_by":"The Heart","ascension_level":20}