{"gold_per_floor":[364,435,435,15,31,31,65,65,65,65,65,80,80,111,111,206,206,217,234,246,262,281,281],"floor_reached":23,"playtime":1438,"items_purged":[],"score":339,"play_id":"99319a5d-2961-4b02-89ea-a621ecb31e51","local_time":"20190611095943","is_ascension_mode":true,"campfire_choices":[{"floor":6,"key":"REST"},{"data":"Neutralize","floor":8,"key":"SMITH"},{"data":"Survivor","floor":10,"key":"SMITH"},{"data":"Prepared","floor":13,"key":"SMITH"},{"floor":15,"key":"REST"}],"neow_cost":"PERCENT_DAMAGE","seed_source_timestamp":2081113160662737,"circlet_count":0,"master_deck":["AscendersBane","Defend_G","Defend_G","Defend_G","Defend_G","Defend_G","Strike_G","Strike_G","Strike_G","Strike_G","Strike_G","Survivor+1","Neutralize+1","Dash","Dagger Throw","Poisoned Stab","Acrobatics","Footwork","Deadly Poison","Prepared+1","Dagger Spray","Night Terror","Outmaneuver+1","Backflip","Dagger Throw","Well Laid Plans"],"relics":["Ring of the Snake","Pocketwatch","Tough Bandages","Mercury Hourglass","Sundial","Matryoshka","Busted Crown"],"potions_floor_usage":[14,16,20,21],"damage_taken":[{"damage":5,"enemies":"Jaw Worm","floor":1,"turns":7},{"damage":0,"enemies":"Small Slimes","floor":5,"turns":3},{"damage":13,"enemies":"Lagavulin","floor":7,"turns":10},{"damage":0,"enemies":"2 Louse","floor":12,"turns":2},{"damage":0,"enemies":"Gremlin Nob","floor":14,"turns":4},{"damage":32,"enemies":"Slime Boss","floor":16,"turns":8},{"damage":16,"enemies":"Spheric Guardian","floor":18,"turns":4},{"damage":14,"enemies":"2 Thieves","floor":19,"turns":4},{"damage":12,"enemies":"Snake Plant","floor":20,"turns":6},{"damage":19,"enemies":"Shelled Parasite and Fungi","floor":21,"turns":7},{"damage":0,"enemies":"Centurion and Healer","floor":22,"turns":7},{"damage":5,"enemies":"Book of Stabbing","floor":23,"turns":1}],"seed_played":"-1696850222714486597","potions_obtained":[{"floor":1,"key":"Block Potion"},{"floor":12,"key":"Explosive Potion"},{"floor":18,"key":"SpeedPotion"},{"floor":19,"key":"Weak Potion"}],"is_trial":false,"path_per_floor":["M","?","?","$","M","R","E","R","T","R","?","M","R","E","R","B",null,"M","M","M","M","M","E"],"character_chosen":"THE_SILENT","items_purchased":["Dagger Throw","Tough Bandages","Poisoned Stab","Acrobatics"],"campfire_rested":2,"item_purchase_floors":[4,4,4,4],"current_hp_per_floor":[40,40,28,28,28,49,36,36,36,36,41,41,41,41,63,31,64,48,34,22,3,3,0],"gold":281,"neow_bonus":"TWO_FIFTY_GOLD","is_prod":false,"is_daily":false,"chose_seed":false,"campfire_upgraded":3,"win_rate":0,"timestamp":1560257983,"path_taken":["M","?","?","$","M","R","E","R","T","R","?","M","R","E","R","BOSS","M","M","M","M","M","E"],"build_version":"2019-01-23","purchased_purges":0,"victory":false,"max_hp_per_floor":[70,70,70,70,70,70,70,70,70,70,75,75,75,75,75,75,75,75,75,75,75,75,75],"card_choices":[{"not_picked":["Caltrops","Sucker Punch"],"picked":"Dash","floor":1},{"not_picked":["Slice","Underhanded Strike"],"picked":"Footwork","floor":5},{"not_picked":["Dagger Spray","PiercingWail"],"picked":"Deadly Poison","floor":7},{"not_picked":["Reflex","Slice"],"picked":"Prepared","floor":12},{"not_picked":["Endless Agony","Infinite Blades"],"picked":"Dagger Spray","floor":14},{"not_picked":["Wraith Form v2","After Image"],"picked":"Night Terror","floor":16},{"not_picked":[],"picked":"Outmaneuver+1","floor":18},{"not_picked":[],"picked":"Backflip","floor":19},{"not_picked":[],"picked":"Dagger Throw","floor":20},{"not_picked":["Poisoned Stab"],"picked":"SKIP","floor":21},{"not_picked":[],"picked":"Well Laid Plans","floor":22}],"player_experience":972090,"relics_obtained":[{"floor":7,"key":"Mercury Hourglass"},{"floor":9,"key":"Sundial"},{"floor":14,"key":"Matryoshka"}],"event_choices":[{"damage_healed":0,"gold_gain":71,"player_choice":"Gained Gold","damage_taken":0,"max_hp_gain":0,"max_hp_loss":0,"event_name":"Golden Wing","floor":2,"gold_loss":0},{"damage_healed":0,"gold_gain":0,"player_choice":"Success","damage_taken":12,"relics_obtained":["Pocketwatch"],"max_hp_gain":0,"max_hp_loss":0,"event_name":"Scrap Ooze","floor":3,"gold_loss":0},{"damage_healed":0,"gold_gain":0,"player_choice":"Donut","damage_taken":0,"max_hp_gain":5,"max_hp_loss":0,"event_name":"Big Fish","floor":11,"gold_loss":0}],"is_beta":false,"boss_relics":[{"not_picked":["Velvet Choker","Ring of the Serpent"],"picked":"Busted Crown"}],"items_purged_floors":[],"is_endless":false,"potions_floor_spawned":[1,12,18,19],"killed_by":"Book of Stabbing","ascension_level":10}