{"gold_per_floor":[114,114,114,125,136,136,166,166,166,181,181,208,223,237,237,338,338,354,354,53,73,73,73,84,94,142,67,82,96,96,115,115,210,210,224,276,376,112,132,132,142,142,142,142,142,142,159,109,109,109],"floor_reached":51,"playtime":3025,"items_purged":["Strike_R","Strike_R","Strike_R"],"score":741,"play_id":"b05f0f3e-5b53-48a1-b2bd-91c0abeecd2d","local_time":"20190212145909","is_ascension_mode":true,"campfire_choices":[{"data":"Inflame","floor":6,"key":"SMITH"},{"data":"Bash","floor":8,"key":"SMITH"},{"data":"Metallicize","floor":15,"key":"SMITH"},{"data":"Limit Break","floor":23,"key":"SMITH"},{"floor":30,"key":"REST"},{"floor":32,"key":"REST"},{"floor":40,"key":"REST"},{"data":"Flame Barrier","floor":42,"key":"SMITH"},{"data":"Madness","floor":46,"key":"SMITH"},{"data":"Limit Break","floor":49,"key":"SMITH"}],"neow_cost":"NONE","seed_source_timestamp":586701584680400,"circlet_count":0,"master_deck":["Defend_R","Defend_R","Defend_R","Defend_R","Bash+1","Inflame+1","Juggernaut","Twin Strike","Impatience","Shrug It Off","Spot Weakness","Warcry","Battle Trance","Clothesline+1","Metallicize+1","Limit Break+1","Flame Barrier+1","Sword Boomerang+1","Pummel+1","Pummel+1","Feed+1","Ghostly Armor+1","Offering","Headbutt+1","Madness","Reaper+1","Heavy Blade+1","Madness","Madness+1","Limit Break+1"],"special_seed":0,"relics":["Burning Blood","Mango","Matryoshka","Molten Egg 2","Black Star","MutagenicStrength","Champion Belt","Bronze Scales","Strawberry","Eternal Feather","Du-Vu Doll","StoneCalendar","Meat on the Bone","Smiling Mask"],"potions_floor_usage":[29,36,36,50,50],"damage_taken":[{"damage":3.0,"enemies":"2 Louse","floor":1.0,"turns":4.0},{"damage":5,"enemies":"Small Slimes","floor":4,"turns":4},{"damage":5,"enemies":"Cultist","floor":5,"turns":4},{"damage":28,"enemies":"Lagavulin","floor":7,"turns":7},{"damage":7,"enemies":"Blue Slaver","floor":10,"turns":4},{"damage":36,"enemies":"Gremlin Nob","floor":12,"turns":5},{"damage":15,"enemies":"Red Slaver","floor":13,"turns":4},{"damage":6,"enemies":"Exordium Thugs","floor":14,"turns":3},{"damage":29,"enemies":"The Guardian","floor":16,"turns":10},{"damage":16,"enemies":"Spheric Guardian","floor":18,"turns":5},{"damage":13,"enemies":"Shell Parasite","floor":21,"turns":7},{"damage":26,"enemies":"Shelled Parasite and Fungi","floor":24,"turns":5},{"damage":4,"enemies":"Snecko","floor":25,"turns":7},{"damage":25,"enemies":"Snake Plant","floor":28,"turns":2},{"damage":24,"enemies":"Centurion and Healer","floor":29,"turns":6},{"damage":35,"enemies":"Shelled Parasite and Fungi","floor":31,"turns":7},{"damage":60,"enemies":"Automaton","floor":33,"turns":10},{"damage":9,"enemies":"3 Shapes","floor":35,"turns":8},{"damage":55,"enemies":"2 Orb Walkers","floor":36,"turns":4},{"damage":10,"enemies":"Mind Bloom Boss Battle","floor":37,"turns":5},{"damage":29,"enemies":"3 Darklings","floor":39,"turns":7},{"damage":28,"enemies":"Jaw Worm Horde","floor":41,"turns":4},{"damage":54,"enemies":"4 Shapes","floor":47,"turns":6},{"damage":98,"enemies":"Time Eater","floor":50,"turns":9}],"seed_played":"-4436439891757705810","potions_obtained":[{"floor":4,"key":"FearPotion"},{"floor":5,"key":"GamblersBrew"},{"floor":10,"key":"Fire Potion"},{"floor":12,"key":"FairyPotion"},{"floor":21,"key":"LiquidBronze"},{"floor":29,"key":"FearPotion"},{"floor":36,"key":"LiquidBronze"},{"floor":37,"key":"Poison Potion"}],"is_trial":false,"path_per_floor":["M","?","?","M","M","R","E","R","T","M","?","E","M","M","R","B",null,"M","?","$","M","$","R","M","M","T","$","M","M","R","M","R","B",null,"M","?","?","$","M","R","M","R","T","?","?","R","M","$","R","B",null],"character_chosen":"IRONCLAD","items_purchased":["Champion Belt","Madness","Reaper+1"],"campfire_rested":3,"item_purchase_floors":[20,38,38],"current_hp_per_floor":[80,80,80,80,80,80,72,72,72,71,94,64,55,55,55,32,94,84,84,84,77,77,77,57,59,66,66,47,33,64,39,71,17,109,106,57,53,53,37,84,82,97,97,83,83,101,75,75,93,29],"gold":109,"neow_bonus":"REMOVE_CARD","is_prod":false,"is_daily":false,"chose_seed":false,"campfire_upgraded":7,"win_rate":0,"timestamp":1550001549,"path_taken":["M","?","?","?","M","R","E","R","T","M","?","E","M","?","R","BOSS","M","?","$","M","$","R","M","M","T","?","?","M","R","M","R","BOSS","M","?","?","$","?","R","?","R","T","?","?","R","M","$","R","BOSS"],"build_version":"2019-01-23","purchased_purges":3,"victory":true,"max_hp_per_floor":[80,80,80,80,80,80,94,94,94,94,94,94,94,94,94,94,94,94,94,94,94,94,94,94,94,101,101,101,105,105,109,109,109,109,109,109,109,109,109,109,113,113,113,113,113,113,113,113,113,113],"card_choices":[{"not_picked":["Armaments","Metallicize"],"picked":"Inflame","floor":1.0},{"not_picked":["Second Wind","Hemokinesis","Rupture"],"picked":"SKIP","floor":4},{"not_picked":["Sever Soul","Havoc"],"picked":"Shrug It Off","floor":5},{"not_picked":["Twin Strike","Iron Wave"],"picked":"Spot Weakness","floor":7},{"not_picked":["Clash","Sword Boomerang"],"picked":"Warcry","floor":10},{"not_picked":["Seeing Red","Fiend Fire"],"picked":"Battle Trance","floor":12},{"not_picked":["Wild Strike+1","Thunderclap+1"],"picked":"Clothesline+1","floor":13},{"not_picked":["Havoc","Power Through"],"picked":"Metallicize","floor":14},{"not_picked":["Berserk","Double Tap"],"picked":"Limit Break","floor":16},{"not_picked":["Spot Weakness","Armaments"],"picked":"Flame Barrier","floor":18},{"not_picked":["Corruption+1","Warcry"],"picked":"Sword Boomerang+1","floor":21},{"not_picked":["Havoc","True Grit"],"picked":"Pummel+1","floor":24},{"not_picked":["Sword Boomerang+1","Warcry"],"picked":"Pummel+1","floor":25},{"not_picked":["Inflame+1","Iron Wave+1"],"picked":"Feed+1","floor":28},{"not_picked":["Twin Strike+1","Thunderclap+1","Armaments"],"picked":"SKIP","floor":29},{"not_picked":["Twin Strike+1","Thunderclap+1"],"picked":"Ghostly Armor+1","floor":31},{"not_picked":["Dark Embrace","Brutality"],"picked":"Offering","floor":33},{"not_picked":["Hemokinesis+1","Wild Strike+1","Ghostly Armor+1"],"picked":"SKIP","floor":35},{"not_picked":["Corruption+1","Anger+1"],"picked":"Headbutt+1","floor":36},{"not_picked":["Sword Boomerang+1","Burning Pact"],"picked":"Heavy Blade+1","floor":39},{"not_picked":["Iron Wave+1","Sword Boomerang+1","Anger+1"],"picked":"SKIP","floor":41},{"not_picked":["Metallicize","Heavy Blade+1"],"picked":"Limit Break","floor":47}],"player_experience":294782,"relics_obtained":[{"floor":7,"key":"Mango"},{"floor":9,"key":"Matryoshka"},{"floor":12,"key":"Molten Egg 2"},{"floor":26,"key":"Bronze Scales"},{"floor":26,"key":"Strawberry"},{"floor":36,"key":"Du-Vu Doll"},{"floor":37,"key":"StoneCalendar"},{"floor":43,"key":"Meat on the Bone"},{"floor":43,"key":"Smiling Mask"}],"event_choices":[{"damage_healed":0.0,"max_hp_gain":0.0,"max_hp_loss":0.0,"gold_gain":0.0,"event_name":"Liars Game","player_choice":"Ignored","floor":2.0,"gold_loss":0.0,"damage_taken":0.0},{"damage_healed":0,"gold_gain":0,"player_choice":"3 cards matched","damage_taken":0,"max_hp_gain":0,"max_hp_loss":0,"event_name":"Match and Keep!","floor":3,"gold_loss":0,"cards_obtained":["Juggernaut","Twin Strike","Impatience"]},{"damage_healed":23,"gold_gain":0,"player_choice":"Full Heal","damage_taken":0,"max_hp_gain":0,"max_hp_loss":0,"event_name":"Wheel of Change","floor":11,"gold_loss":0},{"damage_healed":0,"gold_gain":0,"player_choice":"Inject Mutagens","damage_taken":0,"relics_obtained":["MutagenicStrength"],"max_hp_gain":0,"max_hp_loss":0,"event_name":"Drug Dealer","floor":19,"gold_loss":0},{"damage_healed":0,"gold_gain":0,"player_choice":"Fight","damage_taken":0,"max_hp_gain":0,"max_hp_loss":0,"event_name":"Mysterious Sphere","floor":36,"gold_loss":0},{"damage_healed":0,"gold_gain":0,"player_choice":"Fight","damage_taken":0,"max_hp_gain":0,"max_hp_loss":0,"event_name":"MindBloom","floor":37,"gold_loss":0},{"damage_healed":0,"gold_gain":0,"player_choice":"Embrace Madness","damage_taken":14,"max_hp_gain":0,"max_hp_loss":0,"event_name":"Winding Halls","floor":44,"gold_loss":0,"cards_obtained":["Madness","Madness"]},{"cards_removed":["Strike_R"],"damage_healed":0,"gold_gain":0,"player_choice":"Removed Attack","damage_taken":0,"max_hp_gain":0,"max_hp_loss":0,"event_name":"Falling","floor":45,"gold_loss":0}],"is_beta":false,"boss_relics":[{"not_picked":["Sozu","Snecko Eye"],"picked":"Black Star"},{"not_picked":["Lizard Tail","Mark of Pain"],"picked":"Eternal Feather"}],"items_purged_floors":[27,38,48],"is_endless":false,"potions_floor_spawned":[4,5,10,12,16,21,25,28,29,33,35,36,37,39],"ascension_level":1}