{"gold_per_floor":[111,124,31,31,46,46,59,69,94,107,118,118,138,156,156,156],"floor_reached":16,"playtime":899,"items_purged":[],"score":118,"play_id":"ad715e77-b71b-460e-a6d1-52aac484c3a0","local_time":"20181028130452","is_ascension_mode":true,"campfire_choices":[{"data":"Perfected Strike","floor":6,"key":"SMITH"},{"data":"Entrench","floor":12,"key":"SMITH"},{"data":"Entrench","floor":15,"key":"SMITH"}],"neow_cost":"NONE","seed_source_timestamp":189070020066495,"circlet_count":0,"master_deck":["Strike_R","Strike_R","Strike_R","Strike_R","Strike_R","Defend_R","Defend_R","Defend_R","Defend_R","Bash","Finesse","Perfected Strike+1","Power Through","Entrench+1","Flame Barrier","Entrench+1"],"relics":["Burning Blood","Bronze Scales","Bag of Marbles"],"potions_floor_usage":[2,10,16,16],"damage_taken":[{"damage":4,"enemies":"Jaw Worm","floor":1,"turns":4},{"damage":1,"enemies":"2 Louse","floor":2,"turns":2},{"damage":0,"enemies":"Small Slimes","floor":5,"turns":3},{"damage":17,"enemies":"Exordium Thugs","floor":7,"turns":3},{"damage":13,"enemies":"Large Slime","floor":8,"turns":6},{"damage":2,"enemies":"Looter","floor":10,"turns":2},{"damage":6,"enemies":"Exordium Thugs","floor":11,"turns":6},{"damage":11,"enemies":"Lots of Slimes","floor":13,"turns":4},{"damage":0,"enemies":"Looter","floor":14,"turns":2},{"damage":68,"enemies":"Slime Boss","floor":16,"turns":13}],"seed_played":"4728602669945293292","potions_obtained":[{"floor":1,"key":"Strength Potion"},{"floor":8,"key":"Dexterity Potion"},{"floor":11,"key":"PowerPotion"},{"floor":14,"key":"Explosive Potion"}],"is_trial":false,"path_per_floor":["M","M","$","?","M","R","M","M","T","M","M","R","M","M","R"],"character_chosen":"IRONCLAD","items_purchased":["Finesse"],"campfire_rested":0,"item_purchase_floors":[3],"current_hp_per_floor":[80,80,80,80,80,80,69,62,62,66,66,66,61,67,67,0],"gold":156,"neow_bonus":"RANDOM_COMMON_RELIC","is_prod":false,"is_daily":false,"chose_seed":false,"campfire_upgraded":3,"win_rate":0,"timestamp":1540742692,"path_taken":["M","M","$","?","?","R","M","M","T","M","M","R","M","M","R","BOSS"],"build_version":"2018-10-25v2","purchased_purges":0,"victory":false,"max_hp_per_floor":[80,80,80,80,80,80,80,80,80,80,80,80,80,80,80,80],"card_choices":[{"not_picked":["Rupture","Havoc","Thunderclap"],"picked":"SKIP","floor":1},{"not_picked":["Rupture","Reckless Charge","Warcry"],"picked":"SKIP","floor":2},{"not_picked":["Twin Strike","Thunderclap"],"picked":"Perfected Strike","floor":5},{"not_picked":["True Grit","Body Slam","Iron Wave"],"picked":"SKIP","floor":7},{"not_picked":["Cleave","Dual Wield","Twin Strike"],"picked":"SKIP","floor":8},{"not_picked":["Armaments","Thunderclap"],"picked":"Power Through","floor":10},{"not_picked":["Rage","Sword Boomerang"],"picked":"Entrench","floor":11},{"not_picked":["Blood for Blood","Havoc"],"picked":"Flame Barrier","floor":13},{"not_picked":["Cleave","Demon Form"],"picked":"Entrench","floor":14}],"player_experience":356783,"relics_obtained":[{"floor":9,"key":"Bag of Marbles"}],"event_choices":[{"damage_healed":0,"gold_gain":0,"player_choice":"Leave","damage_taken":0,"max_hp_gain":0,"max_hp_loss":0,"event_name":"The Cleric","floor":4,"gold_loss":0}],"is_beta":false,"boss_relics":[],"items_purged_floors":[],"is_endless":false,"potions_floor_spawned":[1,8,11,14],"killed_by":"Slime Boss","ascension_level":4}