{"gold_per_floor":[118,118,135,4,17,44,58,58,84,101,101,129,139,169,169,243,243,259,273,223,237,207,207,242,2,26,26,39,72,0,25,25,97,97,110,125,136,136,136,136,30,30,81,81,97,17,44,44,44,44,44],"floor_reached":51,"playtime":3461,"items_purged":["Strike_G","Strike_G"],"score":1406,"play_id":"de0c9133-0099-4704-b25e-43ffa9ba6b88","local_time":"20181125005213","is_ascension_mode":true,"campfire_choices":[{"data":"Dash","floor":8,"key":"SMITH"},{"floor":11,"key":"REST"},{"data":"Dagger Spray","floor":15,"key":"SMITH"},{"data":"Dash","floor":23,"key":"SMITH"},{"floor":27,"key":"REST"},{"floor":32,"key":"REST"},{"data":"Malaise","floor":40,"key":"SMITH"},{"data":"Malaise","floor":42,"key":"SMITH"},{"data":"Doppelganger","floor":44,"key":"SMITH"},{"floor":49,"key":"RECALL"}],"neow_cost":"NONE","seed_source_timestamp":43491406626277,"circlet_count":0,"master_deck":["AscendersBane","Defend_G","Defend_G","Defend_G","Defend_G","Defend_G","Strike_G+1","Strike_G","Strike_G","Survivor","Neutralize","Flying Knee","Dash+1","Predator+1","Terror","Finisher","Dagger Spray+1","Malaise+1","Skewer","Dash+1","Well Laid Plans","Dagger Spray+1","Quick Slash+1","Malaise+1","Skewer+1","Backstab+1","Doppelganger+1","Backflip","Backflip","Sucker Punch+1"],"relics":["Ring of the Snake","Bag of Marbles","Happy Flower","Bag of Preparation","Lantern","Velvet Choker","Molten Egg 2","Membership Card","Whetstone","Regal Pillow","Centennial Puzzle","Cursed Key","Omamori","Potion Belt","Pocketwatch"],"potions_floor_usage":[6,12,14,16,21,24,24,33,37,47,50,51],"damage_taken":[{"damage":3,"enemies":"Small Slimes","floor":1,"turns":4},{"damage":1,"enemies":"Cultist","floor":3,"turns":5},{"damage":0,"enemies":"2 Louse","floor":5,"turns":4},{"damage":37,"enemies":"Gremlin Nob","floor":6,"turns":6},{"damage":3,"enemies":"Lots of Slimes","floor":7,"turns":4},{"damage":0,"enemies":"Blue Slaver","floor":10,"turns":3},{"damage":16,"enemies":"3 Sentries","floor":12,"turns":9},{"damage":6,"enemies":"3 Louse","floor":13,"turns":3},{"damage":10,"enemies":"Lagavulin","floor":14,"turns":4},{"damage":35,"enemies":"Slime Boss","floor":16,"turns":11},{"damage":2,"enemies":"3 Byrds","floor":18,"turns":4},{"damage":1,"enemies":"Shell Parasite","floor":19,"turns":6},{"damage":9,"enemies":"Chosen and Byrds","floor":21,"turns":4},{"damage":17,"enemies":"Gremlin Leader","floor":24,"turns":8},{"damage":0,"enemies":"Snecko","floor":28,"turns":3},{"damage":11,"enemies":"Slavers","floor":29,"turns":5},{"damage":8,"enemies":"Gremlin Leader","floor":31,"turns":6},{"damage":51,"enemies":"Automaton","floor":33,"turns":10},{"damage":0,"enemies":"Orb Walker","floor":35,"turns":1},{"damage":1,"enemies":"3 Darklings","floor":36,"turns":4},{"damage":2,"enemies":"Spire Growth","floor":37,"turns":3},{"damage":0,"enemies":"Transient","floor":45,"turns":6},{"damage":21,"enemies":"Nemesis","floor":47,"turns":7},{"damage":30,"enemies":"Time Eater","floor":50,"turns":15},{"damage":24,"enemies":"Donu and Deca","floor":51,"turns":4}],"seed_played":"8249712265291085302","potions_obtained":[{"floor":3,"key":"PowerPotion"},{"floor":10,"key":"Poison Potion"},{"floor":12,"key":"Block Potion"},{"floor":14,"key":"Regen Potion"},{"floor":22,"key":"GamblersBrew"},{"floor":22,"key":"EssenceOfSteel"},{"floor":24,"key":"Swift Potion"},{"floor":29,"key":"FearPotion"},{"floor":33,"key":"AttackPotion"},{"floor":47,"key":"Block Potion"}],"is_trial":false,"path_per_floor":["M","?","M","$","M","E","M","R","T","M","R","E","M","E","R","B",null,"M","M","?","M","?","R","E","$","T","R","M","E","$","E","R","B",null,"M","M","M","?","?","R","$","R","T","R","M","$","E","?","R","B","B"],"character_chosen":"THE_SILENT","items_purchased":["Dexterity Potion","Membership Card","Dagger Spray+1","Skewer+1","Omamori","AttackPotion","Potion Belt"],"campfire_rested":3,"item_purchase_floors":[4,25,25,30,41,41,46],"current_hp_per_floor":[56,76,75,75,75,38,35,35,35,35,57,41,35,25,25,5,58,56,55,55,46,46,46,29,29,29,51,51,40,40,32,69,18,62,62,61,59,59,59,59,59,59,59,59,59,59,38,38,38,8,0],"gold":44,"neow_bonus":"ONE_RANDOM_RARE_CARD","is_prod":false,"is_daily":false,"chose_seed":false,"campfire_upgraded":6,"win_rate":0,"timestamp":1543103533,"path_taken":["M","?","M","$","?","E","M","R","T","M","R","E","M","E","R","BOSS","M","M","?","?","?","R","E","$","T","R","M","E","$","E","R","BOSS","M","?","M","?","?","R","$","R","T","R","M","$","E","?","R","BOSS","BOSS"],"build_version":"2018-11-15","purchased_purges":2,"victory":false,"max_hp_per_floor":[66,76,76,76,76,76,76,76,76,76,76,76,76,76,76,76,76,76,76,76,76,76,76,76,76,76,76,76,76,76,76,76,76,76,76,76,76,72,72,72,72,72,72,72,72,72,72,72,72,72,72],"card_choices":[{"not_picked":["Blade Dance","Riddle With Holes"],"picked":"Flying Knee","floor":1},{"not_picked":["Backflip","Deadly Poison"],"picked":"Dash","floor":3},{"not_picked":["Prepared","Flechettes","Bane"],"picked":"SKIP","floor":5},{"not_picked":["Skewer","Poisoned Stab"],"picked":"Predator","floor":6},{"not_picked":["PiercingWail","Skewer","Deflect"],"picked":"SKIP","floor":7},{"not_picked":["Dagger Throw","Underhanded Strike"],"picked":"Terror","floor":10},{"not_picked":["Riddle With Holes","Deadly Poison"],"picked":"Finisher","floor":12},{"not_picked":["PiercingWail","Sucker Punch"],"picked":"Dagger Spray","floor":13},{"not_picked":["Well Laid Plans","Dodge and Roll"],"picked":"Malaise","floor":14},{"not_picked":["Noxious Fumes","Poisoned Stab","Accuracy"],"picked":"SKIP","floor":18},{"not_picked":["Flying Knee","Dodge and Roll"],"picked":"Skewer","floor":19},{"not_picked":["Cloak And Dagger","Bullet Time"],"picked":"Dash","floor":21},{"not_picked":["Underhanded Strike","Outmaneuver"],"picked":"Well Laid Plans","floor":24},{"not_picked":["Outmaneuver+1","Blade Dance"],"picked":"Quick Slash+1","floor":28},{"not_picked":["Crippling Poison+1","Expertise"],"picked":"Malaise","floor":29},{"not_picked":["Deadly Poison","Slice+1"],"picked":"Backstab+1","floor":31},{"not_picked":["A Thousand Cuts","Bullet Time"],"picked":"Doppelganger","floor":33},{"not_picked":["Sucker Punch+1","Expertise"],"picked":"Backflip","floor":35},{"not_picked":["Cloak And Dagger","Prepared+1"],"picked":"Backflip","floor":36},{"not_picked":["Acrobatics","Slice+1"],"picked":"Sucker Punch+1","floor":37},{"not_picked":["Prepared","Dodge and Roll"],"picked":"Flying Knee+1","floor":45},{"not_picked":["Calculated Gamble+1","Cloak And Dagger","Dagger Spray+1"],"picked":"SKIP","floor":47}],"player_experience":612002,"relics_obtained":[{"floor":6,"key":"Bag of Marbles"},{"floor":9,"key":"Happy Flower"},{"floor":12,"key":"Bag of Preparation"},{"floor":14,"key":"Lantern"},{"floor":24,"key":"Molten Egg 2"},{"floor":26,"key":"Whetstone"},{"floor":29,"key":"Regal Pillow"},{"floor":31,"key":"Centennial Puzzle"},{"floor":47,"key":"Pocketwatch"}],"event_choices":[{"cards_removed":["A Thousand Cuts"],"damage_healed":10,"gold_gain":0,"player_choice":"Offered Rare","damage_taken":0,"max_hp_gain":10,"max_hp_loss":0,"event_name":"Bonfire Elementals","floor":2,"gold_loss":0},{"damage_healed":0,"gold_gain":0,"player_choice":"Bet on Owner","damage_taken":0,"max_hp_gain":0,"max_hp_loss":0,"event_name":"The Joust","floor":20,"gold_loss":50},{"damage_healed":0,"gold_gain":0,"player_choice":"Bought 2 Potions","damage_taken":0,"max_hp_gain":0,"max_hp_loss":0,"event_name":"The Woman in Blue","floor":22,"gold_loss":0},{"damage_healed":0,"gold_gain":0,"player_choice":"Max HP","damage_taken":0,"max_hp_gain":0,"max_hp_loss":4,"event_name":"Winding Halls","floor":38,"gold_loss":0},{"damage_healed":0,"gold_gain":0,"player_choice":"Ignored","damage_taken":0,"max_hp_gain":0,"max_hp_loss":0,"event_name":"Tomb of Lord Red Mask","floor":39,"gold_loss":0},{"cards_removed":["Flying Knee"],"damage_healed":0,"gold_gain":0,"player_choice":"Removed Attack","damage_taken":0,"max_hp_gain":0,"max_hp_loss":0,"event_name":"Falling","floor":48,"gold_loss":0}],"is_beta":false,"boss_relics":[{"not_picked":["WristBlade","Ectoplasm"],"picked":"Velvet Choker"},{"not_picked":["Lizard Tail","Empty Cage"],"picked":"Cursed Key"}],"items_purged_floors":[4,30],"is_endless":false,"potions_floor_spawned":[3,10,12,14,24,29,33,36,47],"killed_by":"Donu and Deca","ascension_level":20}