{"gold_per_floor":[109,129,104,29,41,41,41,72,72,42,42,62,92,92,92,182,182,205,205,120,141,41,41,91,104,182,223,247,265,265,285,285,379,379,399,12,345,356,370,401,401],"floor_reached":41,"playtime":2187,"items_purged":["Strike_B","Pain","Strike_B"],"score":977,"play_id":"03752a46-0812-47e2-9914-eb4e45634180","local_time":"20190420200503","is_ascension_mode":true,"campfire_choices":[{"data":"Zap","floor":6.0,"key":"SMITH"},{"data":"Static Discharge","floor":11.0,"key":"SMITH"},{"data":"Coolheaded","floor":15.0,"key":"SMITH"},{"data":"Creative AI","floor":23.0,"key":"SMITH"},{"data":"Auto Shields","floor":30.0,"key":"SMITH"},{"data":"Defend_B","floor":32.0,"key":"SMITH"}],"neow_cost":"NONE","seed_source_timestamp":25701092910013,"circlet_count":0,"master_deck":["AscendersBane","Strike_B","Strike_B","Defend_B","Defend_B","Defend_B","Defend_B+1","Zap+1","Dualcast","Rebound","Gash","Coolheaded+1","Auto Shields+1","Static Discharge+1","Gash","Self Repair","Rebound","Creative AI+1","BootSequence","Sweeping Beam+1","Hologram","Hologram+1","Amplify","Go for the Eyes+1","Defragment+1"],"special_seed":0,"relics":["FrozenCore","Happy Flower","WarpedTongs","Ginger","Bird Faced Urn","Bronze Scales","Strawberry","Pantograph","Lantern","Nuclear Battery","Toxic Egg 2","Oddly Smooth Stone"],"potions_floor_usage":[40,41],"damage_taken":[{"damage":6.0,"enemies":"Cultist","floor":1.0,"turns":4.0},{"damage":7.0,"enemies":"Small Slimes","floor":2.0,"turns":4.0},{"damage":0.0,"enemies":"Jaw Worm","floor":5.0,"turns":3.0},{"damage":10.0,"enemies":"Lagavulin","floor":8.0,"turns":6.0},{"damage":8.0,"enemies":"Blue Slaver","floor":12.0,"turns":3.0},{"damage":6.0,"enemies":"3 Sentries","floor":13.0,"turns":3.0},{"damage":35.0,"enemies":"Hexaghost","floor":16.0,"turns":5.0},{"damage":24.0,"enemies":"Shell Parasite","floor":18.0,"turns":5.0},{"damage":6.0,"enemies":"3 Byrds","floor":21.0,"turns":3.0},{"damage":51.0,"enemies":"3 Cultists","floor":25.0,"turns":5.0},{"damage":27.0,"enemies":"Slavers","floor":27.0,"turns":4.0},{"damage":19.0,"enemies":"Snecko","floor":28.0,"turns":11.0},{"damage":19.0,"enemies":"Snake Plant","floor":29.0,"turns":5.0},{"damage":17.0,"enemies":"Sentry and Sphere","floor":31.0,"turns":5.0},{"damage":28.0,"enemies":"Automaton","floor":33.0,"turns":12.0},{"damage":8,"enemies":"3 Shapes","floor":35,"turns":5},{"damage":32,"enemies":"3 Darklings","floor":38,"turns":5},{"damage":38,"enemies":"Spire Growth","floor":39,"turns":5},{"damage":67,"enemies":"Reptomancer","floor":40,"turns":8},{"damage":30,"enemies":"Transient","floor":41,"turns":3}],"seed_played":"7466692176335598413","potions_obtained":[{"floor":5.0,"key":"SkillPotion"},{"floor":12.0,"key":"AttackPotion"},{"floor":16.0,"key":"Regen Potion"},{"floor":27.0,"key":"Regen Potion"},{"floor":28.0,"key":"Block Potion"},{"floor":31.0,"key":"Energy Potion"},{"floor":33.0,"key":"FearPotion"},{"floor":40,"key":"EssenceOfSteel"}],"is_trial":false,"path_per_floor":["M","M","$","$","M","R","?","E","T","$","R","M","E","?","R","B",null,"M","?","?","M","$","R","?","M","T","E","M","M","R","M","R","B",null,"M","$","?","M","M","E","M"],"character_chosen":"DEFECT","items_purchased":["Coolheaded","Gash","Toxic Egg 2"],"campfire_rested":0,"item_purchase_floors":[3,10,36],"current_hp_per_floor":[58,51,51,51,51,51,51,41,41,41,41,35,43,43,43,22,54,49,49,56,61,61,61,61,37,37,23,44,42,42,40,40,71,71,71,71,71,57,52,23,0],"gold":401,"neow_bonus":"RANDOM_COMMON_RELIC","is_prod":false,"is_daily":false,"chose_seed":false,"campfire_upgraded":6,"win_rate":0,"timestamp":1555783503,"path_taken":["M","M","?","$","M","R","?","E","T","$","R","?","E","?","R","BOSS","M","?","?","M","$","R","?","M","T","E","?","M","R","M","R","BOSS","M","$","?","M","M","E","M"],"build_version":"2019-01-23","purchased_purges":3,"victory":false,"max_hp_per_floor":[71,71,71,71,71,71,71,71,71,71,71,71,71,64,64,64,64,64,64,71,71,71,71,71,71,71,71,71,71,71,71,71,71,71,71,71,71,71,71,71,71],"card_choices":[{"not_picked":["Go for the Eyes","Conserve Battery"],"picked":"Rebound","floor":1.0},{"not_picked":["Rainbow","Lockon"],"picked":"Gash","floor":2.0},{"not_picked":["Tempest","Turbo"],"picked":"Auto Shields","floor":5.0},{"not_picked":["Capacitor","Go for the Eyes"],"picked":"Static Discharge","floor":8.0},{"not_picked":["Conserve Battery","Turbo"],"picked":"Self Repair","floor":12.0},{"not_picked":["Steam","Compile Driver"],"picked":"Rebound","floor":13.0},{"not_picked":["All For One","Meteor Strike"],"picked":"Creative AI","floor":16.0},{"not_picked":["Sunder+1","Barrage"],"picked":"BootSequence","floor":18.0},{"not_picked":["Self Repair","Ball Lightning"],"picked":"Sweeping Beam+1","floor":21.0},{"not_picked":["Ball Lightning","Beam Cell+1"],"picked":"Hologram","floor":25.0},{"not_picked":["Reinforced Body","Stack+1","Rebound"],"picked":"SKIP","floor":27.0},{"not_picked":["Chill","Go for the Eyes","Steam"],"picked":"SKIP","floor":28.0},{"not_picked":["Conserve Battery","Barrage","Steam Power"],"picked":"SKIP","floor":29.0},{"not_picked":["Streamline","Hyperbeam"],"picked":"Hologram+1","floor":31.0},{"not_picked":["Rainbow","Fission"],"picked":"Amplify","floor":33.0},{"not_picked":["Redo","Ball Lightning","Go for the Eyes"],"picked":"SKIP","floor":35},{"not_picked":["Hologram+1","Conserve Battery+1"],"picked":"Go for the Eyes+1","floor":38},{"not_picked":["Gash","Barrage"],"picked":"Defragment+1","floor":39},{"not_picked":["Darkness+1","Streamline","Aggregate+1"],"picked":"SKIP","floor":40}],"player_experience":1188255,"relics_obtained":[{"floor":8.0,"key":"Ginger"},{"floor":9.0,"key":"Bird Faced Urn"},{"floor":13.0,"key":"Bronze Scales"},{"floor":26.0,"key":"Pantograph"},{"floor":27.0,"key":"Lantern"},{"floor":40,"key":"Oddly Smooth Stone"}],"event_choices":[{"damage_healed":0.0,"max_hp_gain":0.0,"max_hp_loss":0.0,"gold_gain":0.0,"event_name":"Accursed Blacksmith","player_choice":"Rummage","floor":7.0,"gold_loss":0.0,"damage_taken":0.0,"relics_obtained":["WarpedTongs"],"cards_obtained":["Pain"]},{"damage_healed":0.0,"max_hp_gain":0.0,"max_hp_loss":7.0,"gold_gain":0.0,"event_name":"Golden Idol","player_choice":"Lose Max HP","floor":14.0,"gold_loss":0.0,"damage_taken":0.0,"relics_obtained":["Golden Idol"]},{"damage_healed":0.0,"max_hp_gain":0.0,"max_hp_loss":0.0,"gold_gain":0.0,"event_name":"Vampires","player_choice":"Ignored","floor":19.0,"gold_loss":0.0,"damage_taken":0.0},{"damage_healed":0.0,"max_hp_gain":0.0,"max_hp_loss":0.0,"gold_gain":0.0,"event_name":"Addict","player_choice":"Obtained Relic","floor":20.0,"gold_loss":85.0,"damage_taken":0.0,"relics_obtained":["Strawberry"]},{"damage_healed":0.0,"max_hp_gain":0.0,"max_hp_loss":0.0,"gold_gain":50.0,"event_name":"Nest","player_choice":"Stole From Cult","floor":24.0,"gold_loss":0.0,"damage_taken":0.0},{"damage_healed":0,"gold_gain":333,"player_choice":"Gave Idol","damage_taken":0,"max_hp_gain":0,"max_hp_loss":0,"event_name":"The Moai Head","floor":37,"relics_lost":["Golden Idol"],"gold_loss":0}],"is_beta":false,"boss_relics":[{"not_picked":["Calling Bell","Tiny House"],"picked":"FrozenCore"},{"not_picked":["Black Star","Empty Cage"],"picked":"Nuclear Battery"}],"items_purged_floors":[4,22,36],"is_endless":false,"potions_floor_spawned":[5,12,16,27,28,31,33,40],"killed_by":"Transient","ascension_level":20}