{"gold_per_floor":[114,289,214,214,214,255,255,296,319,319,319,332,345,445,445,544,544,564,582,582,681,206,242,242,242,320,320,336,370,370,202,202,298,298,321,654,430,430,442,442,477,477],"floor_reached":42,"playtime":2254,"items_purged":["Doubt","Strike_R"],"score":918,"play_id":"52725931-fb43-4b9e-9b72-c9926ca177ef","local_time":"20190507092256","is_ascension_mode":true,"campfire_choices":[{"data":"Havoc","floor":7,"key":"SMITH"},{"data":"Uppercut","floor":10,"key":"SMITH"},{"data":"True Grit","floor":15,"key":"SMITH"},{"data":"Juggernaut","floor":24,"key":"SMITH"},{"floor":27,"key":"REST"},{"data":"Metallicize","floor":30,"key":"SMITH"},{"data":"Evolve","floor":32,"key":"SMITH"},{"data":"Trip","floor":40,"key":"SMITH"}],"neow_cost":"NONE","seed_source_timestamp":1620826858564218,"circlet_count":0,"master_deck":["AscendersBane","Strike_R","Strike_R","Strike_R","Strike_R","Defend_R","Defend_R","Defend_R","Defend_R","Bash","Metallicize+1","Havoc+1","Uppercut+1","Battle Trance","Impervious","True Grit+1","Juggernaut+1","Sever Soul","Inflame","Evolve+1","Trip+1","Second Wind+1"],"relics":["Burning Blood","NeowsBlessing","Dead Branch","Bag of Marbles","Juzu Bracelet","Busted Crown","Nilry\u0027s Codex","Anchor","Bag of Preparation","Pen Nib","MutagenicStrength","Bottled Flame","Sundial","Black Star","Bronze Scales","Molten Egg 2","Ancient Tea Set"],"potions_floor_usage":[18,23,28,33,33,42],"damage_taken":[{"damage":0,"enemies":"2 Louse","floor":1,"turns":1},{"damage":0,"enemies":"Gremlin Nob","floor":6,"turns":1},{"damage":0,"enemies":"3 Sentries","floor":8,"turns":2},{"damage":1,"enemies":"Small Slimes","floor":12,"turns":3},{"damage":0,"enemies":"Cultist","floor":13,"turns":2},{"damage":16,"enemies":"The Guardian","floor":16,"turns":11},{"damage":14,"enemies":"3 Byrds","floor":18,"turns":6},{"damage":10,"enemies":"2 Thieves","floor":19,"turns":5},{"damage":6,"enemies":"Gremlin Leader","floor":23,"turns":2},{"damage":0,"enemies":"Snake Plant","floor":28,"turns":3},{"damage":15,"enemies":"Slavers","floor":29,"turns":5},{"damage":6,"enemies":"Champ","floor":33,"turns":8},{"damage":0,"enemies":"Orb Walker","floor":35,"turns":3},{"damage":16,"enemies":"3 Darklings","floor":39,"turns":6},{"damage":72,"enemies":"Giant Head","floor":41,"turns":8},{"damage":24,"enemies":"Maw","floor":42,"turns":5}],"seed_played":"-3593428171904364609","potions_obtained":[{"floor":6,"key":"Ancient Potion"},{"floor":12,"key":"AttackPotion"},{"floor":19,"key":"PowerPotion"},{"floor":23,"key":"GamblersBrew"},{"floor":29,"key":"PowerPotion"},{"floor":41,"key":"Fire Potion"}],"is_trial":false,"path_per_floor":["M","?","$","?","?","E","R","E","T","R","?","M","M","?","R","B",null,"M","M","?","?","$","E","R","?","T","R","M","E","R","$","R","B",null,"M","?","$","?","M","R","E","M"],"character_chosen":"IRONCLAD","items_purchased":["Anchor","Inflame","Bag of Preparation","Evolve","Trip","Bronze Scales","Second Wind"],"campfire_rested":1,"item_purchase_floors":[22,22,22,31,31,37,37],"current_hp_per_floor":[78,78,78,58,63,69,69,75,75,75,75,80,85,85,85,75,83,75,71,55,55,55,55,55,55,55,80,85,76,76,76,76,76,83,85,85,85,85,75,75,9,0],"gold":477,"neow_bonus":"THREE_ENEMY_KILL","is_prod":false,"is_daily":false,"chose_seed":false,"campfire_upgraded":7,"win_rate":0,"timestamp":1557231776,"path_taken":["M","?","$","?","?","E","R","E","T","R","?","M","M","?","R","BOSS","M","M","?","?","?","E","R","?","T","R","M","E","R","$","R","BOSS","M","?","$","?","M","R","E","M"],"build_version":"2019-01-23","purchased_purges":2,"victory":false,"max_hp_per_floor":[80,80,80,80,85,85,85,85,85,85,85,85,85,85,85,85,85,85,85,85,85,85,85,85,85,85,85,85,85,85,85,85,85,85,85,85,85,85,85,85,85,85],"card_choices":[{"not_picked":["Twin Strike","Pommel Strike"],"picked":"Metallicize","floor":1},{"not_picked":["Clash","Spot Weakness"],"picked":"Havoc","floor":6},{"not_picked":["Seeing Red","Flex"],"picked":"Uppercut","floor":8},{"not_picked":["Fire Breathing","Wild Strike"],"picked":"Impervious","floor":12},{"not_picked":["Armaments","Perfected Strike"],"picked":"True Grit","floor":13},{"not_picked":["Offering","Immolate"],"picked":"Juggernaut","floor":16},{"not_picked":[],"picked":"Sever Soul","floor":18},{"not_picked":["Spot Weakness"],"picked":"SKIP","floor":19},{"not_picked":["Fiend Fire"],"picked":"SKIP","floor":23},{"not_picked":["Thunderclap+1"],"picked":"SKIP","floor":28},{"not_picked":["Carnage"],"picked":"SKIP","floor":29},{"not_picked":["Clothesline+1"],"picked":"SKIP","floor":35},{"not_picked":["Iron Wave"],"picked":"SKIP","floor":39},{"not_picked":["Sword Boomerang"],"picked":"SKIP","floor":41}],"player_experience":710087,"relics_obtained":[{"floor":6,"key":"Dead Branch"},{"floor":8,"key":"Bag of Marbles"},{"floor":9,"key":"Juzu Bracelet"},{"floor":20,"key":"Nilry\u0027s Codex"},{"floor":23,"key":"Pen Nib"},{"floor":26,"key":"Bottled Flame"},{"floor":29,"key":"Sundial"},{"floor":41,"key":"Molten Egg 2"},{"floor":41,"key":"Ancient Tea Set"}],"event_choices":[{"damage_healed":0,"gold_gain":175,"player_choice":"AGREE","damage_taken":0,"max_hp_gain":0,"max_hp_loss":0,"event_name":"Liars Game","floor":2,"gold_loss":0,"cards_obtained":["Doubt"]},{"damage_healed":0,"gold_gain":0,"player_choice":"Take Damage","damage_taken":20,"relics_obtained":["Golden Idol"],"max_hp_gain":0,"max_hp_loss":0,"event_name":"Golden Idol","floor":4,"gold_loss":0},{"damage_healed":0,"gold_gain":0,"player_choice":"Donut","damage_taken":0,"max_hp_gain":5,"max_hp_loss":0,"event_name":"Big Fish","floor":5,"gold_loss":0},{"damage_healed":0,"gold_gain":0,"player_choice":"1 cards matched","damage_taken":0,"max_hp_gain":0,"max_hp_loss":0,"event_name":"Match and Keep!","floor":11,"gold_loss":0,"cards_obtained":["Battle Trance"]},{"damage_healed":0,"gold_gain":100,"player_choice":"Pray","damage_taken":0,"max_hp_gain":0,"max_hp_loss":0,"event_name":"Golden Shrine","floor":14,"gold_loss":0},{"damage_healed":0,"gold_gain":0,"player_choice":"Obtained Book","damage_taken":16,"max_hp_gain":0,"max_hp_loss":0,"event_name":"Cursed Tome","floor":20,"gold_loss":0},{"damage_healed":0,"gold_gain":99,"player_choice":"Stole From Cult","damage_taken":0,"max_hp_gain":0,"max_hp_loss":0,"event_name":"Nest","floor":21,"gold_loss":0},{"damage_healed":0,"gold_gain":0,"player_choice":"Inject Mutagens","damage_taken":0,"relics_obtained":["MutagenicStrength"],"max_hp_gain":0,"max_hp_loss":0,"event_name":"Drug Dealer","floor":25,"gold_loss":0},{"damage_healed":0,"gold_gain":333,"player_choice":"Gave Idol","damage_taken":0,"max_hp_gain":0,"max_hp_loss":0,"event_name":"The Moai Head","floor":36,"relics_lost":["Golden Idol"],"gold_loss":0},{"damage_healed":0,"gold_gain":0,"player_choice":"Forge","damage_taken":0,"max_hp_gain":0,"max_hp_loss":0,"event_name":"Accursed Blacksmith","floor":38,"gold_loss":0,"cards_upgraded":["Second Wind"]}],"is_beta":false,"boss_relics":[{"not_picked":["Tiny House","Runic Cube"],"picked":"Busted Crown"},{"not_picked":["Sozu","Velvet Choker"],"picked":"Black Star"}],"items_purged_floors":[3,22],"is_endless":false,"potions_floor_spawned":[6,12,16,19,23,29,41],"killed_by":"Maw","ascension_level":13}