{"gold_per_floor":[109,122,141,141,141,203,203,238,264,229,241,241,241,269,269,269],"floor_reached":16,"playtime":698,"items_purged":[],"score":224,"play_id":"06b1876b-bedd-4952-a615-7e457095d37e","local_time":"20190612142856","is_ascension_mode":true,"campfire_choices":[{"floor":7,"key":"REST"},{"floor":12,"key":"REST"},{"floor":15,"key":"REST"}],"neow_cost":"NONE","seed_source_timestamp":2184405083243664,"circlet_count":0,"master_deck":["AscendersBane","Strike_R","Strike_R+1","Strike_R","Strike_R+1","Strike_R","Defend_R","Defend_R","Defend_R","Defend_R","Bash","Panacea+1","Shockwave","Rampage+1","True Grit","Impervious+1","Disarm+1","Intimidate"],"relics":["Burning Blood","Tiny Chest","Whetstone","Bag of Marbles","Ornamental Fan","War Paint"],"potions_floor_usage":[6,8,11],"damage_taken":[{"damage":2,"enemies":"2 Louse","floor":1,"turns":2},{"damage":1,"enemies":"Small Slimes","floor":2,"turns":4},{"damage":7,"enemies":"Cultist","floor":3,"turns":4},{"damage":24,"enemies":"Gremlin Nob","floor":6,"turns":4},{"damage":46,"enemies":"3 Sentries","floor":8,"turns":9},{"damage":3,"enemies":"Exordium Wildlife","floor":11,"turns":7},{"damage":32,"enemies":"Gremlin Nob","floor":14,"turns":5},{"damage":36,"enemies":"Hexaghost","floor":16,"turns":14}],"seed_played":"2013813857819170586","potions_obtained":[{"floor":2,"key":"LiquidBronze"},{"floor":3,"key":"SteroidPotion"},{"floor":8,"key":"EssenceOfSteel"}],"is_trial":false,"path_per_floor":["M","M","M","?","?","E","R","E","T","?","M","R","?","E","R","B"],"character_chosen":"IRONCLAD","items_purchased":[],"campfire_rested":3,"item_purchase_floors":[],"current_hp_per_floor":[72,75,74,74,51,33,55,15,15,33,36,58,40,14,36,0],"gold":269,"neow_bonus":"RANDOM_COLORLESS","is_prod":false,"is_daily":false,"chose_seed":false,"campfire_upgraded":0,"win_rate":0,"timestamp":1560360536,"path_taken":["M","M","M","?","?","E","R","E","T","?","M","R","?","E","R","BOSS"],"build_version":"2019-01-23","purchased_purges":0,"victory":false,"max_hp_per_floor":[75,75,75,75,75,75,75,75,75,75,75,75,75,75,75,75],"card_choices":[{"not_picked":["Reckless Charge","Pommel Strike"],"picked":"Shockwave","floor":1},{"not_picked":["Heavy Blade","Burning Pact"],"picked":"Rampage","floor":2},{"not_picked":["Sword Boomerang","Anger"],"picked":"True Grit","floor":3},{"not_picked":["Havoc","Blood for Blood","Seeing Red"],"picked":"SKIP","floor":6},{"not_picked":["Clash","Fire Breathing"],"picked":"Impervious","floor":8},{"not_picked":["Headbutt","Shockwave"],"picked":"Disarm","floor":11},{"not_picked":["Warcry","Fire Breathing"],"picked":"Intimidate","floor":14}],"player_experience":1008910,"relics_obtained":[{"floor":6,"key":"Tiny Chest"},{"floor":8,"key":"Whetstone"},{"floor":9,"key":"Bag of Marbles"},{"floor":14,"key":"War Paint"}],"event_choices":[{"damage_healed":0,"gold_gain":0,"player_choice":"Ignored","damage_taken":0,"max_hp_gain":0,"max_hp_loss":0,"event_name":"Liars Game","floor":4,"gold_loss":0},{"damage_healed":0,"gold_gain":0,"player_choice":"Entered Light","damage_taken":23,"max_hp_gain":0,"max_hp_loss":0,"event_name":"Shining Light","floor":5,"gold_loss":0,"cards_upgraded":["Strike_R","Panacea"]},{"damage_healed":18,"gold_gain":0,"player_choice":"Healed","damage_taken":0,"max_hp_gain":0,"max_hp_loss":0,"event_name":"The Cleric","floor":10,"gold_loss":35},{"damage_healed":0,"gold_gain":0,"player_choice":"Success","damage_taken":18,"relics_obtained":["Ornamental Fan"],"max_hp_gain":0,"max_hp_loss":0,"event_name":"Scrap Ooze","floor":13,"gold_loss":0}],"is_beta":false,"boss_relics":[],"items_purged_floors":[],"is_endless":false,"potions_floor_spawned":[2,3,8],"killed_by":"Hexaghost","ascension_level":18}