{"gold_per_floor":[144,144,189,234,279,369,414,459,509,554,554,644,594,729,729,1029,1029,1074,1119,1119],"floor_reached":20,"playtime":808,"items_purged":[],"score":238,"play_id":"473b4423-f09b-411e-881c-dc93329a2d42","local_time":"20180705064635","daily_mods":["Allstar","Midas","Binary"],"is_ascension_mode":false,"campfire_choices":[{"floor":11,"key":"REST"},{"floor":15,"key":"REST"}],"neow_cost":"","seed_source_timestamp":0,"circlet_count":0,"master_deck":["Defend_G","Defend_G","Defend_G","Defend_G","Defend_G","Strike_G","Strike_G","Strike_G","Strike_G","Survivor+1","Neutralize","Swift Strike","Bandage Up","Jack Of All Trades","Flash of Steel+1","Enlightenment","Slice","Dagger Throw","Caltrops","Acrobatics","Dodge and Roll","Dash","Heel Hook","Caltrops","Deflect","Backstab","Glass Knife","Slice","Riddle With Holes+1"],"special_seed":17716,"relics":["Ring of the Snake","Bag of Marbles","Oddly Smooth Stone","Unceasing Top","Strawberry","White Beast Statue"],"potions_floor_usage":[6,12,16,16,20],"damage_taken":[{"damage":11,"enemies":"Jaw Worm","floor":1,"turns":4},{"damage":0,"enemies":"2 Louse","floor":3,"turns":2},{"damage":0,"enemies":"Cultist","floor":4,"turns":3},{"damage":2,"enemies":"2 Fungi Beasts","floor":5,"turns":3},{"damage":18,"enemies":"Gremlin Nob","floor":6,"turns":3},{"damage":0,"enemies":"Looter","floor":7,"turns":1},{"damage":5,"enemies":"3 Louse","floor":8,"turns":3},{"damage":0,"enemies":"Red Slaver","floor":10,"turns":3},{"damage":0,"enemies":"3 Sentries","floor":12,"turns":7},{"damage":2,"enemies":"3 Sentries","floor":14,"turns":8},{"damage":24,"enemies":"Hexaghost","floor":16,"turns":9},{"damage":15,"enemies":"2 Thieves","floor":18,"turns":4},{"damage":31,"enemies":"Chosen","floor":19,"turns":5},{"damage":41,"enemies":"Sentry and Sphere","floor":20,"turns":7}],"seed_played":"-71874081359169380","potions_obtained":[{"floor":3,"key":"FearPotion"},{"floor":5,"key":"LiquidBronze"},{"floor":6,"key":"AttackPotion"},{"floor":8,"key":"Swift Potion"},{"floor":12,"key":"GhostInAJar"},{"floor":14,"key":"Energy Potion"},{"floor":18,"key":"GamblersBrew"},{"floor":19,"key":"SkillPotion"}],"is_trial":false,"path_per_floor":["M","?","M","M","M","E","M","M","T","M","R","E","?","?","R","B",null,"M","M"],"character_chosen":"THE_SILENT","items_purchased":[],"campfire_rested":2,"item_purchase_floors":[],"current_hp_per_floor":[63,49,49,49,51,37,37,32,32,36,57,61,61,70,77,53,77,62,35,0],"gold":1119,"neow_bonus":"","is_prod":false,"is_daily":true,"chose_seed":false,"campfire_upgraded":0,"win_rate":0,"timestamp":1530729995,"path_taken":["M","?","M","M","M","E","M","?","T","M","R","E","?","?","R","BOSS","M","M","M"],"build_version":"2018-06-28","purchased_purges":0,"victory":false,"max_hp_per_floor":[70,70,70,70,70,70,70,70,70,70,70,70,70,77,77,77,77,77,77,77],"card_choices":[{"not_picked":["Prepared"],"picked":"Slice","floor":1},{"not_picked":["Endless Agony"],"picked":"Dagger Throw","floor":3},{"not_picked":["Deflect"],"picked":"Caltrops","floor":4},{"not_picked":["Cloak And Dagger"],"picked":"Acrobatics","floor":5},{"not_picked":["Deadly Poison"],"picked":"Dodge and Roll","floor":6},{"not_picked":["Night Terror"],"picked":"Dash","floor":7},{"not_picked":["Flechettes"],"picked":"Heel Hook","floor":8},{"not_picked":["Acrobatics"],"picked":"Caltrops","floor":10},{"not_picked":["Expertise"],"picked":"Deflect","floor":12},{"not_picked":["Slice"],"picked":"Backstab","floor":14},{"not_picked":["Unload"],"picked":"Glass Knife","floor":16},{"not_picked":["Outmaneuver"],"picked":"Slice","floor":18},{"not_picked":["Outmaneuver"],"picked":"Riddle With Holes+1","floor":19}],"player_experience":274088,"relics_obtained":[{"floor":6,"key":"Bag of Marbles"},{"floor":9,"key":"Oddly Smooth Stone"},{"floor":12,"key":"Unceasing Top"},{"floor":14,"key":"Strawberry"}],"event_choices":[{"event_name":"Shining Light","player_choice":"Entered Light","floor":2,"damage_taken":0},{"event_name":"The Cleric","player_choice":"Card Removal","floor":13,"damage_taken":0},{"event_name":"Dead Adventurer","player_choice":"Searched \u00271\u0027 times","floor":14,"damage_taken":0}],"boss_relics":[{"not_picked":["Runic Dome","Runic Pyramid"],"picked":"White Beast Statue"}],"items_purged_floors":[],"is_endless":false,"potions_floor_spawned":[3,5,6,8,12,14,18,19],"killed_by":"Sentry and Sphere","ascension_level":0}