{"gold_per_floor":[117,136,154,27,43,70,81,81,81,119,131,163,175,200,212,328,340,366,393,405],"floor_reached":20,"playtime":1939,"items_purged":["Strike_B"],"score":187,"play_id":"b3ef25b4-d184-4bb3-acae-712aef48b9d6","local_time":"20180924021531","is_ascension_mode":true,"campfire_choices":[{"data":"Hologram","floor":8.0,"key":"SMITH"},{"floor":13.0,"key":"REST"},{"data":"Darkness","floor":15.0,"key":"SMITH"}],"neow_cost":"","seed_source_timestamp":0,"circlet_count":0,"master_deck":["Strike_B","Strike_B","Strike_B","Defend_B","Defend_B","Defend_B","Defend_B","Zap","Dualcast","Leap+1","Chill","Streamline","Go for the Eyes","Hologram+1","Rebound","Darkness+1","Go for the Eyes","Redo","Reboot","Auto Shields"],"special_seed":0,"relics":["FrozenCore","Ornamental Fan","MawBank","Odd Mushroom"],"potions_floor_usage":[20,20],"damage_taken":[{"damage":8.0,"enemies":"2 Louse","floor":1.0,"turns":4.0},{"damage":1.0,"enemies":"Small Slimes","floor":2.0,"turns":3.0},{"damage":0.0,"enemies":"Cultist","floor":3.0,"turns":3.0},{"damage":4.0,"enemies":"Looter","floor":5.0,"turns":3.0},{"damage":20.0,"enemies":"Gremlin Nob","floor":6.0,"turns":4.0},{"damage":1.0,"enemies":"Exordium Wildlife","floor":7.0,"turns":5.0},{"damage":6.0,"enemies":"The Mushroom Lair","floor":10.0,"turns":6.0},{"damage":0.0,"enemies":"Lots of Slimes","floor":12.0,"turns":5.0},{"damage":0.0,"enemies":"Large Slime","floor":14.0,"turns":4.0},{"damage":6.0,"enemies":"Slime Boss","floor":16.0,"turns":7.0},{"damage":0,"enemies":"3 Byrds","floor":18,"turns":4},{"damage":1,"enemies":"Chosen","floor":19,"turns":4},{"damage":51,"enemies":"3 Cultists","floor":20,"turns":7}],"seed_played":"6723831273323181177","potions_obtained":[{"floor":5.0,"key":"SpeedPotion"},{"floor":7.0,"key":"FocusPotion"},{"floor":10.0,"key":"Ancient Potion"},{"floor":12.0,"key":"Poison Potion"},{"floor":14.0,"key":"Explosive Potion"},{"floor":19,"key":"Swift Potion"}],"is_trial":false,"path_per_floor":["M","M","M","$","M","E","M","R","T","?","?","M","R","M","R","B",null,"M","M"],"character_chosen":"DEFECT","items_purchased":["SkillPotion"],"campfire_rested":1,"item_purchase_floors":[4],"current_hp_per_floor":[67,66,66,66,62,42,41,41,41,35,35,35,57,57,57,51,75,75,74,23],"gold":405,"neow_bonus":"","is_prod":false,"is_daily":false,"chose_seed":false,"campfire_upgraded":2,"win_rate":0,"timestamp":1537769731,"path_taken":["M","M","M","$","M","E","M","R","T","?","?","M","R","M","R","BOSS","M","M","?"],"build_version":"2018-09-20","purchased_purges":1,"victory":false,"max_hp_per_floor":[75,75,75,75,75,75,75,75,75,75,75,75,75,75,75,75,75,75,75,75],"card_choices":[{"not_picked":["Beam Cell","Turbo"],"picked":"Leap","floor":1.0},{"not_picked":["Cold Snap","Steam"],"picked":"Chill","floor":2.0},{"not_picked":["Heatsinks","Echo Form"],"picked":"Streamline","floor":3.0},{"not_picked":["Sunder","Sweeping Beam"],"picked":"Go for the Eyes","floor":5.0},{"not_picked":["Leap","Recycle"],"picked":"Hologram","floor":6.0},{"not_picked":["Storm","Turbo"],"picked":"Rebound","floor":7.0},{"not_picked":["Cold Snap","Reinforced Body"],"picked":"Darkness","floor":10.0},{"not_picked":["Creative AI","Steam"],"picked":"Go for the Eyes","floor":12.0},{"not_picked":["Barrage","Cold Snap"],"picked":"Redo","floor":14.0},{"not_picked":["Hyperbeam","Meteor Strike"],"picked":"Reboot","floor":16.0},{"not_picked":["Scrape+1","Redo","Streamline+1"],"picked":"SKIP","floor":18},{"not_picked":["Redo+1","Hello World"],"picked":"Auto Shields","floor":19}],"player_experience":638099,"relics_obtained":[{"floor":6.0,"key":"Ornamental Fan"},{"floor":9.0,"key":"MawBank"},{"floor":10.0,"key":"Odd Mushroom"}],"event_choices":[{"event_name":"Mushrooms","player_choice":"Fought Mushrooms","floor":10.0,"damage_taken":0.0},{"event_name":"Living Wall","player_choice":"Grow","floor":11.0,"damage_taken":0.0}],"is_beta":false,"boss_relics":[{"not_picked":["Runic Dome","Coffee Dripper"],"picked":"FrozenCore"}],"items_purged_floors":[4],"is_endless":false,"potions_floor_spawned":[5,7,10,12,14,19],"killed_by":"3 Cultists","ascension_level":1}