{"gold_per_floor":[165,41,116,135,147,97,97,97,120,147,147,147,147,162,162,257,257,270,270,270,195,195,224,7,7],"floor_reached":25,"playtime":859,"items_purged":[],"score":301,"play_id":"48a3d702-5d1e-40dd-875a-c82c347602d8","local_time":"20190302170334","is_ascension_mode":true,"campfire_choices":[{"data":"Defragment","floor":7,"key":"SMITH"},{"data":"Coolheaded","floor":11,"key":"SMITH"},{"floor":15,"key":"REST"}],"neow_cost":"NONE","seed_source_timestamp":12273097997991,"circlet_count":0,"master_deck":["Defend_B","Defend_B","Zap+1","Dualcast","FTL","Rebound","Coolheaded+1","Defragment+1","Sweeping Beam","Ball Lightning","Glacier","Fission+1","Coolheaded","Thunder Strike","Skim","Auto Shields","Leap"],"relics":["Tiny House","Juzu Bracelet","Kunai","Busted Crown","Bottled Tornado","Chemical X"],"potions_floor_usage":[10,10,10,10,16,16,16,16,16],"damage_taken":[{"damage":0,"enemies":"Small Slimes","floor":1,"turns":3},{"damage":12,"enemies":"2 Louse","floor":4,"turns":4},{"damage":1,"enemies":"Cultist","floor":5,"turns":3},{"damage":21,"enemies":"3 Sentries","floor":10,"turns":5},{"damage":2,"enemies":"Large Slime","floor":14,"turns":5},{"damage":27,"enemies":"The Guardian","floor":16,"turns":9},{"damage":1,"enemies":"Shell Parasite","floor":18,"turns":5},{"damage":24,"enemies":"Gremlin Leader","floor":23,"turns":6},{"damage":24,"enemies":"Slavers","floor":25,"turns":1}],"seed_played":"5234402993367286965","potions_obtained":[{"floor":0,"key":"EntropicBrew"},{"floor":5,"key":"SpeedPotion"},{"floor":10,"key":"GamblersBrew"},{"floor":14,"key":"AttackPotion"},{"floor":23,"key":"Energy Potion"}],"is_trial":false,"path_per_floor":["M","$","?","M","M","?","R","?","T","E","R","?","?","M","R","B",null,"M","?","?","?","?","E","$","E"],"character_chosen":"DEFECT","items_purchased":["Coolheaded","Defragment","Chemical X","Leap"],"campfire_rested":1,"item_purchase_floors":[2,2,24,24],"current_hp_per_floor":[73,73,62,50,49,49,49,41,41,20,20,13,13,11,35,8,62,61,61,61,61,46,22,22,0],"gold":7,"neow_bonus":"BOSS_RELIC","is_prod":false,"is_daily":false,"chose_seed":false,"campfire_upgraded":2,"win_rate":0,"timestamp":1551499414,"path_taken":["M","$","?","M","M","?","R","?","T","E","R","?","?","M","R","BOSS","M","?","?","?","?","E","$","E"],"build_version":"2019-01-23","purchased_purges":0,"victory":false,"max_hp_per_floor":[80,80,80,80,80,80,80,80,80,80,80,80,80,80,80,80,80,80,80,80,80,85,85,85,85],"card_choices":[{"not_picked":["Beam Cell","Sweeping Beam"],"picked":"FTL","floor":0},{"not_picked":["Redo","Loop"],"picked":"Rebound","floor":1},{"not_picked":["Turbo","Barrage"],"picked":"Sweeping Beam","floor":4},{"not_picked":["Genetic Algorithm","Stack"],"picked":"Ball Lightning","floor":5},{"not_picked":["Self Repair","Steam Power"],"picked":"Glacier","floor":10},{"not_picked":["Barrage","Hologram"],"picked":"Coolheaded","floor":14},{"not_picked":["Machine Learning","Creative AI"],"picked":"Thunder Strike","floor":16},{"not_picked":["Steam"],"picked":"SKIP","floor":18},{"not_picked":["Doom and Gloom"],"picked":"SKIP","floor":23}],"player_experience":425198,"relics_obtained":[{"floor":9,"key":"Juzu Bracelet"},{"floor":10,"key":"Kunai"},{"floor":23,"key":"Bottled Tornado"}],"event_choices":[{"damage_healed":0,"gold_gain":75,"player_choice":"Gather Gold","damage_taken":11,"max_hp_gain":0,"max_hp_loss":0,"event_name":"World of Goop","floor":3,"gold_loss":0},{"cards_removed":["Strike_B"],"damage_healed":0,"gold_gain":0,"player_choice":"Card Removal","damage_taken":0,"max_hp_gain":0,"max_hp_loss":0,"event_name":"The Cleric","floor":6,"gold_loss":50},{"damage_healed":0,"gold_gain":0,"player_choice":"Damaged","damage_taken":8,"max_hp_gain":0,"max_hp_loss":0,"event_name":"Wheel of Change","floor":8,"gold_loss":0},{"cards_removed":["Strike_B"],"damage_healed":0,"gold_gain":0,"player_choice":"Card Removal","damage_taken":7,"max_hp_gain":0,"max_hp_loss":0,"event_name":"Golden Wing","floor":12,"gold_loss":0},{"damage_healed":0,"gold_gain":0,"cards_transformed":["Defend_B"],"player_choice":"Transformed","damage_taken":0,"max_hp_gain":0,"max_hp_loss":0,"event_name":"Transmorgrifier","floor":13,"gold_loss":0,"cards_obtained":["Fission"]},{"damage_healed":0,"gold_gain":0,"player_choice":"Forge","damage_taken":0,"max_hp_gain":0,"max_hp_loss":0,"event_name":"Accursed Blacksmith","floor":19,"gold_loss":0,"cards_upgraded":["Fission"]},{"damage_healed":0,"gold_gain":0,"cards_transformed":["Strike_B","Strike_B"],"player_choice":"Became Test Subject","damage_taken":0,"max_hp_gain":0,"max_hp_loss":0,"event_name":"Drug Dealer","floor":20,"gold_loss":0,"cards_obtained":["Skim","Auto Shields"]},{"cards_removed":["Defend_B"],"damage_healed":0,"gold_gain":0,"player_choice":"Gave Gold","damage_taken":0,"max_hp_gain":0,"max_hp_loss":0,"event_name":"Beggar","floor":21,"gold_loss":75},{"damage_healed":0,"gold_gain":0,"player_choice":"Shed Blood","damage_taken":20,"max_hp_gain":5,"max_hp_loss":0,"event_name":"Forgotten Altar","floor":22,"gold_loss":0}],"is_beta":false,"boss_relics":[{"not_picked":["White Beast Statue","Empty Cage"],"picked":"Busted Crown"}],"items_purged_floors":[],"is_endless":false,"potions_floor_spawned":[5,10,14,23],"killed_by":"Slavers","ascension_level":8}