{"gold_per_floor":[113,113,113,113,123,150,166,166,189,189,17,92,118,168,168,245,245,259,51,71,97,47,47,47,82,131,22,36,0,0,13,13,87,87,104,119,32,32,32,32,32,32,32,32,32,47,47,57,57,57],"floor_reached":50,"playtime":2479,"items_purged":["Strike_B","Defend_B","Strike_B+1"],"score":1099,"play_id":"28daa705-b7c3-4b4c-9cfe-5c1fe4ddf10a","local_time":"20190217160640","is_ascension_mode":true,"campfire_choices":[{"data":"Zap","floor":8.0,"key":"SMITH"},{"data":"Seek","floor":10.0,"key":"SMITH"},{"data":"Capacitor","floor":15.0,"key":"SMITH"},{"data":"Fission","floor":23.0,"key":"SMITH"},{"data":"Reinforced Body","floor":32,"key":"SMITH"},{"data":"Defragment","floor":40,"key":"SMITH"},{"data":"Biased Cognition","floor":42,"key":"SMITH"},{"data":"Panacea","floor":49,"key":"SMITH"}],"neow_cost":"NONE","seed_source_timestamp":0,"circlet_count":0,"master_deck":["AscendersBane","Defend_B","Defend_B","Defend_B","Zap+1","Dualcast","Ball Lightning","Seek+1","Doom and Gloom+1","Conserve Battery","Ball Lightning","Capacitor+1","Fission+1","Thunder Strike","Reinforced Body+1","Echo Form","Rebound","Reinforced Body","White Noise","Biased Cognition+1","Cold Snap","Compile Driver","Defragment+1","Parasite","Go for the Eyes+1","Panacea+1"],"special_seed":0,"relics":["Cracked Core","NeowsBlessing","Whetstone","Smiling Mask","Juzu Bracelet","Lantern","Philosopher\u0027s Stone","Boot","Incense Burner","Bag of Marbles","Cursed Key","Dodecahedron"],"potions_floor_usage":[50,50],"damage_taken":[{"damage":0.0,"enemies":"2 Louse","floor":1.0,"turns":1.0},{"damage":0.0,"enemies":"Small Slimes","floor":5.0,"turns":1.0},{"damage":0.0,"enemies":"3 Sentries","floor":6.0,"turns":1.0},{"damage":0.0,"enemies":"Cultist","floor":7.0,"turns":3.0},{"damage":7.0,"enemies":"Gremlin Nob","floor":13.0,"turns":3.0},{"damage":20.0,"enemies":"Hexaghost","floor":16.0,"turns":7.0},{"damage":17.0,"enemies":"Shell Parasite","floor":18.0,"turns":3.0},{"damage":0.0,"enemies":"Spheric Guardian","floor":20.0,"turns":3.0},{"damage":11.0,"enemies":"Colosseum Slavers","floor":24.0,"turns":3.0},{"damage":1.0,"enemies":"Gremlin Leader","floor":25.0,"turns":4.0},{"damage":4,"enemies":"Centurion and Healer","floor":28,"turns":5},{"damage":0,"enemies":"Snake Plant","floor":31,"turns":3},{"damage":0,"enemies":"Collector","floor":33,"turns":6},{"damage":5,"enemies":"3 Shapes","floor":35,"turns":9},{"damage":1,"enemies":"Orb Walker","floor":36,"turns":2},{"damage":1,"enemies":"Jaw Worm Horde","floor":46,"turns":5},{"damage":0,"enemies":"Maw","floor":48,"turns":9},{"damage":70,"enemies":"Time Eater","floor":50,"turns":7}],"seed_played":"7699679711024528935","potions_obtained":[{"floor":5.0,"key":"FocusPotion"},{"floor":6.0,"key":"Fire Potion"},{"floor":20.0,"key":"Block Potion"},{"floor":25.0,"key":"Dexterity Potion"}],"is_trial":false,"path_per_floor":["M","?","?","?","M","E","M","R","T","R","$","?","E","?","R","B",null,"M","$","M","T","$","R","?","E","T","$","M","?","?","M","R","B",null,"M","M","$","?","?","R","?","R","T","?","T","M","?","M","R","B"],"character_chosen":"DEFECT","items_purchased":["Juzu Bracelet","Thunder Strike","Rebound","Defragment"],"campfire_rested":0,"item_purchase_floors":[11,19,27,37],"current_hp_per_floor":[64,69,69,69,69,69,69,69,69,69,69,58,51,51,51,31,65,48,48,55,55,55,55,51,57,57,57,67,67,67,74,74,76,76,76,75,75,72,72,72,72,72,72,72,72,71,61,61,61,0],"gold":57,"neow_bonus":"THREE_ENEMY_KILL","is_prod":false,"is_daily":false,"chose_seed":false,"campfire_upgraded":8,"win_rate":0,"timestamp":1550372800,"path_taken":["M","?","?","?","?","E","M","R","T","R","$","?","E","?","R","BOSS","M","$","M","?","$","R","?","E","T","$","M","?","?","M","R","BOSS","M","M","$","?","?","R","?","R","T","?","?","M","?","M","R","BOSS"],"build_version":"2019-01-23","purchased_purges":3,"victory":false,"max_hp_per_floor":[71,76,76,76,76,76,76,76,76,76,76,76,76,76,76,76,76,76,76,76,76,76,76,76,76,76,76,76,76,76,76,76,76,76,76,76,76,72,72,72,72,72,72,72,72,72,72,72,72,72],"card_choices":[{"not_picked":["Gash","Glacier"],"picked":"Ball Lightning","floor":1.0},{"not_picked":["Fusion","Streamline"],"picked":"Doom and Gloom","floor":5.0},{"not_picked":["Leap","Lockon"],"picked":"Conserve Battery","floor":6.0},{"not_picked":["Turbo","Rebound"],"picked":"Ball Lightning","floor":7.0},{"not_picked":["Self Repair","Ball Lightning"],"picked":"Capacitor","floor":13.0},{"not_picked":["Thunder Strike","Core Surge"],"picked":"Fission","floor":16.0},{"not_picked":["Go for the Eyes","Ball Lightning"],"picked":"Self Repair","floor":18.0},{"not_picked":["Leap","Reprogram"],"picked":"Reinforced Body","floor":20.0},{"not_picked":["Loop","Turbo"],"picked":"Echo Form","floor":25.0},{"not_picked":["Lockon","BootSequence"],"picked":"Reinforced Body","floor":28},{"not_picked":["Sweeping Beam+1","Redo"],"picked":"White Noise","floor":31},{"not_picked":["Creative AI","Seek"],"picked":"Biased Cognition","floor":33},{"not_picked":["Self Repair","Steam Power"],"picked":"Cold Snap","floor":35},{"not_picked":["Cold Snap+1","Steam"],"picked":"Compile Driver","floor":36},{"not_picked":["Compile Driver","Cold Snap"],"picked":"Go for the Eyes+1","floor":46},{"not_picked":["Trip","Apotheosis"],"picked":"Panacea","floor":47},{"not_picked":["Ball Lightning+1","Streamline","Turbo"],"picked":"SKIP","floor":48}],"player_experience":291432,"relics_obtained":[{"floor":6.0,"key":"Whetstone"},{"floor":9.0,"key":"Smiling Mask"},{"floor":13.0,"key":"Lantern"},{"floor":21.0,"key":"Boot"},{"floor":25.0,"key":"Incense Burner"},{"floor":26.0,"key":"Bag of Marbles"},{"floor":45,"key":"Dodecahedron"}],"event_choices":[{"damage_healed":0.0,"max_hp_gain":5.0,"max_hp_loss":0.0,"gold_gain":0.0,"event_name":"Big Fish","player_choice":"Donut","floor":2.0,"gold_loss":0.0,"damage_taken":0.0},{"cards_removed":["Strike_B"],"damage_healed":0.0,"max_hp_gain":0.0,"max_hp_loss":0.0,"gold_gain":0.0,"event_name":"Living Wall","player_choice":"Forget","floor":3.0,"gold_loss":0.0,"damage_taken":0.0},{"damage_healed":0.0,"max_hp_gain":0.0,"max_hp_loss":0.0,"gold_gain":0.0,"cards_transformed":["Strike_B"],"event_name":"Transmorgrifier","player_choice":"Transformed","floor":4.0,"gold_loss":0.0,"damage_taken":0.0,"cards_obtained":["Seek"]},{"damage_healed":0.0,"max_hp_gain":0.0,"max_hp_loss":0.0,"gold_gain":75.0,"event_name":"World of Goop","player_choice":"Gather Gold","floor":12.0,"gold_loss":0.0,"damage_taken":11.0},{"damage_healed":0.0,"max_hp_gain":0.0,"max_hp_loss":0.0,"gold_gain":50.0,"event_name":"Golden Shrine","player_choice":"Pray","floor":14.0,"gold_loss":0.0,"damage_taken":0.0},{"damage_healed":0.0,"max_hp_gain":0.0,"max_hp_loss":0.0,"gold_gain":0.0,"event_name":"Colosseum","player_choice":"Fight","floor":24.0,"gold_loss":0.0,"damage_taken":0.0},{"damage_healed":0.0,"max_hp_gain":0.0,"max_hp_loss":0.0,"gold_gain":0.0,"event_name":"Colosseum","player_choice":"Fled From Nobs","floor":24.0,"gold_loss":0.0,"damage_taken":0.0},{"damage_healed":0,"gold_gain":0,"player_choice":"Paid Fearfully","damage_taken":0,"max_hp_gain":0,"max_hp_loss":0,"event_name":"Masked Bandits","floor":29,"gold_loss":36},{"damage_healed":0,"gold_gain":0,"player_choice":"Ignored","damage_taken":0,"max_hp_gain":0,"max_hp_loss":0,"event_name":"Beggar","floor":30,"gold_loss":0},{"damage_healed":0,"gold_gain":0,"player_choice":"Max HP","damage_taken":0,"max_hp_gain":0,"max_hp_loss":4,"event_name":"Winding Halls","floor":38,"gold_loss":0},{"damage_healed":0,"gold_gain":0,"player_choice":"Ignored","damage_taken":0,"max_hp_gain":0,"max_hp_loss":0,"event_name":"Mysterious Sphere","floor":39,"gold_loss":0},{"cards_removed":["Self Repair"],"damage_healed":0,"gold_gain":0,"player_choice":"Card Removal","damage_taken":0,"max_hp_gain":0,"max_hp_loss":0,"event_name":"Wheel of Change","floor":41,"gold_loss":0},{"damage_healed":0,"gold_gain":0,"player_choice":"Got Potions","damage_taken":0,"max_hp_gain":0,"max_hp_loss":0,"event_name":"Lab","floor":44,"gold_loss":0},{"damage_healed":0,"gold_gain":0,"player_choice":"Memory 3","damage_taken":10,"max_hp_gain":0,"max_hp_loss":0,"event_name":"SensoryStone","floor":47,"gold_loss":0}],"is_beta":false,"boss_relics":[{"not_picked":["Calling Bell","Busted Crown"],"picked":"Philosopher\u0027s Stone"},{"not_picked":["Empty Cage","Pandora\u0027s Box"],"picked":"Cursed Key"}],"items_purged_floors":[19,22,27],"is_endless":false,"potions_floor_spawned":[5,6,20,25,33,36,48],"killed_by":"Time Eater","ascension_level":20}