{"gold_per_floor":[14,25,40,53,53,63,63,80,80,114,130,140,169,184,184,285,285,297,297,297,297,314,314,342,360,414,414,429,35,35],"floor_reached":30,"playtime":4466,"items_purged":["Writhe"],"score":306,"play_id":"a109cb43-83b4-4c95-940e-1d275e12a12b","local_time":"20180903021958","is_ascension_mode":true,"campfire_choices":[{"data":"Crippling Poison","floor":7.0,"key":"SMITH"},{"data":"Well Laid Plans","floor":15.0,"key":"SMITH"},{"data":"Night Terror","floor":23,"key":"SMITH"},{"floor":27,"key":"REST"}],"neow_cost":"NO_GOLD","seed_source_timestamp":0,"circlet_count":0,"master_deck":["Defend_G+1","Defend_G","Defend_G","Defend_G","Strike_G","Strike_G","Survivor","Neutralize","Footwork+1","Blur","Predator","Expertise","Die Die Die","Flying Knee","Blade Dance","Phantasmal Killer","Well Laid Plans+1","Night Terror+1","Acrobatics","Endless Agony","Blur+1","Tools of the Trade","Sucker Punch","Predator+1","Secret Technique+1","PanicButton+1","Dodge and Roll+1"],"special_seed":0,"relics":["Ring of the Snake","Snake Skull","Dream Catcher","Strawberry","Velvet Choker","Toxic Egg 2","Dodecahedron","Tiny Chest"],"potions_floor_usage":[24,24],"damage_taken":[{"damage":0.0,"enemies":"Jaw Worm","floor":1.0,"turns":5.0},{"damage":1.0,"enemies":"2 Louse","floor":2.0,"turns":4.0},{"damage":0.0,"enemies":"Cultist","floor":3.0,"turns":7.0},{"damage":2.0,"enemies":"Looter","floor":4.0,"turns":5.0},{"damage":1.0,"enemies":"Blue Slaver","floor":6.0,"turns":6.0},{"damage":2.0,"enemies":"Exordium Thugs","floor":8.0,"turns":3.0},{"damage":10.0,"enemies":"3 Sentries","floor":10.0,"turns":13.0},{"damage":7.0,"enemies":"Gremlin Gang","floor":11.0,"turns":4.0},{"damage":2.0,"enemies":"3 Louse","floor":12.0,"turns":3.0},{"damage":0.0,"enemies":"Gremlin Nob","floor":13.0,"turns":4.0},{"damage":0.0,"enemies":"Blue Slaver","floor":14.0,"turns":4.0},{"damage":34.0,"enemies":"The Guardian","floor":16.0,"turns":18.0},{"damage":0.0,"enemies":"3 Byrds","floor":18.0,"turns":3.0},{"damage":0,"enemies":"Shell Parasite","floor":22,"turns":10},{"damage":57,"enemies":"Slavers","floor":24,"turns":10},{"damage":5,"enemies":"Shelled Parasite and Fungi","floor":25,"turns":10},{"damage":0,"enemies":"Centurion and Healer","floor":28,"turns":8},{"damage":28,"enemies":"Cultist and Chosen","floor":30,"turns":10}],"seed_played":"8076457957554517997","potions_obtained":[{"floor":1.0,"key":"PowerPotion"},{"floor":3.0,"key":"Block Potion"},{"floor":4.0,"key":"SkillPotion"},{"floor":8.0,"key":"FearPotion"},{"floor":16.0,"key":"SkillPotion"},{"floor":18.0,"key":"PowerPotion"}],"is_trial":false,"path_per_floor":["M","M","M","M","?","M","R","M","T","E","M","M","E","M","R","B",null,"M","?","?","?","M","R","E","M","T","R","M","$"],"character_chosen":"THE_SILENT","items_purchased":["Secret Technique+1","PanicButton+1","Dodge and Roll+1"],"campfire_rested":1,"item_purchase_floors":[29,29,29],"current_hp_per_floor":[70,69,69,67,53,52,52,50,50,40,33,31,38,38,38,4,77,77,77,77,63,63,63,6,1,1,25,25,25,0],"gold":35,"neow_bonus":"REMOVE_TWO","is_prod":false,"is_daily":false,"chose_seed":false,"campfire_upgraded":3,"win_rate":0,"timestamp":1535955598,"path_taken":["M","M","M","M","?","M","R","M","T","E","M","M","E","M","R","BOSS","M","?","?","?","M","R","E","M","T","R","?","$","M"],"build_version":"2018-08-30","purchased_purges":1,"victory":false,"max_hp_per_floor":[70,70,70,70,70,70,70,70,70,70,70,70,77,77,77,77,77,77,77,77,82,82,82,82,82,82,82,82,82,82],"card_choices":[{"not_picked":["Calculated Gamble","Underhanded Strike"],"picked":"Footwork","floor":1.0},{"not_picked":["Skewer","Deflect"],"picked":"Blur","floor":2.0},{"not_picked":["Heel Hook","Slice"],"picked":"Crippling Poison","floor":3.0},{"not_picked":["Finisher","Deflect","PiercingWail"],"picked":"SKIP","floor":4.0},{"not_picked":["Outmaneuver","Deadly Poison"],"picked":"Predator","floor":6.0},{"not_picked":["Calculated Gamble","Skewer"],"picked":"Expertise","floor":8.0},{"not_picked":["Poisoned Stab","Dagger Spray"],"picked":"Die Die Die","floor":10.0},{"not_picked":["Acrobatics","Prepared"],"picked":"Flying Knee","floor":11.0},{"not_picked":["Finisher","Deflect"],"picked":"Blade Dance","floor":12.0},{"not_picked":["Dagger Throw","Acrobatics"],"picked":"Phantasmal Killer","floor":13.0},{"not_picked":["Sucker Punch","Terror"],"picked":"Well Laid Plans","floor":14.0},{"not_picked":["Tools of the Trade","Wraith Form v2"],"picked":"Night Terror","floor":16.0},{"not_picked":["Concentrate","Slice"],"picked":"Acrobatics","floor":18.0},{"not_picked":["Crippling Poison+1","Cloak And Dagger+1","Prepared+1"],"picked":"SKIP","floor":22},{"not_picked":["Corpse Explosion+1","Eviscerate"],"picked":"Sucker Punch","floor":24},{"not_picked":["Dagger Throw","Predator+1","Poisoned Stab"],"picked":"SKIP","floor":25},{"not_picked":["Dagger Throw","Poisoned Stab"],"picked":"Predator+1","floor":25},{"not_picked":["Blur+1","Slice","Prepared+1"],"picked":"SKIP","floor":28}],"player_experience":521935,"relics_obtained":[{"floor":9.0,"key":"Snake Skull"},{"floor":10.0,"key":"Dream Catcher"},{"floor":13.0,"key":"Strawberry"},{"floor":24,"key":"Dodecahedron"},{"floor":26,"key":"Tiny Chest"}],"event_choices":[{"event_name":"Shining Light","player_choice":"Entered Light","floor":5.0,"damage_taken":0.0},{"event_name":"The Mausoleum","player_choice":"Yes","floor":19.0,"damage_taken":0.0},{"event_name":"Drug Dealer","player_choice":"Became Test Subject","floor":20,"damage_taken":0},{"event_name":"Forgotten Altar","player_choice":"Shed Blood","floor":21,"damage_taken":0}],"is_beta":false,"boss_relics":[{"not_picked":["Runic Pyramid","Cursed Key"],"picked":"Velvet Choker"}],"items_purged_floors":[29],"is_endless":false,"potions_floor_spawned":[1,3,4,8,11,16,18],"killed_by":"Cultist and Chosen","ascension_level":1}