{"gold_per_floor":[115,126,136,146,25,25,25,25,25,51,51,66,86,106,106,106],"floor_reached":16,"playtime":6361,"items_purged":["Strike_R"],"score":104,"play_id":"736aa66a-7e30-4c8b-931e-7657b470bba0","local_time":"20190112153805","is_ascension_mode":false,"campfire_choices":[{"data":"Armaments","floor":6,"key":"SMITH"},{"data":"Body Slam","floor":8,"key":"SMITH"},{"data":"Impervious","floor":11,"key":"SMITH"},{"data":"Dual Wield","floor":15,"key":"SMITH"}],"neow_cost":"TEN_PERCENT_HP_LOSS","seed_source_timestamp":172737496875719,"circlet_count":0,"master_deck":["Strike_R","Strike_R","Strike_R","Defend_R","Defend_R","Defend_R","Bash","Armaments+1","Body Slam+1","Shrug It Off","Heavy Blade","Shrug It Off","Impervious+1","Power Through","Dual Wield+1","Ghostly Armor","Battle Trance"],"relics":["Burning Blood","Mango","Question Card"],"potions_floor_usage":[16],"damage_taken":[{"damage":1,"enemies":"Cultist","floor":1,"turns":3},{"damage":5,"enemies":"Small Slimes","floor":2,"turns":4},{"damage":5,"enemies":"2 Louse","floor":3,"turns":3},{"damage":10,"enemies":"Looter","floor":4,"turns":3},{"damage":16,"enemies":"3 Sentries","floor":10,"turns":11},{"damage":5,"enemies":"Lots of Slimes","floor":12,"turns":5},{"damage":2,"enemies":"Blue Slaver","floor":13,"turns":3},{"damage":4,"enemies":"Gremlin Gang","floor":14,"turns":6},{"damage":82,"enemies":"Slime Boss","floor":16,"turns":12}],"seed_played":"-3506341380581929846","potions_obtained":[{"floor":1,"key":"AttackPotion"},{"floor":12,"key":"SteroidPotion"}],"is_trial":false,"path_per_floor":["M","M","M","M","$","R","?","R","T","E","R","M","M","M","R","B"],"character_chosen":"IRONCLAD","items_purchased":["Shrug It Off"],"campfire_rested":0,"item_purchase_floors":[5],"current_hp_per_floor":[72,72,72,68,68,68,68,68,82,72,72,73,77,79,79,0],"gold":106,"neow_bonus":"REMOVE_TWO","is_prod":false,"is_daily":false,"chose_seed":false,"campfire_upgraded":4,"win_rate":0.0,"timestamp":1547336285,"path_taken":["M","M","M","M","$","R","?","R","T","E","R","M","?","M","R","BOSS"],"build_version":"2019-01-10","purchased_purges":1,"victory":false,"max_hp_per_floor":[72,72,72,72,72,72,72,72,86,86,86,86,86,86,86,86],"card_choices":[{"not_picked":["Second Wind","Anger"],"picked":"Armaments","floor":1},{"not_picked":["Warcry","Flex"],"picked":"Body Slam","floor":2},{"not_picked":["Cleave","Seeing Red"],"picked":"Shrug It Off","floor":3},{"not_picked":["Fire Breathing","Perfected Strike"],"picked":"Heavy Blade","floor":4},{"not_picked":["Corruption","Intimidate"],"picked":"Power Through","floor":10},{"not_picked":["Thunderclap","Clash","Sever Soul"],"picked":"Dual Wield","floor":12},{"not_picked":["Shrug It Off","Warcry","Cleave"],"picked":"Ghostly Armor","floor":13},{"not_picked":["Sword Boomerang","Demon Form","Clash"],"picked":"Battle Trance","floor":14}],"player_experience":8681,"relics_obtained":[{"floor":9,"key":"Mango"},{"floor":10,"key":"Question Card"}],"event_choices":[{"damage_healed":0,"gold_gain":0,"player_choice":"1 cards matched","damage_taken":0,"max_hp_gain":0,"max_hp_loss":0,"event_name":"Match and Keep!","floor":7,"gold_loss":0,"cards_obtained":["Impervious"]}],"is_beta":false,"boss_relics":[],"items_purged_floors":[5],"is_endless":false,"potions_floor_spawned":[1,12],"killed_by":"Slime Boss","ascension_level":0}