{"gold_per_floor":[115,133,145,160,175,190,218,218],"floor_reached":8,"playtime":1135,"items_purged":[],"score":62,"play_id":"fe8db1c4-1b52-4464-8518-63b2175addb8","local_time":"20180712012140","is_ascension_mode":false,"campfire_choices":[],"neow_cost":"","seed_source_timestamp":0,"circlet_count":0,"master_deck":["Defend_G","Defend_G","Defend_G","Defend_G","Defend_G","Strike_G","Strike_G","Strike_G","Strike_G","Strike_G","Survivor","Neutralize","Backflip","Dagger Throw","Expertise","Venomology","Endless Agony","Crippling Poison","Bane"],"special_seed":0,"relics":["Ring of the Snake","Omamori"],"potions_floor_usage":[5,5,6,7,7,8],"damage_taken":[{"damage":0,"enemies":"Small Slimes","floor":1,"turns":5},{"damage":0,"enemies":"Jaw Worm","floor":2,"turns":6},{"damage":0,"enemies":"2 Louse","floor":3,"turns":4},{"damage":4,"enemies":"Red Slaver","floor":4,"turns":8},{"damage":7,"enemies":"Large Slime","floor":5,"turns":9},{"damage":3,"enemies":"2 Fungi Beasts","floor":6,"turns":6},{"damage":54,"enemies":"Lagavulin","floor":7,"turns":13},{"damage":2,"enemies":"Exordium Wildlife","floor":8,"turns":3}],"seed_played":"-6646872704834796239","potions_obtained":[{"floor":1,"key":"Ancient Potion"},{"floor":2,"key":"Poison Potion"}],"is_trial":false,"path_per_floor":["M","M","M","M","M","M","E"],"character_chosen":"THE_SILENT","items_purchased":[],"campfire_rested":0,"item_purchase_floors":[],"current_hp_per_floor":[70,70,70,66,59,56,2,0],"gold":218,"neow_bonus":"","is_prod":false,"is_daily":false,"chose_seed":false,"campfire_upgraded":0,"win_rate":0.0,"timestamp":1531372900,"path_taken":["M","M","M","M","M","M","E","M"],"build_version":"2018-07-05","purchased_purges":0,"victory":false,"max_hp_per_floor":[70,70,70,70,70,70,70,70],"card_choices":[{"not_picked":["Poisoned Stab","Masterful Stab"],"picked":"Backflip","floor":1},{"not_picked":["Backflip","Slice"],"picked":"Dagger Throw","floor":2},{"not_picked":["Leg Sweep","Dagger Throw"],"picked":"Expertise","floor":3},{"not_picked":["Sucker Punch","Dodge and Roll"],"picked":"Venomology","floor":4},{"not_picked":["Infinite Blades","Caltrops"],"picked":"Endless Agony","floor":5},{"not_picked":["Cloak And Dagger","Dagger Spray"],"picked":"Crippling Poison","floor":6},{"not_picked":["Backstab","Deflect"],"picked":"Bane","floor":7}],"player_experience":134437,"relics_obtained":[{"floor":7,"key":"Omamori"}],"event_choices":[],"boss_relics":[],"items_purged_floors":[],"is_endless":false,"potions_floor_spawned":[1,2],"killed_by":"Exordium Wildlife","ascension_level":0}