{"path_per_floor":["M","M","M","M","M","E","M","?","T","M","M","M","?","E","R","B",null,"M","$","?","M","M","E","R","M","T","?","M","M","E","M","R","B",null,"M","?","T","M","T","E","M","M","T","E","T","M","E","M","R","B"],"character_chosen":"DEFECT","items_purchased":["Defragment","Cloak And Dagger","Shrug It Off","Gremlin Horn"],"gold_per_floor":[114,129,144,159,174,204,219,169,194,209,224,239,261,291,291,391,391,406,10,10,25,40,70,70,85,85,115,130,145,175,190,190,290,290,305,305,305,320,345,375,390,405,430,460,535,550,880,895,895,895],"floor_reached":51,"campfire_rested":1,"playtime":3034,"item_purchase_floors":[19,19,19,19],"current_hp_per_floor":[73,72,71,70,68,68,67,66,65,64,63,62,59,59,59,58,57,56,55,54,44,44,22,22,22,22,22,22,10,10,10,37,5,35,34,33,32,31,30,29,28,27,26,25,24,23,21,21,20,12],"items_purged":[],"gold":895,"score":999,"play_id":"5bf15ce6-2051-43e6-b4ed-a75936d9ac0e","local_time":"20180615031732","daily_mods":["Diverse","Night Terrors","Terminal"],"is_prod":false,"is_daily":true,"chose_seed":false,"is_ascension_mode":false,"campfire_upgraded":3,"win_rate":0,"timestamp":1528989452,"campfire_choices":[{"data":"Uppercut","floor":15,"key":"SMITH"},{"data":"Buffer","floor":24,"key":"SMITH"},{"floor":32,"key":"REST"},{"data":"Tools of the Trade","floor":49,"key":"SMITH"}],"path_taken":["M","M","M","M","M","E","M","?","T","M","M","M","?","E","R","BOSS","M","$","?","M","M","E","R","M","T","?","M","M","E","M","R","BOSS","M","?","?","M","?","E","M","M","T","E","?","M","E","M","R","BOSS"],"build_version":"2018-06-07v3","seed_source_timestamp":0,"purchased_purges":0,"victory":true,"master_deck":["Zap+1","Dualcast+1","Uppercut+1","Glacier+1","Cold Snap+1","Conserve Battery+1","Quick Slash+1","Skim+1","Shrug It Off+1","Flex+1","Sword Boomerang+1","Footwork+1","Dash+1","Cleave+1","Buffer+1","Backflip+1","Redo+1","Steam Power+1","Thunderclap+1","Acrobatics+1","Cold Snap+1","Defragment+1","Coolheaded+1","Defragment+1","Cloak And Dagger+1","Shrug It Off+1","Mind Blast+1","True Grit+1","Sweeping Beam+1","Ghostly Armor+1","Headbutt+1","Go for the Eyes+1","Battle Trance+1","Blizzard+1","Flying Knee+1","Backflip+1","Core Surge+1","Undo+1","Stack+1","Steam+1","Go for the Eyes+1","Tools of the Trade+1","Disarm","Sweeping Beam+1","Shrug It Off","Expertise+1"],"max_hp_per_floor":[73,72,71,70,69,68,67,66,65,64,63,62,61,60,59,58,57,56,55,54,53,52,51,50,49,48,47,46,45,44,43,37,36,35,34,33,32,31,30,29,28,27,26,25,24,23,22,21,20,19],"relics":["Cracked Core","Molten Egg 2","Anchor","Odd Mushroom","Orichalcum","Pandora\u0027s Box","Gremlin Horn","Whetstone","The Courier","Tiny Chest","DataDisk","Snecko Eye","Mark of the Bloom","Bottled Flame","Bag of Preparation","Thread and Needle","War Paint","Lantern","Mercury Hourglass","Old Coin"],"card_choices":[{"not_picked":["Clash","Deflect"],"picked":"Uppercut","floor":1},{"not_picked":["Sword Boomerang","Chaos"],"picked":"Glacier","floor":2},{"not_picked":["Perfected Strike","Armaments"],"picked":"Cold Snap","floor":3},{"not_picked":["Dropkick","Combust"],"picked":"Conserve Battery","floor":4},{"not_picked":["Barrage","Multi-Cast"],"picked":"Quick Slash","floor":5},{"not_picked":["Rebound","Heel Hook"],"picked":"Skim","floor":6},{"not_picked":["Reflex","Clash+1"],"picked":"Shrug It Off","floor":7},{"not_picked":["Feel No Pain","Blizzard+1"],"picked":"Flex","floor":10},{"not_picked":["Turbo","Coolheaded"],"picked":"Sword Boomerang+1","floor":11},{"not_picked":["White Noise","Body Slam+1"],"picked":"Footwork","floor":12},{"not_picked":["Deadly Poison","Backflip"],"picked":"Dash+1","floor":13},{"not_picked":["Wild Strike+1","Fiend Fire+1"],"picked":"Cleave+1","floor":14},{"not_picked":["Wraith Form v2","Meteor Strike+1"],"picked":"Buffer","floor":16},{"not_picked":["Crippling Poison","Feel No Pain"],"picked":"Coolheaded","floor":18},{"not_picked":["Masterful Stab+1","Coolheaded"],"picked":"Sweeping Beam+1","floor":21},{"not_picked":["Heel Hook+1","Entrench"],"picked":"Ghostly Armor","floor":22},{"not_picked":["Fire Breathing","Redo"],"picked":"Headbutt+1","floor":23},{"not_picked":["Second Wind","Calculated Gamble"],"picked":"Go for the Eyes+1","floor":25},{"not_picked":["Slice+1","Self Repair"],"picked":"Battle Trance+1","floor":28},{"not_picked":["Dual Wield","Accuracy"],"picked":"Blizzard+1","floor":29},{"not_picked":["Thunderclap+1","Setup"],"picked":"Flying Knee+1","floor":30},{"not_picked":["Reinforced Body","Shrug It Off"],"picked":"Backflip","floor":31},{"not_picked":["Grand Finale+1","Phantasmal Killer"],"picked":"Core Surge+1","floor":33},{"not_picked":["PiercingWail","Eviscerate+1"],"picked":"Undo","floor":35},{"not_picked":["Finisher+1","Dual Wield"],"picked":"Stack+1","floor":38},{"not_picked":["Gash+1","Compile Driver+1"],"picked":"Steam+1","floor":40},{"not_picked":["Concentrate","Underhanded Strike+1"],"picked":"Go for the Eyes+1","floor":41},{"not_picked":["Underhanded Strike+1","Reprogram"],"picked":"Tools of the Trade","floor":42},{"not_picked":["Redo","Deflect"],"picked":"Disarm","floor":44},{"not_picked":["Stack+1","Steam"],"picked":"Sweeping Beam+1","floor":46},{"not_picked":["Tactician","Searing Blow+1"],"picked":"Shrug It Off","floor":47},{"not_picked":["Ball Lightning+1","Infernal Blade+1"],"picked":"Expertise+1","floor":48}],"player_experience":260904,"potions_floor_usage":[6,16,16,16,23,28,30,30,33,50,50,50],"damage_taken":[{"damage":0,"enemies":"2 Louse","floor":1,"turns":3},{"damage":0,"enemies":"Small Slimes","floor":2,"turns":3},{"damage":0,"enemies":"Jaw Worm","floor":3,"turns":3},{"damage":0,"enemies":"Exordium Wildlife","floor":4,"turns":7},{"damage":2,"enemies":"Blue Slaver","floor":5,"turns":3},{"damage":0,"enemies":"Lagavulin","floor":6,"turns":8},{"damage":0,"enemies":"Exordium Thugs","floor":7,"turns":4},{"damage":0,"enemies":"2 Fungi Beasts","floor":10,"turns":3},{"damage":0,"enemies":"Red Slaver","floor":11,"turns":3},{"damage":0,"enemies":"Blue Slaver","floor":12,"turns":3},{"damage":3,"floor":13,"turns":5},{"damage":0,"enemies":"3 Sentries","floor":14,"turns":8},{"damage":0,"enemies":"Slime Boss","floor":16,"turns":6},{"damage":1,"enemies":"Chosen","floor":18,"turns":7},{"damage":10,"enemies":"3 Byrds","floor":21,"turns":4},{"damage":0,"enemies":"Centurion and Healer","floor":22,"turns":9},{"damage":22,"enemies":"Gremlin Leader","floor":23,"turns":9},{"damage":0,"enemies":"Chosen and Byrds","floor":25,"turns":5},{"damage":0,"enemies":"Snake Plant","floor":28,"turns":2},{"damage":12,"enemies":"Sentry and Sphere","floor":29,"turns":8},{"damage":0,"enemies":"Slavers","floor":30,"turns":5},{"damage":0,"enemies":"Chosen and Byrds","floor":31,"turns":4},{"damage":32,"enemies":"Collector","floor":33,"turns":12},{"damage":0,"enemies":"Orb Walker","floor":35,"turns":2},{"damage":0,"enemies":"3 Shapes","floor":38,"turns":1},{"damage":0,"enemies":"2 Orb Walkers","floor":40,"turns":4},{"damage":0,"enemies":"Sphere and 2 Shapes","floor":41,"turns":5},{"damage":0,"enemies":"3 Darklings","floor":42,"turns":5},{"damage":0,"enemies":"Giant Head","floor":44,"turns":12},{"damage":0,"enemies":"Maw","floor":46,"turns":8},{"damage":2,"enemies":"2 Orb Walkers","floor":47,"turns":7},{"damage":0,"enemies":"4 Shapes","floor":48,"turns":4},{"damage":8,"enemies":"Donu and Deca","floor":50,"turns":13}],"relics_obtained":[{"floor":6,"key":"Molten Egg 2"},{"floor":9,"key":"Anchor"},{"floor":13,"key":"Odd Mushroom"},{"floor":14,"key":"Orichalcum"},{"floor":23,"key":"Whetstone"},{"floor":26,"key":"The Courier"},{"floor":30,"key":"DataDisk"},{"floor":37,"key":"Bottled Flame"},{"floor":39,"key":"Bag of Preparation"},{"floor":40,"key":"Thread and Needle"},{"floor":43,"key":"War Paint"},{"floor":44,"key":"Lantern"},{"floor":45,"key":"Mercury Hourglass"},{"floor":47,"key":"Old Coin"}],"event_choices":[{"event_name":"The Cleric","player_choice":"Card Removal","floor":8,"damage_taken":0},{"event_name":"Mushrooms","player_choice":"Fought Mushrooms","floor":13,"damage_taken":0},{"event_name":"Match and Keep!","player_choice":"2 cards matched","floor":20,"damage_taken":0},{"event_name":"The Mausoleum","player_choice":"Yes","floor":27,"damage_taken":0},{"event_name":"MindBloom","player_choice":"Upgrade","floor":36,"damage_taken":0}],"boss_relics":[{"not_picked":["Ectoplasm","Eternal Feather"],"picked":"Pandora\u0027s Box"},{"not_picked":["Calling Bell","White Beast Statue"],"picked":"Snecko Eye"}],"items_purged_floors":[],"potions_floor_spawned":[1,5,6,10,12,16,18,25,28,30,33,35,41,47,48],"seed_played":"-3577076227804411564","ascension_level":0,"potions_obtained":[{"floor":1,"key":"Swift Potion"},{"floor":5,"key":"Weak Potion"},{"floor":6,"key":"FairyPotion"},{"floor":10,"key":"SteroidPotion"},{"floor":12,"key":"Strength Potion"},{"floor":16,"key":"FearPotion"},{"floor":18,"key":"AttackPotion"},{"floor":25,"key":"Ancient Potion"},{"floor":28,"key":"LiquidBronze"},{"floor":30,"key":"AttackPotion"},{"floor":33,"key":"SteroidPotion"},{"floor":35,"key":"SteroidPotion"},{"floor":41,"key":"FocusPotion"},{"floor":47,"key":"Strength Potion"}],"is_trial":false}