{"gold_per_floor":[117,117,144,156,182,194,241,253,265,317,354,404,434,60,60,184,184,207,207,227,227,227,267,58,93,93,136,261,274,274,298,298,421,421,446,302,302,635,132,163,163,182,182,182,212,224,34,61,61,61],"floor_reached":51,"playtime":3217,"items_purged":[],"score":1075,"play_id":"1c94a8cc-d7ed-4552-a036-35068edbdc1c","local_time":"20190223224628","is_ascension_mode":true,"campfire_choices":[{"data":"Bash","floor":6,"key":"SMITH"},{"data":"Armaments","floor":8,"key":"SMITH"},{"data":"True Grit","floor":15,"key":"SMITH"},{"data":"Feed","floor":30,"key":"SMITH"},{"data":"Uppercut","floor":32,"key":"SMITH"},{"data":"Metamorphosis","floor":44,"key":"SMITH"},{"data":"Inflame","floor":49,"key":"SMITH"}],"neow_cost":"NONE","seed_source_timestamp":445917127232069,"circlet_count":0,"master_deck":["Strike_R+1","Strike_R+1","Strike_R+1","Strike_R+1","Strike_R+1","Defend_R+1","Defend_R+1","Defend_R+1","Defend_R+1","Bash+1","Armaments+1","Cleave","Intimidate","Anger","Flame Barrier","Exhume","True Grit+1","Feed+1","Shrug It Off","Feed","Reaper","Sword Boomerang+1","Clothesline","Battle Trance+1","Metallicize+1","Reaper","Uppercut+1","Offering","Inflame+1","Metamorphosis+1","Infernal Blade+1","Warcry+1","Parasite","Wild Strike+1","Inflame+1","True Grit+1"],"relics":["Burning Blood","NeowsBlessing","MawBank","Red Skull","Darkstone Periapt","Bag of Preparation","Dead Branch","DollysMirror","Coffee Dripper","Potion Belt","Medical Kit","Strawberry","Champion Belt","Centennial Puzzle","Du-Vu Doll","Mercury Hourglass","Cursed Key","Lantern","Happy Flower","Vajra","Pantograph","Paper Frog","Orichalcum","Chemical X","Bird Faced Urn"],"potions_floor_usage":[10,18,25,25,28,33,50,50,50],"damage_taken":[{"damage":0,"enemies":"Small Slimes","floor":1,"turns":1},{"damage":0,"enemies":"Jaw Worm","floor":5,"turns":1},{"damage":0,"enemies":"Lagavulin","floor":7,"turns":1},{"damage":9,"enemies":"3 Sentries","floor":10,"turns":6},{"damage":0,"enemies":"2 Louse","floor":11,"turns":3},{"damage":10,"enemies":"Lagavulin","floor":12,"turns":9},{"damage":5,"enemies":"2 Fungi Beasts","floor":13,"turns":3},{"damage":38,"enemies":"The Guardian","floor":16,"turns":16},{"damage":0,"enemies":"Spheric Guardian","floor":18,"turns":3},{"damage":9,"enemies":"2 Thieves","floor":20,"turns":4},{"damage":58,"enemies":"Gremlin Leader","floor":23,"turns":10},{"damage":12,"enemies":"Slavers","floor":25,"turns":3},{"damage":17,"enemies":"Gremlin Leader","floor":27,"turns":10},{"damage":1,"enemies":"Colosseum Slavers","floor":28,"turns":5},{"damage":15,"enemies":"Colosseum Nobs","floor":28,"turns":4},{"damage":8,"enemies":"Cultist and Chosen","floor":29,"turns":6},{"damage":11,"enemies":"Snake Plant","floor":31,"turns":4},{"damage":81,"enemies":"Collector","floor":33,"turns":12},{"damage":0,"enemies":"3 Shapes","floor":35,"turns":6},{"damage":23,"enemies":"Reptomancer","floor":40,"turns":7},{"damage":2,"enemies":"Orb Walker","floor":42,"turns":4},{"damage":10,"enemies":"Giant Head","floor":45,"turns":5},{"damage":26,"enemies":"Spire Growth","floor":46,"turns":3},{"damage":0,"enemies":"Nemesis","floor":48,"turns":5},{"damage":18,"enemies":"Donu and Deca","floor":50,"turns":5}],"seed_played":"-4184050287653766458","potions_obtained":[{"floor":5,"key":"Fire Potion"},{"floor":10,"key":"SteroidPotion"},{"floor":11,"key":"Fire Potion"},{"floor":13,"key":"SmokeBomb"},{"floor":20,"key":"Strength Potion"},{"floor":23,"key":"Explosive Potion"},{"floor":25,"key":"Dexterity Potion"},{"floor":31,"key":"SkillPotion"},{"floor":35,"key":"Poison Potion"},{"floor":42,"key":"Block Potion"},{"floor":46,"key":"Explosive Potion"}],"is_trial":false,"path_per_floor":["M","?","T","?","M","R","E","R","T","E","M","E","M","$","R","B",null,"M","?","M","?","?","E","$","E","T","E","?","M","R","M","R","B",null,"M","$","?","?","$","E","?","M","T","R","E","M","$","E","R","B",null],"character_chosen":"IRONCLAD","items_purchased":["Feed","Shrug It Off","DollysMirror","Medical Kit","Lantern","Metamorphosis","Happy Flower","Vajra","Chemical X"],"campfire_rested":0,"item_purchase_floors":[14,14,14,24,36,39,39,39,47],"current_hp_per_floor":[80,64,64,44,50,50,56,56,56,53,59,55,56,56,56,24,80,84,84,84,84,84,50,50,57,57,63,101,113,113,112,112,56,122,126,126,126,126,126,130,130,134,140,140,139,119,119,129,129,142],"gold":61,"neow_bonus":"THREE_ENEMY_KILL","is_prod":false,"is_daily":false,"chose_seed":false,"campfire_upgraded":7,"win_rate":0,"timestamp":1550958388,"path_taken":["M","?","?","?","M","R","E","R","T","E","M","E","M","$","R","BOSS","M","?","M","?","?","E","$","E","T","E","?","M","R","M","R","BOSS","M","$","?","?","?","E","?","M","T","R","E","?","$","E","R","BOSS"],"build_version":"2019-01-23","purchased_purges":0,"victory":true,"max_hp_per_floor":[80,80,80,80,80,80,80,80,80,80,80,80,80,80,80,80,80,84,84,87,87,87,91,91,104,104,104,118,122,122,122,122,122,122,126,126,126,126,126,130,130,134,140,140,143,143,143,147,147,150],"card_choices":[{"not_picked":["Burning Pact","True Grit"],"picked":"Armaments","floor":1},{"not_picked":["Thunderclap","Twin Strike"],"picked":"Cleave","floor":5},{"not_picked":["Warcry","Entrench"],"picked":"Intimidate","floor":7},{"not_picked":["Combust","Infernal Blade"],"picked":"Anger","floor":10},{"not_picked":["Twin Strike","Evolve"],"picked":"Flame Barrier","floor":11},{"not_picked":["Flex","Armaments"],"picked":"Exhume","floor":12},{"not_picked":["Seeing Red","Flame Barrier"],"picked":"True Grit","floor":13},{"not_picked":["Double Tap","Impervious"],"picked":"Reaper","floor":16},{"not_picked":["Perfected Strike","Flex"],"picked":"Sword Boomerang+1","floor":18},{"not_picked":["Armaments+1","True Grit"],"picked":"Battle Trance+1","floor":20},{"not_picked":["Warcry","Pommel Strike","Flex"],"picked":"SKIP","floor":23},{"not_picked":["Warcry+1","Combust"],"picked":"Metallicize+1","floor":25},{"not_picked":["Body Slam","Warcry"],"picked":"Reaper","floor":27},{"not_picked":["Perfected Strike","Flex+1"],"picked":"Uppercut","floor":28},{"not_picked":["Clash","Heavy Blade"],"picked":"Wild Strike+1","floor":29},{"not_picked":["Shockwave","Flex","Carnage"],"picked":"SKIP","floor":31},{"not_picked":["Barricade","Immolate"],"picked":"Offering","floor":33},{"not_picked":["Iron Wave","Evolve+1"],"picked":"Inflame","floor":35},{"not_picked":["Whirlwind+1","Rage"],"picked":"Infernal Blade+1","floor":40},{"not_picked":["Flame Barrier","Wild Strike+1"],"picked":"Warcry+1","floor":42},{"not_picked":["Bloodletting","Iron Wave"],"picked":"Wild Strike+1","floor":45},{"not_picked":["Shockwave","Sever Soul"],"picked":"Inflame+1","floor":46},{"not_picked":["Flame Barrier","Clash+1"],"picked":"True Grit+1","floor":48}],"player_experience":991565,"relics_obtained":[{"floor":3,"key":"MawBank"},{"floor":7,"key":"Red Skull"},{"floor":9,"key":"Darkstone Periapt"},{"floor":10,"key":"Bag of Preparation"},{"floor":12,"key":"Dead Branch"},{"floor":23,"key":"Potion Belt"},{"floor":25,"key":"Strawberry"},{"floor":26,"key":"Champion Belt"},{"floor":27,"key":"Centennial Puzzle"},{"floor":28,"key":"Du-Vu Doll"},{"floor":28,"key":"Mercury Hourglass"},{"floor":40,"key":"Pantograph"},{"floor":43,"key":"Paper Frog"},{"floor":45,"key":"Orichalcum"},{"floor":48,"key":"Bird Faced Urn"}],"event_choices":[{"damage_healed":0,"gold_gain":0,"player_choice":"Entered Light","damage_taken":16,"max_hp_gain":0,"max_hp_loss":0,"event_name":"Shining Light","floor":2,"gold_loss":0,"cards_upgraded":["Defend_R","Defend_R"]},{"damage_healed":0,"gold_gain":0,"player_choice":"Take Damage","damage_taken":20,"relics_obtained":["Golden Idol"],"max_hp_gain":0,"max_hp_loss":0,"event_name":"Golden Idol","floor":4,"gold_loss":0},{"damage_healed":0,"gold_gain":0,"player_choice":"Read","damage_taken":0,"max_hp_gain":0,"max_hp_loss":0,"event_name":"The Library","floor":19,"gold_loss":0,"cards_obtained":["Clothesline"]},{"damage_healed":0,"gold_gain":0,"player_choice":"Simplicity","damage_taken":0,"max_hp_gain":0,"max_hp_loss":0,"event_name":"Back to Basics","floor":21,"gold_loss":0,"cards_upgraded":["Strike_R","Strike_R","Strike_R","Strike_R","Strike_R","Defend_R","Defend_R"]},{"damage_healed":0,"gold_gain":0,"player_choice":"Ignored","damage_taken":0,"max_hp_gain":0,"max_hp_loss":0,"event_name":"Vampires","floor":22,"gold_loss":0},{"damage_healed":0,"gold_gain":0,"player_choice":"Fight","damage_taken":0,"max_hp_gain":0,"max_hp_loss":0,"event_name":"Colosseum","floor":28,"gold_loss":0},{"damage_healed":0,"gold_gain":0,"player_choice":"Fought Nobs","damage_taken":0,"max_hp_gain":0,"max_hp_loss":0,"event_name":"Colosseum","floor":28,"gold_loss":0},{"cards_removed":["Wild Strike"],"damage_healed":0,"gold_gain":0,"player_choice":"Removed Attack","damage_taken":0,"max_hp_gain":0,"max_hp_loss":0,"event_name":"Falling","floor":37,"gold_loss":0},{"damage_healed":0,"gold_gain":333,"player_choice":"Gave Idol","damage_taken":0,"max_hp_gain":0,"max_hp_loss":0,"event_name":"The Moai Head","floor":38,"relics_lost":["Golden Idol"],"gold_loss":0},{"damage_healed":0,"gold_gain":0,"player_choice":"Ignored","damage_taken":0,"max_hp_gain":0,"max_hp_loss":0,"event_name":"SecretPortal","floor":41,"gold_loss":0}],"is_beta":false,"boss_relics":[{"not_picked":["Eternal Feather","Black Star"],"picked":"Coffee Dripper"},{"not_picked":["Orrery","Runic Pyramid"],"picked":"Cursed Key"}],"items_purged_floors":[],"is_endless":false,"potions_floor_spawned":[5,10,11,13,16,20,23,25,28,31,35,42,46],"ascension_level":1}