{"gold_per_floor":[117,137,152,164,182,182,212,212,212,230,241,241,261,279,279,374,374,388,408,507,507,521,553,568,595,595,334,347,357,375,395,395,492,492,505,517,517,531,543,543,555,555,627,644,664,677,677,689,689,689],"floor_reached":51,"playtime":5250,"items_purged":[],"score":832,"play_id":"9c8ff446-7885-4ef4-85c5-73c7a9fd6870","local_time":"20180722154343","is_ascension_mode":false,"campfire_choices":[{"data":"Beam Cell","floor":6.0,"key":"SMITH"},{"floor":12.0,"key":"REST"},{"data":"Zap","floor":15.0,"key":"SMITH"},{"data":"Biased Cognition","floor":32,"key":"SMITH"},{"data":"Creative AI","floor":40,"key":"SMITH"},{"data":"Loop","floor":47,"key":"SMITH"},{"floor":49,"key":"REST"}],"neow_cost":"","seed_source_timestamp":0,"circlet_count":0,"master_deck":["Zap+1","Beam Cell+1","Machine Learning","Auto Shields","Gash","Cold Snap","Compile Driver","Leap","Self Repair","Gash","Biased Cognition+1","All For One","Scrape","Gash","BootSequence","Hologram","Lockon","Cold Snap","Hologram","Loop+1","Chill+1","Blizzard","Static Discharge","Creative AI+1","Go for the Eyes+1","Gash+1","Amplify","Tempest","Capacitor+1","Secret Technique","Gash+1"],"special_seed":0,"relics":["Cracked Core","Calipers","Mummified Hand","Thread and Needle","Pandora\u0027s Box","Dead Branch","Singing Bowl","Anchor","Ornamental Fan","White Beast Statue","Darkstone Periapt"],"potions_floor_usage":[25,39,45,50,50],"damage_taken":[{"damage":1.0,"enemies":"Cultist","floor":1.0,"turns":3.0},{"damage":1.0,"enemies":"Jaw Worm","floor":2.0,"turns":3.0},{"damage":5.0,"enemies":"2 Louse","floor":3.0,"turns":3.0},{"damage":14.0,"enemies":"Gremlin Gang","floor":4.0,"turns":5.0},{"damage":5.0,"enemies":"Blue Slaver","floor":5.0,"turns":4.0},{"damage":0.0,"enemies":"Lagavulin","floor":7.0,"turns":7.0},{"damage":0.0,"enemies":"2 Fungi Beasts","floor":10.0,"turns":4.0},{"damage":10.0,"enemies":"Exordium Thugs","floor":11.0,"turns":3.0},{"damage":8.0,"enemies":"3 Louse","floor":13.0,"turns":3.0},{"damage":0.0,"enemies":"Blue Slaver","floor":14.0,"turns":3.0},{"damage":0.0,"enemies":"Slime Boss","floor":16.0,"turns":7.0},{"damage":7,"enemies":"2 Thieves","floor":18,"turns":3},{"damage":0,"enemies":"Chosen","floor":19,"turns":4},{"damage":17,"enemies":"3 Cultists","floor":22,"turns":5},{"damage":3,"enemies":"Gremlin Leader","floor":23,"turns":6},{"damage":0,"enemies":"Snake Plant","floor":24,"turns":5},{"damage":3,"enemies":"Book of Stabbing","floor":25,"turns":4},{"damage":0,"enemies":"Centurion and Healer","floor":28,"turns":5},{"damage":0,"enemies":"Snecko","floor":29,"turns":4},{"damage":0,"enemies":"Snake Plant","floor":30,"turns":3},{"damage":0,"enemies":"3 Cultists","floor":31,"turns":6},{"damage":0,"enemies":"Automaton","floor":33,"turns":8},{"damage":0,"enemies":"Orb Walker","floor":35,"turns":4},{"damage":2,"enemies":"3 Shapes","floor":36,"turns":5},{"damage":0,"enemies":"Flame Bruiser 2 Orb","floor":38,"turns":4},{"damage":0,"enemies":"Sphere and 2 Shapes","floor":39,"turns":5},{"damage":0,"enemies":"Spire Growth","floor":41,"turns":4},{"damage":33,"enemies":"4 Shapes","floor":44,"turns":5},{"damage":0,"enemies":"Sphere and 2 Shapes","floor":45,"turns":4},{"damage":0,"enemies":"Flame Bruiser 2 Orb","floor":46,"turns":6},{"damage":0,"enemies":"4 Shapes","floor":48,"turns":5},{"damage":79,"enemies":"Time Eater","floor":50,"turns":9}],"seed_played":"6498864371276775073","potions_obtained":[{"floor":2.0,"key":"Explosive Potion"},{"floor":7.0,"key":"Poison Potion"},{"floor":11.0,"key":"AttackPotion"},{"floor":14.0,"key":"Swift Potion"},{"floor":22,"key":"Swift Potion"},{"floor":25,"key":"FocusPotion"},{"floor":30,"key":"SpeedPotion"},{"floor":35,"key":"Explosive Potion"},{"floor":36,"key":"Energy Potion"},{"floor":38,"key":"Poison Potion"},{"floor":39,"key":"Dexterity Potion"},{"floor":45,"key":"LiquidBronze"},{"floor":48,"key":"Weak Potion"}],"is_trial":false,"path_per_floor":["M","M","M","M","M","R","E","?","T","M","M","R","M","M","R","B",null,"M","M","?","?","M","E","M","E","T","$","M","M","M","M","R","B",null,"M","M","?","M","M","R","M","?","T","M","M","M","R","M","R","B"],"character_chosen":"DEFECT","items_purchased":["Ornamental Fan"],"campfire_rested":2,"item_purchase_floors":[27],"current_hp_per_floor":[74,73,68,54,49,49,49,49,49,49,39,61,60,67,67,74,75,68,75,75,75,65,69,69,75,75,75,79,79,81,83,83,83,83,85,83,83,85,89,89,89,89,89,65,74,83,83,83,95,16],"gold":689,"neow_bonus":"","is_prod":false,"is_daily":false,"chose_seed":false,"campfire_upgraded":5,"win_rate":0.0,"timestamp":1532288623,"path_taken":["M","M","M","?","M","R","E","?","T","M","?","R","M","M","R","BOSS","M","M","?","?","?","E","?","E","T","$","M","M","M","M","R","BOSS","M","M","?","M","M","R","M","?","T","M","?","M","R","M","R","BOSS"],"build_version":"2018-07-19v2","purchased_purges":0,"victory":true,"max_hp_per_floor":[75,75,75,75,75,75,75,75,75,75,75,75,75,75,75,75,75,75,75,75,75,75,75,75,77,77,77,79,79,81,83,83,83,83,85,85,85,87,89,89,89,89,89,91,93,95,95,95,95,95],"card_choices":[{"not_picked":["Auto Shields","Coolheaded"],"picked":"Beam Cell","floor":1.0},{"not_picked":["Go for the Eyes","Glacier"],"picked":"Machine Learning","floor":2.0},{"not_picked":["Sweeping Beam","Compile Driver"],"picked":"Auto Shields","floor":3.0},{"not_picked":["Coolheaded","White Noise"],"picked":"Gash","floor":4.0},{"not_picked":["Streamline","Steam"],"picked":"Cold Snap","floor":5.0},{"not_picked":["Heatsinks","Leap"],"picked":"Compile Driver","floor":7.0},{"not_picked":["Stack","Streamline"],"picked":"Leap","floor":10.0},{"not_picked":["Genetic Algorithm","Force Field"],"picked":"Self Repair","floor":11.0},{"not_picked":["Hologram","Beam Cell"],"picked":"Gash","floor":13.0},{"not_picked":["Streamline","Beam Cell"],"picked":"Biased Cognition","floor":14.0},{"not_picked":["Rainbow","Multi-Cast"],"picked":"All For One","floor":16.0},{"not_picked":["Auto Shields","Darkness"],"picked":"Chill+1","floor":18},{"not_picked":["Hologram","Beam Cell"],"picked":"Blizzard","floor":19},{"not_picked":["Conserve Battery+1","Compile Driver+1"],"picked":"Static Discharge","floor":22},{"not_picked":["White Noise+1","Glacier+1"],"picked":"Creative AI","floor":23},{"not_picked":["Redo+1","FTL+1"],"picked":"Go for the Eyes+1","floor":24},{"not_picked":["Compile Driver","BootSequence","Beam Cell"],"picked":"Singing Bowl","floor":25},{"not_picked":["Go for the Eyes","Cold Snap+1","Skim"],"picked":"Singing Bowl","floor":28},{"not_picked":["Barrage","Compile Driver"],"picked":"Gash+1","floor":29},{"not_picked":["Loop+1","Leap","Streamline+1"],"picked":"Singing Bowl","floor":30},{"not_picked":["Skim","Consume","Gash"],"picked":"Singing Bowl","floor":31},{"not_picked":["Multi-Cast","Machine Learning"],"picked":"Amplify","floor":33},{"not_picked":["Barrage","Double Energy","Defragment+1"],"picked":"Singing Bowl","floor":35},{"not_picked":["Hologram+1","Go for the Eyes+1"],"picked":"Tempest","floor":36},{"not_picked":["Double Energy+1","Go for the Eyes+1","Genetic Algorithm"],"picked":"Singing Bowl","floor":38},{"not_picked":["Skim+1","FTL","Go for the Eyes"],"picked":"Singing Bowl","floor":39},{"not_picked":["Cold Snap+1","Steam+1"],"picked":"Capacitor+1","floor":41},{"not_picked":["Panacea","Magnetism"],"picked":"Secret Technique","floor":42},{"not_picked":["Fusion","Ball Lightning","Lockon+1"],"picked":"Singing Bowl","floor":44},{"not_picked":["Stack","Redo+1","Loop"],"picked":"Singing Bowl","floor":45},{"not_picked":["Leap+1","Sweeping Beam+1","Hologram"],"picked":"Singing Bowl","floor":46},{"not_picked":["Force Field+1","BootSequence+1"],"picked":"Gash+1","floor":48}],"player_experience":225695,"relics_obtained":[{"floor":7.0,"key":"Calipers"},{"floor":9.0,"key":"Thread and Needle"},{"floor":23,"key":"Dead Branch"},{"floor":25,"key":"Singing Bowl"},{"floor":26,"key":"Anchor"},{"floor":43,"key":"Darkstone Periapt"}],"event_choices":[{"event_name":"Dead Adventurer","player_choice":"Searched \u00272\u0027 times","floor":8.0,"damage_taken":0.0},{"event_name":"Nest","player_choice":"Stole From Cult","floor":20,"damage_taken":0},{"event_name":"Vampires","player_choice":"Ignored","floor":21,"damage_taken":0},{"event_name":"Falling","player_choice":"Removed Skill","floor":37,"damage_taken":0},{"event_name":"SensoryStone","player_choice":"Memory 1","floor":42,"damage_taken":0}],"is_beta":false,"boss_relics":[{"not_picked":["Cursed Key","Coffee Dripper"],"picked":"Pandora\u0027s Box"},{"not_picked":["Snecko Eye","Runic Dome"],"picked":"White Beast Statue"}],"items_purged_floors":[],"is_endless":false,"potions_floor_spawned":[2,7,11,14,22,25,30,35,36,38,39,41,44,45,46,48],"ascension_level":0}