{"gold_per_floor":[209,220,238,238,253,253,283,283,283,302,332,332,359,53,53,152,152,167,167,167,167,167,198,275,275,275,275,288,300,334,346,346,443,443,459,505,505,605,619,644,644,674,674,705,705,735,103,134,134,134],"floor_reached":51,"playtime":3420,"items_purged":["Strike_R","Defend_R"],"score":1196,"play_id":"ac892e4c-af1b-4edd-a770-6a306ec95d84","local_time":"20190123204738","is_ascension_mode":true,"campfire_choices":[{"data":"Armaments","floor":6,"key":"SMITH"},{"data":"Bash","floor":8,"key":"SMITH"},{"data":"Clothesline","floor":12,"key":"SMITH"},{"data":"Metallicize","floor":15,"key":"SMITH"},{"data":"Feel No Pain","floor":25,"key":"SMITH"},{"floor":27,"key":"DIG"},{"floor":32,"key":"DIG"},{"data":"Heavy Blade","floor":41,"key":"SMITH"},{"floor":49,"key":"DIG"}],"neow_cost":"NONE","seed_source_timestamp":16185821085112,"circlet_count":0,"master_deck":["Strike_R","Strike_R","Strike_R","Strike_R","Defend_R","Defend_R","Defend_R","Bash+1","Flame Barrier","Clothesline+1","Armaments+1","Twin Strike","Impervious","Spot Weakness+1","Metallicize+1","Feel No Pain+1","True Grit+1","Panacea+1","Limit Break+1","Battle Trance+1","Shrug It Off+1","Shrug It Off+1","True Grit+1","Heavy Blade+1","True Grit+1","Warcry+1","Impervious+1","Flex+1","Metallicize","Whirlwind+1","Anger+1","Flash of Steel","Blind+1","Trip+1","Juggernaut","Spot Weakness+1","Secret Weapon+1","Finesse+1","Havoc+1","Headbutt"],"relics":["Burning Blood","Bottled Lightning","Question Card","Toxic Egg 2","Bottled Flame","Sozu","MutagenicStrength","Enchiridion","Pear","Meat on the Bone","Shovel","Regal Pillow","Red Skull","Paper Frog","Black Star","Ice Cream","Nunchaku","WingedGreaves","Happy Flower","Unceasing Top","Mummified Hand","Mango","Prayer Wheel","Orichalcum","Champion Belt","Darkstone Periapt","Self Forming Clay","Lantern","Shuriken"],"potions_floor_usage":[7,11,13,16,16],"damage_taken":[{"damage":1,"enemies":"Cultist","floor":1,"turns":4},{"damage":6,"enemies":"Jaw Worm","floor":2,"turns":4},{"damage":2,"enemies":"Small Slimes","floor":3,"turns":4},{"damage":8,"enemies":"Looter","floor":5,"turns":4},{"damage":20,"enemies":"3 Sentries","floor":7,"turns":8},{"damage":0,"enemies":"Large Slime","floor":10,"turns":8},{"damage":13,"enemies":"Lagavulin","floor":11,"turns":8},{"damage":28,"enemies":"3 Sentries","floor":13,"turns":8},{"damage":27,"enemies":"Slime Boss","floor":16,"turns":10},{"damage":10,"enemies":"Spheric Guardian","floor":18,"turns":7},{"damage":21,"enemies":"Book of Stabbing","floor":23,"turns":7},{"damage":7,"enemies":"Chosen","floor":28,"turns":3},{"damage":1,"enemies":"3 Cultists","floor":29,"turns":5},{"damage":29,"enemies":"Gremlin Leader","floor":30,"turns":6},{"damage":3,"enemies":"Shelled Parasite and Fungi","floor":31,"turns":6},{"damage":60,"enemies":"Automaton","floor":33,"turns":11},{"damage":6,"enemies":"3 Shapes","floor":35,"turns":10},{"damage":36,"enemies":"2 Orb Walkers","floor":36,"turns":7},{"damage":5,"enemies":"Mind Bloom Boss Battle","floor":38,"turns":11},{"damage":7,"enemies":"3 Darklings","floor":39,"turns":7},{"damage":28,"enemies":"Giant Head","floor":40,"turns":9},{"damage":0,"enemies":"Nemesis","floor":42,"turns":9},{"damage":23,"enemies":"Reptomancer","floor":44,"turns":5},{"damage":4,"enemies":"Giant Head","floor":46,"turns":5},{"damage":1,"enemies":"Reptomancer","floor":48,"turns":5},{"damage":26,"enemies":"Donu and Deca","floor":50,"turns":6}],"seed_played":"4701008349069980313","potions_obtained":[{"floor":1,"key":"SkillPotion"},{"floor":3,"key":"LiquidBronze"},{"floor":7,"key":"Poison Potion"},{"floor":11,"key":"LiquidBronze"}],"is_trial":false,"path_per_floor":["M","M","M","?","M","R","E","R","T","M","E","R","E","$","R","B",null,"M","?","?","?","?","E","T","R","T","R","M","M","E","M","R","B",null,"M","?","?","?","M","E","R","E","T","E","?","E","$","E","R","B",null],"character_chosen":"IRONCLAD","items_purchased":["Feel No Pain","True Grit+1","Panacea+1","Fire Potion","Juggernaut","Spot Weakness+1","Secret Weapon+1","Finesse+1","Havoc+1"],"campfire_rested":0,"item_purchase_floors":[14,14,14,14,47,47,47,47,47],"current_hp_per_floor":[80,80,80,80,78,78,64,64,64,70,63,63,41,41,41,20,80,76,76,76,76,60,55,55,55,55,55,54,59,48,63,63,21,90,90,60,60,61,60,50,50,56,70,65,55,69,69,74,74,66],"gold":134,"neow_bonus":"HUNDRED_GOLD","is_prod":false,"is_daily":false,"chose_seed":false,"campfire_upgraded":6,"win_rate":0,"timestamp":1548229658,"path_taken":["M","?","M","?","M","R","E","R","T","M","E","R","E","$","R","BOSS","M","?","?","?","?","E","?","R","T","R","M","?","E","?","R","BOSS","M","?","?","?","M","E","R","E","T","E","?","E","$","E","R","BOSS"],"build_version":"2019-01-17v2","purchased_purges":2,"victory":true,"max_hp_per_floor":[80,80,80,80,80,80,80,80,80,80,80,80,80,80,80,80,80,80,80,80,80,80,90,90,90,90,90,90,90,90,90,90,90,90,90,90,90,90,90,90,90,90,104,104,104,104,104,104,104,104],"card_choices":[{"not_picked":["Bloodletting","Wild Strike"],"picked":"Flame Barrier","floor":1},{"not_picked":["Combust","Flame Barrier"],"picked":"Headbutt","floor":2},{"not_picked":["Thunderclap","Havoc"],"picked":"Clothesline","floor":3},{"not_picked":["Headbutt","Thunderclap"],"picked":"Armaments","floor":5},{"not_picked":["Second Wind","Heavy Blade"],"picked":"Twin Strike","floor":7},{"not_picked":["Clothesline","Armaments","Combust"],"picked":"Impervious","floor":10},{"not_picked":["Wild Strike","Rupture","Thunderclap"],"picked":"Spot Weakness","floor":11},{"not_picked":["Berserk","Flex+1","Iron Wave"],"picked":"Metallicize","floor":13},{"not_picked":["Offering+1","Feed","Double Tap+1"],"picked":"Limit Break+1","floor":16},{"not_picked":["Clothesline","Pommel Strike","Bloodletting+1"],"picked":"Battle Trance+1","floor":18},{"not_picked":["Iron Wave+1","Sword Boomerang","Uppercut+1"],"picked":"Shrug It Off+1","floor":23},{"not_picked":["Heavy Blade+1","Sword Boomerang","Twin Strike"],"picked":"True Grit+1","floor":28},{"not_picked":["Clothesline","Clash","Feed"],"picked":"Heavy Blade","floor":29},{"not_picked":["Twin Strike","Wild Strike","Bludgeon"],"picked":"True Grit+1","floor":30},{"not_picked":["Clothesline","Blood for Blood+1","Rupture+1"],"picked":"Warcry+1","floor":31},{"not_picked":["Immolate","Bludgeon","Dark Embrace"],"picked":"Impervious+1","floor":33},{"not_picked":["Heavy Blade","Perfected Strike+1","Ghostly Armor+1","Cleave"],"picked":"SKIP","floor":35},{"not_picked":["Pommel Strike","Warcry+1","Sword Boomerang"],"picked":"Flex+1","floor":38},{"not_picked":["Rupture+1","Sentinel+1","Reckless Charge","Iron Wave+1"],"picked":"SKIP","floor":39},{"not_picked":["Flex+1","Cleave","Rampage"],"picked":"Metallicize","floor":40},{"not_picked":["Warcry+1","Exhume+1","Twin Strike"],"picked":"Whirlwind+1","floor":42},{"not_picked":["Rage+1","Iron Wave","Dropkick+1"],"picked":"Anger+1","floor":44},{"not_picked":["Enlightenment+1","Deep Breath+1","Dramatic Entrance"],"picked":"Flash of Steel","floor":45},{"not_picked":["Deep Breath+1","Impatience+1","Forethought+1"],"picked":"Blind+1","floor":45},{"not_picked":["Mind Blast","Deep Breath+1","Panacea+1"],"picked":"Trip+1","floor":45},{"not_picked":["Warcry+1","Entrench+1","Thunderclap+1","Ghostly Armor+1"],"picked":"SKIP","floor":46},{"not_picked":["Entrench+1","Twin Strike+1","Combust+1"],"picked":"Headbutt","floor":48}],"player_experience":14465,"relics_obtained":[{"floor":7,"key":"Bottled Lightning"},{"floor":9,"key":"Question Card"},{"floor":11,"key":"Toxic Egg 2"},{"floor":13,"key":"Bottled Flame"},{"floor":22,"key":"Enchiridion"},{"floor":23,"key":"Pear"},{"floor":24,"key":"Meat on the Bone"},{"floor":26,"key":"Shovel"},{"floor":27,"key":"Regal Pillow"},{"floor":30,"key":"Red Skull"},{"floor":32,"key":"Paper Frog"},{"floor":36,"key":"Ice Cream"},{"floor":38,"key":"Nunchaku"},{"floor":40,"key":"WingedGreaves"},{"floor":40,"key":"Happy Flower"},{"floor":42,"key":"Unceasing Top"},{"floor":42,"key":"Mummified Hand"},{"floor":43,"key":"Mango"},{"floor":44,"key":"Prayer Wheel"},{"floor":44,"key":"Orichalcum"},{"floor":46,"key":"Champion Belt"},{"floor":46,"key":"Darkstone Periapt"},{"floor":48,"key":"Self Forming Clay"},{"floor":48,"key":"Lantern"},{"floor":49,"key":"Shuriken"}],"event_choices":[{"damage_healed":0,"gold_gain":0,"player_choice":"Ignored","damage_taken":0,"max_hp_gain":0,"max_hp_loss":0,"event_name":"Liars Game","floor":4,"gold_loss":0},{"damage_healed":0,"gold_gain":0,"player_choice":"Inject Mutagens","damage_taken":0,"relics_obtained":["MutagenicStrength"],"max_hp_gain":0,"max_hp_loss":0,"event_name":"Drug Dealer","floor":19,"gold_loss":0},{"damage_healed":0,"gold_gain":0,"player_choice":"Read","damage_taken":0,"max_hp_gain":0,"max_hp_loss":0,"event_name":"The Library","floor":20,"gold_loss":0,"cards_obtained":["Shrug It Off"]},{"damage_healed":0,"gold_gain":0,"player_choice":"Ignored","damage_taken":0,"max_hp_gain":0,"max_hp_loss":0,"event_name":"The Mausoleum","floor":21,"gold_loss":0},{"damage_healed":0,"gold_gain":0,"player_choice":"Obtained Book","damage_taken":16,"max_hp_gain":0,"max_hp_loss":0,"event_name":"Cursed Tome","floor":22,"gold_loss":0},{"damage_healed":0,"gold_gain":0,"player_choice":"Fight","damage_taken":0,"max_hp_gain":0,"max_hp_loss":0,"event_name":"Mysterious Sphere","floor":36,"gold_loss":0},{"cards_removed":["Headbutt"],"damage_healed":0,"gold_gain":0,"player_choice":"Removed Attack","damage_taken":0,"max_hp_gain":0,"max_hp_loss":0,"event_name":"Falling","floor":37,"gold_loss":0},{"damage_healed":0,"gold_gain":0,"player_choice":"Fight","damage_taken":0,"max_hp_gain":0,"max_hp_loss":0,"event_name":"MindBloom","floor":38,"gold_loss":0},{"damage_healed":0,"gold_gain":0,"player_choice":"Memory 3","damage_taken":10,"max_hp_gain":0,"max_hp_loss":0,"event_name":"SensoryStone","floor":45,"gold_loss":0}],"is_beta":false,"boss_relics":[{"not_picked":["Calling Bell","Busted Crown"],"picked":"Sozu"},{"not_picked":["Velvet Choker","Runic Dome"],"picked":"Black Star"}],"items_purged_floors":[14,47],"is_endless":false,"potions_floor_spawned":[1,3,7,11,23,29,31,38,39,42,48],"ascension_level":4}