{"gold_per_floor":[368,26,43,43,60,60,76,92,92,127,127,144,157,177,177,279,279,219,230,242,65,83,83,111,129,129,141,166,166,76,91,91,189,189,202,222,240,253,22,22,34,34,334,334,346,363,379,399,399,399],"floor_reached":51,"playtime":11575,"items_purged":["Doubt","Static Discharge+1"],"score":776,"play_id":"9f8c86ec-c35e-4cdb-b99f-8a55aecec013","local_time":"20190114141809","is_ascension_mode":false,"campfire_choices":[{"data":"Thinking Ahead","floor":6.0,"key":"SMITH"},{"data":"Hologram","floor":15.0,"key":"SMITH"},{"data":"Consume","floor":23.0,"key":"SMITH"},{"data":"Chaos","floor":32.0,"key":"SMITH"},{"floor":40.0,"key":"REST"},{"data":"Capacitor","floor":42.0,"key":"SMITH"},{"data":"Seek","floor":44,"key":"SMITH"},{"floor":49,"key":"REST"}],"neow_cost":"CURSE","seed_source_timestamp":249997060791276,"circlet_count":0,"master_deck":["Zap","Dualcast","Glacier","Thinking Ahead+1","Capacitor+1","Hologram+1","Coolheaded","Cold Snap+1","Echo Form","Conserve Battery","Chill","Self Repair+1","Seek+1","Redo","Hologram","Echo Form+1","Coolheaded","BootSequence","Chaos+1","Capacitor+1","Cold Snap+1","Consume+1","Reinforced Body","Chill","Coolheaded+1","Redo","Hologram+1","Leap+1","Seek","Loop+1","Defragment+1","Parasite","Glacier","Redo+1"],"special_seed":0,"relics":["Cracked Core","Frozen Egg 2","Letter Opener","Pandora\u0027s Box","Centennial Puzzle","Gremlin Horn","Pear","Ancient Tea Set","Snecko Eye","Anchor","Old Coin"],"potions_floor_usage":[50,50,50],"damage_taken":[{"damage":6.0,"enemies":"2 Louse","floor":1.0,"turns":3.0},{"damage":0.0,"enemies":"Small Slimes","floor":3.0,"turns":4.0},{"damage":2.0,"enemies":"Cultist","floor":5.0,"turns":4.0},{"damage":14.0,"enemies":"3 Louse","floor":7.0,"turns":5.0},{"damage":0.0,"enemies":"Blue Slaver","floor":8.0,"turns":4.0},{"damage":0.0,"enemies":"Lagavulin","floor":10.0,"turns":9.0},{"damage":15.0,"enemies":"Lots of Slimes","floor":12.0,"turns":3.0},{"damage":5.0,"enemies":"Red Slaver","floor":13.0,"turns":5.0},{"damage":8.0,"enemies":"Looter","floor":14.0,"turns":4.0},{"damage":24.0,"enemies":"The Guardian","floor":16.0,"turns":15.0},{"damage":6.0,"enemies":"2 Thieves","floor":18.0,"turns":4.0},{"damage":5.0,"enemies":"3 Byrds","floor":19.0,"turns":5.0},{"damage":40.0,"enemies":"3 Cultists","floor":20.0,"turns":7.0},{"damage":23.0,"enemies":"Snake Plant","floor":22.0,"turns":10.0},{"damage":26.0,"enemies":"Slavers","floor":24.0,"turns":10.0},{"damage":10.0,"enemies":"Shelled Parasite and Fungi","floor":25.0,"turns":12.0},{"damage":6.0,"enemies":"Centurion and Healer","floor":27.0,"turns":9.0},{"damage":14.0,"enemies":"Gremlin Leader","floor":28.0,"turns":10.0},{"damage":3.0,"enemies":"Snecko","floor":31.0,"turns":6.0},{"damage":0.0,"enemies":"Automaton","floor":33.0,"turns":12.0},{"damage":1.0,"enemies":"3 Darklings","floor":35.0,"turns":6.0},{"damage":32.0,"enemies":"3 Shapes","floor":36.0,"turns":6.0},{"damage":28.0,"enemies":"Sphere and 2 Shapes","floor":37.0,"turns":5.0},{"damage":24.0,"enemies":"4 Shapes","floor":38.0,"turns":6.0},{"damage":0.0,"enemies":"Writhing Mass","floor":41.0,"turns":5.0},{"damage":0,"enemies":"3 Darklings","floor":45,"turns":7},{"damage":0,"enemies":"Maw","floor":46,"turns":8},{"damage":44,"enemies":"Sphere and 2 Shapes","floor":47,"turns":8},{"damage":5,"enemies":"4 Shapes","floor":48,"turns":7},{"damage":15,"enemies":"Awakened One","floor":50,"turns":13}],"seed_played":"-1271040058232965691","potions_obtained":[{"floor":1.0,"key":"Swift Potion"},{"floor":7.0,"key":"Regen Potion"},{"floor":12.0,"key":"Energy Potion"},{"floor":16.0,"key":"Explosive Potion"},{"floor":22.0,"key":"Ancient Potion"},{"floor":24.0,"key":"Regen Potion"},{"floor":31.0,"key":"Energy Potion"},{"floor":35.0,"key":"GamblersBrew"},{"floor":45,"key":"SpeedPotion"},{"floor":46,"key":"FearPotion"},{"floor":47,"key":"Poison Potion"}],"is_trial":false,"path_per_floor":["M","$","M","?","M","R","M","M","T","E","?","M","M","M","R","B",null,"M","M","M","$","M","R","E","M","T","M","E","?","?","M","R","B",null,"M","M","M","M","$","R","M","R","T","R","M","M","M","M","R","B",null],"character_chosen":"DEFECT","items_purchased":["Thinking Ahead","Capacitor","Hologram","Reinforced Body","Defragment+1","Anchor"],"campfire_rested":2,"item_purchase_floors":[2,2,2,21,39,39],"current_hp_per_floor":[69,69,69,69,67,67,53,53,53,68,68,53,48,50,50,36,75,69,74,54,54,41,41,25,50,50,64,80,80,80,85,85,85,85,85,63,45,41,41,66,85,85,85,85,85,85,61,76,85,80],"gold":399,"neow_bonus":"TWO_FIFTY_GOLD","is_prod":false,"is_daily":false,"chose_seed":false,"campfire_upgraded":6,"win_rate":0.0,"timestamp":1547493489,"path_taken":["M","$","M","?","M","R","M","M","T","E","?","M","?","M","R","BOSS","M","M","M","$","M","R","E","M","T","M","E","?","?","M","R","BOSS","M","M","M","M","$","R","M","R","T","R","M","M","M","M","R","BOSS"],"build_version":"2019-01-10","purchased_purges":2,"victory":true,"max_hp_per_floor":[75,75,75,75,75,75,75,75,75,75,75,75,75,75,75,75,75,75,75,75,75,75,75,75,75,75,75,85,85,85,85,85,85,85,85,85,85,85,85,85,85,85,85,85,85,85,85,85,85,85],"card_choices":[{"not_picked":["Compile Driver","Streamline"],"picked":"Glacier","floor":1.0},{"not_picked":["Double Energy","Rebound","Sweeping Beam"],"picked":"SKIP","floor":3.0},{"not_picked":["Genetic Algorithm","Rebound"],"picked":"Coolheaded","floor":5.0},{"not_picked":["Rebound","Barrage"],"picked":"Cold Snap","floor":7.0},{"not_picked":["Leap","Ball Lightning"],"picked":"Echo Form","floor":8.0},{"not_picked":["Steam Power","Beam Cell"],"picked":"Conserve Battery","floor":10.0},{"not_picked":["Sweeping Beam","Conserve Battery"],"picked":"Chill","floor":12.0},{"not_picked":["Rebound","Melter"],"picked":"Self Repair+1","floor":13.0},{"not_picked":["Scrape","Reprogram","Beam Cell"],"picked":"SKIP","floor":14.0},{"not_picked":["Rainbow","Multi-Cast"],"picked":"Seek","floor":16.0},{"not_picked":["Beam Cell","Go for the Eyes"],"picked":"Capacitor+1","floor":18.0},{"not_picked":["BootSequence","Rebound"],"picked":"Cold Snap+1","floor":19.0},{"not_picked":["Gash","Static Discharge+1"],"picked":"Consume","floor":20.0},{"not_picked":["Gash","Hello World+1"],"picked":"Chill","floor":22.0},{"not_picked":["Beam Cell","BootSequence"],"picked":"Coolheaded+1","floor":24.0},{"not_picked":["Go for the Eyes+1","Conserve Battery"],"picked":"Redo","floor":25.0},{"not_picked":["Barrage","Static Discharge+1","Reboot"],"picked":"SKIP","floor":27.0},{"not_picked":["Scrape","Sweeping Beam"],"picked":"Hologram+1","floor":28.0},{"not_picked":["Compile Driver","Streamline"],"picked":"Leap+1","floor":31.0},{"not_picked":["Biased Cognition+1","Buffer+1"],"picked":"Seek","floor":33.0},{"not_picked":["Streamline","Coolheaded+1"],"picked":"Loop+1","floor":35.0},{"not_picked":["Cold Snap","Sweeping Beam","Barrage"],"picked":"SKIP","floor":36.0},{"not_picked":["Stack+1","Conserve Battery+1","Steam Power"],"picked":"SKIP","floor":37.0},{"not_picked":["Heatsinks+1","Sweeping Beam","Rebound+1"],"picked":"SKIP","floor":38.0},{"not_picked":["Static Discharge+1","Scrape"],"picked":"Glacier","floor":41.0},{"not_picked":["Streamline","All For One"],"picked":"Redo+1","floor":45},{"not_picked":["Darkness+1","Undo","Leap+1"],"picked":"SKIP","floor":46},{"not_picked":["Ball Lightning","Leap+1","Hologram+1"],"picked":"SKIP","floor":47},{"not_picked":["Compile Driver","Hologram+1","Stack+1"],"picked":"SKIP","floor":48}],"player_experience":80805,"relics_obtained":[{"floor":9.0,"key":"Frozen Egg 2"},{"floor":10.0,"key":"Letter Opener"},{"floor":24.0,"key":"Centennial Puzzle"},{"floor":26.0,"key":"Gremlin Horn"},{"floor":28.0,"key":"Pear"},{"floor":43.0,"key":"Old Coin"}],"event_choices":[{"damage_healed":0.0,"max_hp_gain":0.0,"max_hp_loss":0.0,"gold_gain":0.0,"event_name":"The Cleric","player_choice":"Leave","floor":4.0,"gold_loss":0.0,"damage_taken":0.0},{"cards_removed":["Defend_B"],"damage_healed":0.0,"max_hp_gain":0.0,"max_hp_loss":0.0,"gold_gain":0.0,"event_name":"Bonfire Elementals","player_choice":"Offered Basic","floor":11.0,"gold_loss":0.0,"damage_taken":0.0},{"damage_healed":0.0,"max_hp_gain":0.0,"max_hp_loss":0.0,"gold_gain":0.0,"event_name":"The Mausoleum","player_choice":"Opened","floor":29.0,"gold_loss":0.0,"damage_taken":0.0,"relics_obtained":["Ancient Tea Set"],"cards_obtained":["Writhe"]},{"cards_removed":["Writhe"],"damage_healed":0.0,"max_hp_gain":0.0,"max_hp_loss":0.0,"gold_gain":0.0,"event_name":"Designer","player_choice":"Upgrade and Remove","floor":30.0,"gold_loss":90.0,"damage_taken":0.0,"cards_upgraded":["Cold Snap"]}],"is_beta":false,"boss_relics":[{"not_picked":["FrozenCore","Sozu"],"picked":"Pandora\u0027s Box"},{"not_picked":["Cursed Key","Calling Bell"],"picked":"Snecko Eye"}],"items_purged_floors":[2,21],"is_endless":false,"potions_floor_spawned":[1,7,12,16,22,24,31,35,45,46,47],"ascension_level":0}