{"gold_per_floor":[114,114,134,145,145,178,178,194,194,96,96,128,142,175,175,280,280,298,308,308,325,325,352,382,415,415,415,18,48,48,61,61,165,165,180,194,469,253,104,136,136,154,154,254,269,281,281,312,312,312,312,312,10,41,41],"floor_reached":56,"playtime":10921,"items_purged":["Strike_B","Strike_B","Regret","Defend_B","Defend_B"],"score":1610,"play_id":"69bcd683-9b24-4e2a-b038-bf826150ecf6","local_time":"20190223161031","is_ascension_mode":true,"campfire_choices":[{"data":"Zap","floor":7.0,"key":"SMITH"},{"data":"Hologram","floor":11.0,"key":"SMITH"},{"data":"Defragment","floor":15,"key":"SMITH"},{"floor":27,"key":"REST"},{"data":"White Noise","floor":30,"key":"SMITH"},{"data":"Defragment","floor":32,"key":"SMITH"},{"data":"Defragment","floor":41,"key":"SMITH"},{"floor":49,"key":"RECALL"},{"data":"Echo Form","floor":52,"key":"SMITH"}],"neow_cost":"NONE","seed_source_timestamp":134552104086716,"circlet_count":0,"master_deck":["Zap+1","Dualcast","Gash","Genetic Algorithm","Hologram+1","Consume+1","Rebound","Electrodynamics","Defragment+1","Defragment+1","Machine Learning","Ball Lightning","BootSequence+1","Leap","Self Repair+1","Conserve Battery","White Noise+1","Cold Snap","Defragment+1","Coolheaded","All For One","Amplify+1","Blizzard+1","Reprogram+1","Force Field+1","Consume+1","Sunder","Bandage Up","Cold Snap","Hologram+1","Conserve Battery","Cold Snap","Echo Form+1","Capacitor","Gash","Master of Strategy","Good Instincts"],"special_seed":0,"relics":["FrozenCore","Meat on the Bone","Mango","Cables","Thread and Needle","Letter Opener","Centennial Puzzle","Red Mask","War Paint","Potion Belt","Membership Card","Juzu Bracelet","Vajra","Astrolabe","Pen Nib","Blood Vial","PreservedInsect","Emotion Chip","Kunai","Bottled Tornado"],"potions_floor_usage":[23,24,29,33,55,55,55],"damage_taken":[{"damage":0.0,"enemies":"2 Louse","floor":1.0,"turns":2.0},{"damage":7.0,"enemies":"Jaw Worm","floor":3.0,"turns":3.0},{"damage":1.0,"enemies":"Cultist","floor":4.0,"turns":4.0},{"damage":27.0,"enemies":"Lagavulin","floor":6.0,"turns":7.0},{"damage":1.0,"enemies":"2 Fungi Beasts","floor":8.0,"turns":4.0},{"damage":20.0,"enemies":"3 Sentries","floor":12.0,"turns":6.0},{"damage":0.0,"enemies":"Exordium Wildlife","floor":13.0,"turns":2.0},{"damage":37.0,"enemies":"Lagavulin","floor":14.0,"turns":6.0},{"damage":15,"enemies":"Slime Boss","floor":16,"turns":6},{"damage":15,"enemies":"3 Byrds","floor":18,"turns":3},{"damage":2,"enemies":"Spheric Guardian","floor":19,"turns":3},{"damage":30,"enemies":"Snake Plant","floor":21,"turns":5},{"damage":24,"enemies":"Gremlin Leader","floor":23,"turns":7},{"damage":28,"enemies":"Masked Bandits","floor":24,"turns":6},{"damage":17,"enemies":"Slavers","floor":25,"turns":4},{"damage":17,"enemies":"Book of Stabbing","floor":29,"turns":6},{"damage":13,"enemies":"Centurion and Healer","floor":31,"turns":6},{"damage":0,"enemies":"Champ","floor":33,"turns":11},{"damage":5,"enemies":"Orb Walker","floor":35,"turns":3},{"damage":0,"enemies":"3 Darklings","floor":36,"turns":7},{"damage":43,"enemies":"Nemesis","floor":40,"turns":7},{"damage":11,"enemies":"Spire Growth","floor":42,"turns":7},{"damage":0,"enemies":"Mind Bloom Boss Battle","floor":44,"turns":6},{"damage":16,"enemies":"Transient","floor":45,"turns":5},{"damage":5,"enemies":"Maw","floor":46,"turns":6},{"damage":34,"enemies":"Giant Head","floor":48,"turns":10},{"damage":32,"enemies":"Donu and Deca","floor":50,"turns":9},{"damage":26,"enemies":"Shield and Spear","floor":54,"turns":7},{"damage":44,"enemies":"The Heart","floor":55,"turns":9}],"seed_played":"8028966510119358595","potions_obtained":[{"floor":1.0,"key":"SpeedPotion"},{"floor":3.0,"key":"Fruit Juice"},{"floor":8.0,"key":"Energy Potion"},{"floor":21,"key":"Regen Potion"},{"floor":23,"key":"SkillPotion"},{"floor":24,"key":"FocusPotion"},{"floor":25,"key":"FearPotion"},{"floor":33,"key":"Poison Potion"},{"floor":40,"key":"Explosive Potion"},{"floor":45,"key":"Strength Potion"},{"floor":46,"key":"Strength Potion"},{"floor":54,"key":"FocusPotion"}],"is_trial":false,"path_per_floor":["M","?","M","M","T","E","R","M","T","$","R","E","M","E","R","B",null,"M","M","?","M","?","E","?","E","T","R","$","E","R","M","R","B",null,"M","M","?","$","$","E","R","M","T","?","M","M","?","E","R","B",null,"R","$","E","B",null],"character_chosen":"DEFECT","items_purchased":["Rebound","Membership Card","Cold Snap","Juzu Bracelet","Pen Nib","Sunder","Bandage Up","Blood Vial","Capacitor","Gash","Master of Strategy","Good Instincts","FearPotion"],"campfire_rested":1,"item_purchase_floors":[10,28,28,28,38,38,38,39,53,53,53,53,53],"current_hp_per_floor":[82,75,68,72,72,59,59,58,58,58,58,50,62,37,37,34,84,69,67,47,29,29,32,26,31,31,62,62,67,67,64,64,74,98,103,106,106,106,106,67,67,72,72,88,78,89,89,61,61,47,91,91,91,71,49],"gold":41,"neow_bonus":"TEN_PERCENT_HP_BONUS","is_prod":false,"is_daily":false,"chose_seed":false,"campfire_upgraded":7,"win_rate":0,"timestamp":1550967031,"path_taken":["M","?","M","M","?","E","R","M","T","$","R","E","?","E","R","BOSS","M","M","?","M","?","E","?","E","T","R","?","E","R","M","R","BOSS","M","M","?","?","$","E","R","M","T","?","M","M","?","E","R","BOSS","R","$","E","BOSS"],"build_version":"2019-01-23","purchased_purges":5,"victory":true,"max_hp_per_floor":[82,82,82,87,87,101,101,101,101,101,101,101,101,101,101,101,101,101,101,106,106,106,106,106,106,106,106,106,106,106,106,106,106,106,106,106,106,106,106,106,106,106,106,106,106,106,106,106,106,106,106,106,106,106,106],"card_choices":[{"not_picked":["Double Energy","Stack"],"picked":"Gash","floor":1.0},{"not_picked":["Undo","Barrage"],"picked":"Genetic Algorithm","floor":3.0},{"not_picked":["Fusion","Storm"],"picked":"Hologram","floor":4.0},{"not_picked":["White Noise","Stack"],"picked":"Compile Driver","floor":6.0},{"not_picked":["Barrage","Sweeping Beam"],"picked":"Consume","floor":8.0},{"not_picked":["Compile Driver","Heatsinks"],"picked":"Electrodynamics","floor":12.0},{"not_picked":["Force Field","Go for the Eyes"],"picked":"Defragment","floor":13.0},{"not_picked":["Redo","BootSequence"],"picked":"Defragment","floor":14.0},{"not_picked":["Amplify","Fission"],"picked":"Machine Learning","floor":16},{"not_picked":["Streamline","Leap"],"picked":"Ball Lightning","floor":18},{"not_picked":["Scrape","Turbo"],"picked":"BootSequence","floor":19},{"not_picked":["Loop+1","Compile Driver"],"picked":"Leap","floor":21},{"not_picked":["Cold Snap","Rainbow"],"picked":"Self Repair+1","floor":23},{"not_picked":["Skim+1","Storm"],"picked":"Conserve Battery","floor":24},{"not_picked":["Steam Power+1","Lockon+1"],"picked":"White Noise","floor":25},{"not_picked":["BootSequence","Chill+1"],"picked":"Defragment","floor":29},{"not_picked":["Tempest","Leap"],"picked":"Coolheaded","floor":31},{"not_picked":["Multi-Cast","Meteor Strike"],"picked":"All For One","floor":33},{"not_picked":["Double Energy","Doom and Gloom+1"],"picked":"Force Field+1","floor":35},{"not_picked":["Leap","Rebound"],"picked":"Consume+1","floor":36},{"not_picked":["Steam","Ball Lightning"],"picked":"Cold Snap","floor":40},{"not_picked":["Chaos+1","Force Field+1"],"picked":"Hologram+1","floor":42},{"not_picked":["Rebound+1","Machine Learning"],"picked":"Conserve Battery","floor":44},{"not_picked":["Leap","Turbo"],"picked":"Cold Snap","floor":45},{"not_picked":["Beam Cell+1","Genetic Algorithm","Hologram"],"picked":"SKIP","floor":46},{"not_picked":["Steam","Barrage+1"],"picked":"Echo Form","floor":48},{"not_picked":["Reprogram+1","Beam Cell","Ball Lightning"],"picked":"SKIP","floor":54}],"player_experience":408486,"relics_obtained":[{"floor":5.0,"key":"Meat on the Bone"},{"floor":6.0,"key":"Mango"},{"floor":9.0,"key":"Cables"},{"floor":12.0,"key":"Thread and Needle"},{"floor":14.0,"key":"Letter Opener"},{"floor":23,"key":"Centennial Puzzle"},{"floor":24,"key":"Red Mask"},{"floor":25,"key":"War Paint"},{"floor":26,"key":"Potion Belt"},{"floor":29,"key":"Vajra"},{"floor":40,"key":"PreservedInsect"},{"floor":44,"key":"Emotion Chip"},{"floor":48,"key":"Kunai"},{"floor":54,"key":"Bottled Tornado"}],"event_choices":[{"cards_removed":["Strike_B"],"damage_healed":0.0,"max_hp_gain":0.0,"max_hp_loss":0.0,"gold_gain":0.0,"event_name":"Golden Wing","player_choice":"Card Removal","floor":2.0,"gold_loss":0.0,"damage_taken":7.0},{"damage_healed":0,"gold_gain":0,"player_choice":"Shed Blood","damage_taken":25,"max_hp_gain":5,"max_hp_loss":0,"event_name":"Forgotten Altar","floor":20,"gold_loss":0},{"damage_healed":0,"gold_gain":0,"player_choice":"Ignored","damage_taken":0,"max_hp_gain":0,"max_hp_loss":0,"event_name":"Cursed Tome","floor":22,"gold_loss":0},{"damage_healed":0,"gold_gain":0,"player_choice":"Fought Bandits","damage_taken":0,"max_hp_gain":0,"max_hp_loss":0,"event_name":"Masked Bandits","floor":24,"gold_loss":0},{"damage_healed":0,"gold_gain":275,"player_choice":"Desecrate","damage_taken":0,"max_hp_gain":0,"max_hp_loss":0,"event_name":"Golden Shrine","floor":37,"gold_loss":0,"cards_obtained":["Regret"]},{"damage_healed":0,"gold_gain":0,"player_choice":"Fight","damage_taken":0,"max_hp_gain":0,"max_hp_loss":0,"event_name":"MindBloom","floor":44,"gold_loss":0},{"cards_removed":["Compile Driver"],"damage_healed":0,"gold_gain":0,"player_choice":"Removed Attack","damage_taken":0,"max_hp_gain":0,"max_hp_loss":0,"event_name":"Falling","floor":47,"gold_loss":0}],"is_beta":false,"boss_relics":[{"not_picked":["White Beast Statue","Velvet Choker"],"picked":"FrozenCore"},{"not_picked":["Nuclear Battery","Busted Crown"],"picked":"Astrolabe"}],"items_purged_floors":[10,28,38,39,53],"is_endless":false,"potions_floor_spawned":[1,3,8,21,23,24,25,33,40,45,46,54],"ascension_level":5}