{"gold_per_floor":[366,21,21,21,35,35,35,35,35,35,35,60,60,75,75,168,168,181,13,36,36,56,56,81,81,81,26,49,87,12,28,28,124,124,144,44,44,68,68,68,103,128,128,153,153,153,28,52,52,52,52],"floor_reached":51,"playtime":2363,"items_purged":["Parasite","Strike_R","Strike_R"],"score":1420,"play_id":"03153368-b5c7-499c-b05a-96ce2ef85bcd","local_time":"20190218223947","is_ascension_mode":true,"campfire_choices":[{"data":"Searing Blow","floor":6,"key":"SMITH"},{"data":"Searing Blow+1","floor":8,"key":"SMITH"},{"data":"Searing Blow+2","floor":10,"key":"SMITH"},{"data":"Searing Blow+3","floor":13,"key":"SMITH"},{"floor":15,"key":"REST"},{"data":"Searing Blow+5","floor":23,"key":"SMITH"},{"data":"Searing Blow+6","floor":25,"key":"SMITH"},{"data":"Searing Blow+7","floor":32,"key":"SMITH"},{"data":"Searing Blow+8","floor":40,"key":"SMITH"},{"floor":46,"key":"RECALL"},{"floor":49,"key":"REST"}],"neow_cost":"CURSE","seed_source_timestamp":16342008869247,"circlet_count":0,"master_deck":["AscendersBane","Strike_R","Defend_R","Defend_R","Defend_R+1","Defend_R","Bash+1","Searing Blow+9","Shockwave","Impervious","Offering","Armaments","Shrug It Off","Pommel Strike+1","Battle Trance","Fiend Fire","Headbutt","Headbutt","Shrug It Off","Seeing Red+1","Double Tap"],"relics":["Burning Blood","Singing Bowl","StoneCalendar","Golden Idol","Incense Burner","Runic Dome","Paper Frog","Kunai","White Beast Statue","Self Forming Clay"],"potions_floor_usage":[16,24,29,33,42,48,50,50],"damage_taken":[{"damage":8,"enemies":"2 Louse","floor":1,"turns":2},{"damage":7,"enemies":"Small Slimes","floor":5,"turns":4},{"damage":0,"enemies":"Cultist","floor":12,"turns":3},{"damage":25,"enemies":"Large Slime","floor":14,"turns":6},{"damage":20,"enemies":"The Guardian","floor":16,"turns":10},{"damage":8,"enemies":"2 Thieves","floor":18,"turns":4},{"damage":5,"enemies":"Shell Parasite","floor":20,"turns":4},{"damage":0,"enemies":"Snake Plant","floor":22,"turns":3},{"damage":6,"enemies":"Sentry and Sphere","floor":24,"turns":6},{"damage":23,"enemies":"Cultist and Chosen","floor":28,"turns":4},{"damage":11,"enemies":"Slavers","floor":29,"turns":6},{"damage":6,"enemies":"Snake Plant","floor":31,"turns":2},{"damage":0,"enemies":"Champ","floor":33,"turns":9},{"damage":6,"enemies":"Orb Walker","floor":35,"turns":2},{"damage":2,"enemies":"3 Darklings","floor":38,"turns":2},{"damage":51,"enemies":"Giant Head","floor":41,"turns":5},{"damage":6,"enemies":"4 Shapes","floor":42,"turns":7},{"damage":6,"enemies":"Writhing Mass","floor":44,"turns":2},{"damage":0,"enemies":"Spire Growth","floor":48,"turns":2},{"damage":54,"enemies":"Donu and Deca","floor":50,"turns":6},{"damage":18,"enemies":"Awakened One","floor":51,"turns":3}],"seed_played":"617507952294304434","potions_obtained":[{"floor":12,"key":"LiquidBronze"},{"floor":16,"key":"SteroidPotion"},{"floor":22,"key":"PowerPotion"},{"floor":35,"key":"Swift Potion"},{"floor":38,"key":"Regen Potion"},{"floor":42,"key":"Energy Potion"},{"floor":48,"key":"SkillPotion"}],"is_trial":false,"path_per_floor":["M","$","?","?","M","R","?","R","T","R","$","M","R","M","R","B",null,"M","$","M","?","M","R","M","R","T","$","M","E","?","M","R","B",null,"M","$","?","M","$","R","E","M","T","M","?","R","$","M","R","B","B"],"character_chosen":"IRONCLAD","items_purchased":["Singing Bowl","Offering","Fire Potion"],"campfire_rested":2,"item_purchase_floors":[2,19,27],"current_hp_per_floor":[66,66,44,18,19,19,19,19,19,19,19,27,27,8,28,14,55,55,55,56,56,62,62,64,64,64,64,49,44,44,44,44,50,69,69,69,68,74,74,74,29,29,29,29,29,29,29,40,64,16,0],"gold":52,"neow_bonus":"TWO_FIFTY_GOLD","is_prod":false,"is_daily":false,"chose_seed":false,"campfire_upgraded":8,"win_rate":0,"timestamp":1550482787,"path_taken":["M","$","?","?","M","R","?","R","T","R","$","M","R","M","R","BOSS","M","$","M","?","M","R","M","R","T","?","M","E","?","M","R","BOSS","M","$","?","M","$","R","E","M","T","M","?","R","$","?","R","BOSS","BOSS"],"build_version":"2019-01-23","purchased_purges":3,"victory":false,"max_hp_per_floor":[75,72,72,72,74,74,67,67,67,67,67,69,69,69,69,69,69,71,71,71,71,71,71,73,73,73,73,75,75,75,75,75,75,75,75,75,79,81,81,81,81,81,81,81,81,81,81,81,81,81,81],"card_choices":[{"not_picked":["Pommel Strike","Heavy Blade"],"picked":"Searing Blow","floor":1},{"not_picked":["Warcry","Flex","Wild Strike"],"picked":"Singing Bowl","floor":5},{"not_picked":["Wild Strike","Sever Soul","Sentinel"],"picked":"Singing Bowl","floor":12},{"not_picked":["Havoc","Heavy Blade"],"picked":"Shockwave","floor":14},{"not_picked":["Fiend Fire","Limit Break"],"picked":"Impervious","floor":16},{"not_picked":["Pommel Strike","Searing Blow","Iron Wave"],"picked":"Singing Bowl","floor":18},{"not_picked":["Bloodletting","Inflame"],"picked":"Armaments","floor":20},{"not_picked":["Clothesline","Warcry"],"picked":"Shrug It Off","floor":22},{"not_picked":["Havoc","Wild Strike","Dropkick"],"picked":"Singing Bowl","floor":24},{"not_picked":["Reaper","Cleave","Body Slam"],"picked":"Singing Bowl","floor":28},{"not_picked":["Entrench","Warcry"],"picked":"Pommel Strike+1","floor":29},{"not_picked":["Fire Breathing","Corruption+1"],"picked":"Battle Trance","floor":31},{"not_picked":["Limit Break","Exhume"],"picked":"Fiend Fire","floor":33},{"not_picked":["Havoc","Sword Boomerang"],"picked":"Headbutt","floor":35},{"not_picked":["Swift Strike","Discovery","Mind Blast"],"picked":"Singing Bowl","floor":37},{"not_picked":["Swift Strike","Madness","Sadistic Nature"],"picked":"Singing Bowl","floor":37},{"not_picked":["Cleave","Bloodletting+1","Infernal Blade+1"],"picked":"Singing Bowl","floor":38},{"not_picked":["Shockwave","Thunderclap+1"],"picked":"Headbutt","floor":41},{"not_picked":["Headbutt","Flex+1"],"picked":"Shrug It Off","floor":42},{"not_picked":["Pommel Strike","Havoc"],"picked":"Seeing Red+1","floor":44},{"not_picked":["Evolve","Carnage"],"picked":"Double Tap","floor":48}],"player_experience":345487,"relics_obtained":[{"floor":9,"key":"Incense Burner"},{"floor":26,"key":"Paper Frog"},{"floor":29,"key":"Kunai"},{"floor":41,"key":"Self Forming Clay"}],"event_choices":[{"damage_healed":0,"gold_gain":0,"player_choice":"Entered Light","damage_taken":22,"max_hp_gain":0,"max_hp_loss":0,"event_name":"Shining Light","floor":3,"gold_loss":0,"cards_upgraded":["Bash","Defend_R"]},{"damage_healed":0,"gold_gain":0,"player_choice":"Success","damage_taken":26,"relics_obtained":["StoneCalendar"],"max_hp_gain":0,"max_hp_loss":0,"event_name":"Scrap Ooze","floor":4,"gold_loss":0},{"damage_healed":0,"gold_gain":0,"player_choice":"Lose Max HP","damage_taken":0,"relics_obtained":["Golden Idol"],"max_hp_gain":0,"max_hp_loss":7,"event_name":"Golden Idol","floor":7,"gold_loss":0},{"damage_healed":0,"gold_gain":0,"player_choice":"Upgraded","damage_taken":0,"max_hp_gain":0,"max_hp_loss":0,"event_name":"Upgrade Shrine","floor":21,"gold_loss":0,"cards_upgraded":["Searing Blow"]},{"cards_removed":["Strike_R"],"damage_healed":0,"gold_gain":0,"player_choice":"Gave Gold","damage_taken":0,"max_hp_gain":0,"max_hp_loss":0,"event_name":"Beggar","floor":30,"gold_loss":75},{"damage_healed":0,"gold_gain":0,"player_choice":"Memory 2","damage_taken":5,"max_hp_gain":0,"max_hp_loss":0,"event_name":"SensoryStone","floor":37,"gold_loss":0},{"cards_removed":["Strike_R"],"damage_healed":0,"gold_gain":0,"player_choice":"Purged","damage_taken":0,"max_hp_gain":0,"max_hp_loss":0,"event_name":"Purifier","floor":45,"gold_loss":0}],"is_beta":false,"boss_relics":[{"not_picked":["Calling Bell","Coffee Dripper"],"picked":"Runic Dome"},{"not_picked":["Tiny House","Fusion Hammer"],"picked":"White Beast Statue"}],"items_purged_floors":[2,36,47],"is_endless":false,"potions_floor_spawned":[12,16,22,28,35,38,41,42,44,48],"killed_by":"Awakened One","ascension_level":20}