{"gold_per_floor":[115,126,140,153,170,170,19,52,78,78,78,94,94,112,112,112],"floor_reached":16,"playtime":842,"items_purged":[],"score":130,"play_id":"91d046b7-a367-45c2-99d0-a6222ce82731","local_time":"20190302104845","is_ascension_mode":true,"campfire_choices":[{"floor":6,"key":"RECALL"},{"data":"Distraction","floor":11,"key":"SMITH"},{"data":"Cloak And Dagger","floor":13,"key":"SMITH"},{"data":"Neutralize","floor":15,"key":"SMITH"}],"neow_cost":"NONE","seed_source_timestamp":1400411785820734,"circlet_count":0,"master_deck":["Defend_G","Defend_G","Defend_G","Defend_G","Defend_G","Strike_G","Strike_G","Strike_G","Strike_G","Strike_G","Survivor","Neutralize+1","Cloak And Dagger+1","Blade Dance","Quick Slash","Blur","Distraction+1","Dash","Tactician","Sucker Punch","Glass Knife","Masterful Stab","PiercingWail"],"relics":["White Beast Statue","Centennial Puzzle"],"potions_floor_usage":[4,8,8,8,14,16,16,16],"damage_taken":[{"damage":0,"enemies":"Cultist","floor":1,"turns":4},{"damage":11,"enemies":"Jaw Worm","floor":2,"turns":7},{"damage":2,"enemies":"Small Slimes","floor":3,"turns":4},{"damage":9,"enemies":"Red Slaver","floor":4,"turns":3},{"damage":1,"enemies":"Large Slime","floor":5,"turns":8},{"damage":22,"enemies":"3 Sentries","floor":8,"turns":12},{"damage":5,"enemies":"2 Fungi Beasts","floor":12,"turns":4},{"damage":1,"enemies":"Looter","floor":14,"turns":5},{"damage":53,"enemies":"The Guardian","floor":16,"turns":10}],"seed_played":"5149254008750571042","potions_obtained":[{"floor":1,"key":"GamblersBrew"},{"floor":2,"key":"FearPotion"},{"floor":3,"key":"Swift Potion"},{"floor":4,"key":"LiquidBronze"},{"floor":5,"key":"Explosive Potion"},{"floor":8,"key":"Regen Potion"},{"floor":10,"key":"Fire Potion"},{"floor":10,"key":"GamblersBrew"},{"floor":14,"key":"SpeedPotion"}],"is_trial":false,"path_per_floor":["M","M","M","M","M","R","$","E","T","?","R","M","R","M","R","B"],"character_chosen":"THE_SILENT","items_purchased":["Dash","Tactician","Sucker Punch"],"campfire_rested":0,"item_purchase_floors":[7,7,7],"current_hp_per_floor":[70,59,57,48,47,47,47,25,25,25,25,20,20,31,31,0],"gold":112,"neow_bonus":"BOSS_RELIC","is_prod":false,"is_daily":false,"chose_seed":false,"campfire_upgraded":3,"win_rate":0,"timestamp":1551491325,"path_taken":["M","M","?","M","M","R","$","E","T","?","R","M","R","M","R","BOSS"],"build_version":"2019-01-23","purchased_purges":0,"victory":false,"max_hp_per_floor":[70,70,70,70,70,70,70,70,70,70,70,70,70,70,70,70],"card_choices":[{"not_picked":["Dodge and Roll","Tactician"],"picked":"Cloak And Dagger","floor":1},{"not_picked":["Outmaneuver","Backflip"],"picked":"Blade Dance","floor":2},{"not_picked":["Finisher","Bane"],"picked":"Quick Slash","floor":3},{"not_picked":["Prepared","Acrobatics"],"picked":"Blur","floor":4},{"not_picked":["Outmaneuver","PiercingWail"],"picked":"Distraction","floor":5},{"not_picked":["PiercingWail","Distraction"],"picked":"Glass Knife","floor":8},{"not_picked":["Dodge and Roll","Footwork"],"picked":"Masterful Stab","floor":12},{"not_picked":["Bane","Blade Dance"],"picked":"PiercingWail","floor":14}],"player_experience":170866,"relics_obtained":[{"floor":8,"key":"Centennial Puzzle"}],"event_choices":[{"damage_healed":0,"gold_gain":0,"player_choice":"Got Potions","damage_taken":0,"max_hp_gain":0,"max_hp_loss":0,"event_name":"Lab","floor":10,"gold_loss":0}],"is_beta":false,"boss_relics":[],"items_purged_floors":[],"is_endless":false,"potions_floor_spawned":[1,2,3,4,5,8,12,14],"killed_by":"The Guardian","ascension_level":5}