{"gold_per_floor":[214,214,164,164,175,206,281,24,24,52,52,72,87,100,100,196,196,196,196,196,196,196,196,47,47,47,47,47,47,47],"floor_reached":30,"playtime":1951,"items_purged":["Strike_R"],"score":283,"play_id":"ba6aedf8-1567-4a06-923c-f2618be59748","local_time":"20180628003802","is_ascension_mode":false,"campfire_choices":[{"floor":11.0,"key":"REST"},{"data":"Bash","floor":15.0,"key":"SMITH"},{"data":"Pommel Strike","floor":23,"key":"SMITH"},{"data":"Metallicize","floor":25,"key":"SMITH"}],"neow_cost":"","seed_source_timestamp":0,"circlet_count":0,"master_deck":["Defend_R","Defend_R","Bash+1","Carnage","Cleave","Intimidate","Finesse","Clash","Metallicize+1","Exhume","Pommel Strike+1","Bite","Bite","Bite","Bite","Bite","Dropkick","True Grit+1","Entrench+1","Necronomicurse","Searing Blow"],"special_seed":0,"relics":["Burning Blood","Oddly Smooth Stone","Kunai","Bird Faced Urn","Ectoplasm","Bag of Preparation","Shuriken","Blue Candle","Necronomicon"],"potions_floor_usage":[18,27,30],"damage_taken":[{"damage":0.0,"enemies":"2 Louse","floor":1.0,"turns":3.0},{"damage":0.0,"enemies":"Small Slimes","floor":5.0,"turns":2.0},{"damage":27.0,"enemies":"Gremlin Nob","floor":6.0,"turns":4.0},{"damage":22.0,"enemies":"Lagavulin","floor":10.0,"turns":7.0},{"damage":0.0,"enemies":"Cultist","floor":12.0,"turns":2.0},{"damage":0.0,"enemies":"Large Slime","floor":13.0,"turns":5.0},{"damage":7.0,"enemies":"Looter","floor":14.0,"turns":3.0},{"damage":44.0,"enemies":"Slime Boss","floor":16.0,"turns":12.0},{"damage":46,"enemies":"Chosen","floor":18,"turns":6},{"damage":13,"enemies":"Spheric Guardian","floor":20,"turns":4},{"damage":8,"enemies":"Snecko","floor":21,"turns":3},{"damage":28,"enemies":"Book of Stabbing","floor":27,"turns":5},{"damage":32,"enemies":"Cultist and Chosen","floor":29,"turns":5},{"damage":17,"enemies":"Centurion and Healer","floor":30,"turns":2}],"seed_played":"-7949892217017703921","potions_obtained":[{"floor":1.0,"key":"SmokeBomb"},{"floor":5.0,"key":"Ancient Potion"},{"floor":16,"key":"BloodPotion"},{"floor":18,"key":"Energy Potion"},{"floor":29,"key":"Weak Potion"}],"is_trial":false,"path_per_floor":["M","?","?","?","M","E","?","$","T","E","R","M","M","M","R","B",null,"M","?","M","M","?","R","$","R","T","E","?","M"],"character_chosen":"IRONCLAD","items_purchased":["Intimidate","Finesse","Explosive Potion","Bag of Preparation"],"campfire_rested":1,"item_purchase_floors":[],"current_hp_per_floor":[80,73,73,57,63,42,31,31,31,15,39,45,51,52,52,16,80,48,48,49,56,56,56,56,56,56,40,24,14,0],"gold":47,"neow_bonus":"","is_prod":false,"is_daily":false,"chose_seed":false,"campfire_upgraded":3,"win_rate":0.0,"timestamp":1530160682,"path_taken":["M","?","?","?","?","E","?","$","T","E","R","M","M","M","R","BOSS","BOSS","M","?","M","M","?","R","$","R","T","E","?","M","M"],"build_version":"2018-06-21v2","purchased_purges":1,"victory":false,"max_hp_per_floor":[80,80,80,80,80,80,80,80,80,80,80,80,80,80,80,80,80,80,56,56,56,56,56,56,56,56,56,56,56,56],"card_choices":[{"not_picked":["Sever Soul","Warcry","Clothesline"],"picked":"SKIP","floor":1.0},{"not_picked":["Armaments","Clothesline"],"picked":"Carnage","floor":5.0},{"not_picked":["Wild Strike","Juggernaut"],"picked":"Cleave","floor":6.0},{"not_picked":["Ghostly Armor","Pommel Strike"],"picked":"Clash","floor":10.0},{"not_picked":["Intimidate","Body Slam","Perfected Strike"],"picked":"SKIP","floor":12.0},{"not_picked":["True Grit","Pummel"],"picked":"Metallicize","floor":13.0},{"not_picked":["Uppercut","Fire Breathing","Shrug It Off"],"picked":"SKIP","floor":14.0},{"not_picked":["Limit Break","Dark Embrace"],"picked":"Exhume","floor":16},{"not_picked":["Whirlwind+1","Thunderclap+1"],"picked":"Pommel Strike","floor":18},{"not_picked":["Iron Wave","Twin Strike"],"picked":"Dropkick","floor":20},{"not_picked":["Anger","Flex+1"],"picked":"True Grit+1","floor":21},{"not_picked":["Perfected Strike+1","Carnage"],"picked":"Entrench+1","floor":27},{"not_picked":["Inflame","Body Slam+1"],"picked":"Searing Blow","floor":29}],"player_experience":60096,"relics_obtained":[{"floor":6.0,"key":"Oddly Smooth Stone"},{"floor":9.0,"key":"Kunai"},{"floor":10.0,"key":"Bird Faced Urn"},{"floor":26,"key":"Shuriken"},{"floor":27,"key":"Blue Candle"},{"floor":28,"key":"Necronomicon"}],"event_choices":[{"event_name":"Golden Wing","player_choice":"Card Removal","floor":2.0,"damage_taken":0.0},{"event_name":"The Cleric","player_choice":"Card Removal","floor":3.0,"damage_taken":0.0},{"event_name":"Shining Light","player_choice":"Entered Light","floor":4.0,"damage_taken":0.0},{"event_name":"World of Goop","player_choice":"Gather Gold","floor":7.0,"damage_taken":0.0},{"event_name":"Vampires","player_choice":"Became a vampire","floor":19,"damage_taken":0},{"event_name":"Ghosts","player_choice":"Ignored","floor":22,"damage_taken":0},{"event_name":"Cursed Tome","player_choice":"Obtained Book","floor":28,"damage_taken":0}],"boss_relics":[{"not_picked":["Black Star","Runic Cube"],"picked":"Ectoplasm"}],"items_purged_floors":[],"is_endless":false,"potions_floor_spawned":[1,5,16,18,29],"killed_by":"Centurion and Healer","ascension_level":0}