{"gold_per_floor":[116,127,127,139,157,157,174,174,199,16,32,66,81,111,111,210,210,225,214,60,60,80,115,133,133,214,214,214],"floor_reached":28,"playtime":3393,"items_purged":[],"score":242,"play_id":"7dae67f8-ae5c-485b-baf6-25bf22240815","local_time":"20190114235113","is_ascension_mode":false,"campfire_choices":[{"floor":6,"key":"RECALL"},{"data":"Infinite Blades","floor":8,"key":"SMITH"},{"floor":15,"key":"REST"},{"floor":27,"key":"REST"}],"neow_cost":"NONE","seed_source_timestamp":280262188436369,"circlet_count":0,"master_deck":["Defend_G","Defend_G","Defend_G","Defend_G","Defend_G","Strike_G","Strike_G","Strike_G","Strike_G","Survivor+1","Neutralize","Acrobatics+1","Deflect","Tactician","Infinite Blades+1","Master of Strategy","Noxious Fumes","After Image","Regret","Doppelganger","Noxious Fumes","Blur","Shame","Prepared","Noxious Fumes","Catalyst+1"],"relics":["Runic Pyramid","Blood Vial","Tiny Chest","Fusion Hammer","Snake Skull","War Paint","Toxic Egg 2","Paper Crane"],"potions_floor_usage":[12,12,16,23,28,28,28],"damage_taken":[{"damage":0,"enemies":"Cultist","floor":1,"turns":4},{"damage":0,"enemies":"Small Slimes","floor":2,"turns":5},{"damage":1,"enemies":"Jaw Worm","floor":4,"turns":5},{"damage":7,"enemies":"3 Louse","floor":5,"turns":4},{"damage":1,"enemies":"2 Fungi Beasts","floor":7,"turns":5},{"damage":1,"enemies":"Looter","floor":11,"turns":4},{"damage":15,"enemies":"3 Sentries","floor":12,"turns":8},{"damage":5,"enemies":"Blue Slaver","floor":13,"turns":4},{"damage":27,"enemies":"The Guardian","floor":16,"turns":16},{"damage":7,"enemies":"3 Byrds","floor":18,"turns":8},{"damage":20,"enemies":"2 Thieves","floor":19,"turns":4},{"damage":5,"enemies":"Centurion and Healer","floor":22,"turns":9},{"damage":6,"enemies":"Gremlin Leader","floor":23,"turns":9},{"damage":8,"enemies":"Chosen and Byrds","floor":24,"turns":8},{"damage":23,"enemies":"Colosseum Slavers","floor":28,"turns":6},{"damage":35,"enemies":"Colosseum Nobs","floor":28,"turns":3}],"seed_played":"4609548181244888708","potions_obtained":[{"floor":2,"key":"PowerPotion"},{"floor":5,"key":"Swift Potion"},{"floor":11,"key":"Regen Potion"},{"floor":12,"key":"GamblersBrew"},{"floor":16,"key":"Dexterity Potion"},{"floor":19,"key":"Fire Potion"},{"floor":23,"key":"GamblersBrew"}],"is_trial":false,"path_per_floor":["M","M","?","M","M","R","M","R","T","$","M","E","M","?","R","B",null,"M","M","$","?","M","E","M","?","T","R","?"],"character_chosen":"THE_SILENT","items_purchased":["Master of Strategy","Snake Skull"],"campfire_rested":2,"item_purchase_floors":[10,20],"current_hp_per_floor":[70,70,70,69,62,62,61,61,61,61,60,60,57,57,70,43,70,63,45,45,45,42,38,32,32,32,53,0],"gold":214,"neow_bonus":"BOSS_RELIC","is_prod":false,"is_daily":false,"chose_seed":false,"campfire_upgraded":1,"win_rate":0,"timestamp":1547527873,"path_taken":["M","?","?","M","M","R","M","R","T","$","M","E","M","?","R","BOSS","M","M","$","?","M","E","M","?","T","R","?"],"build_version":"2019-01-10","purchased_purges":0,"victory":false,"max_hp_per_floor":[70,70,70,70,70,70,70,70,70,70,70,70,70,70,70,70,70,70,70,70,70,70,70,70,70,70,70,70],"card_choices":[{"not_picked":["Bane","PiercingWail"],"picked":"Acrobatics","floor":1},{"not_picked":["Well Laid Plans","Cloak And Dagger","Skewer"],"picked":"SKIP","floor":2},{"not_picked":["Dodge and Roll","Distraction"],"picked":"Deflect","floor":4},{"not_picked":["Skewer","Accuracy"],"picked":"Tactician","floor":5},{"not_picked":["Masterful Stab","Sucker Punch"],"picked":"Infinite Blades","floor":7},{"not_picked":["Riddle With Holes","Caltrops"],"picked":"Noxious Fumes","floor":11},{"not_picked":["Escape Plan","Noxious Fumes"],"picked":"After Image","floor":12},{"not_picked":["Dagger Throw","Dagger Spray","Calculated Gamble"],"picked":"SKIP","floor":13},{"not_picked":["Night Terror","Venomology"],"picked":"Doppelganger","floor":16},{"not_picked":["Slice","Infinite Blades"],"picked":"Noxious Fumes","floor":18},{"not_picked":["Calculated Gamble","Deflect+1"],"picked":"Blur","floor":19},{"not_picked":["Deadly Poison","Poisoned Stab"],"picked":"Prepared","floor":22},{"not_picked":["Cloak And Dagger","Distraction","Flying Knee"],"picked":"SKIP","floor":23},{"not_picked":["Masterful Stab","Quick Slash"],"picked":"Noxious Fumes","floor":24}],"player_experience":107204,"relics_obtained":[{"floor":12,"key":"Blood Vial"},{"floor":23,"key":"Toxic Egg 2"},{"floor":26,"key":"Paper Crane"}],"event_choices":[{"cards_removed":["Strike_G"],"damage_healed":0,"gold_gain":0,"player_choice":"Forget","damage_taken":0,"max_hp_gain":0,"max_hp_loss":0,"event_name":"Living Wall","floor":3,"gold_loss":0},{"damage_healed":0,"gold_gain":0,"player_choice":"Box","damage_taken":0,"relics_obtained":["Tiny Chest"],"max_hp_gain":0,"max_hp_loss":0,"event_name":"Big Fish","floor":14,"gold_loss":0,"cards_obtained":["Regret"]},{"damage_healed":0,"gold_gain":0,"player_choice":"Stole Relic","damage_taken":0,"relics_obtained":["War Paint"],"max_hp_gain":0,"max_hp_loss":0,"event_name":"Addict","floor":21,"gold_loss":0,"cards_obtained":["Shame"]},{"damage_healed":0,"gold_gain":0,"player_choice":"Read","damage_taken":0,"max_hp_gain":0,"max_hp_loss":0,"event_name":"The Library","floor":25,"gold_loss":0,"cards_obtained":["Catalyst"]},{"damage_healed":0,"gold_gain":0,"player_choice":"Fight","damage_taken":0,"max_hp_gain":0,"max_hp_loss":0,"event_name":"Colosseum","floor":28,"gold_loss":0},{"damage_healed":0,"gold_gain":0,"player_choice":"Fought Nobs","damage_taken":0,"max_hp_gain":0,"max_hp_loss":0,"event_name":"Colosseum","floor":28,"gold_loss":0}],"is_beta":false,"boss_relics":[{"not_picked":["Calling Bell","Cursed Key"],"picked":"Fusion Hammer"}],"items_purged_floors":[],"is_endless":false,"potions_floor_spawned":[2,5,11,12,16,19,23,24,28],"killed_by":"Colosseum Nobs","ascension_level":0}