{"gold_per_floor":[359,378,391,404,24,59,59,59,59,59,92,105,126,139,139,232,232,246,264,264,287,287,287,287,310,310,128,128,166,166],"floor_reached":30,"playtime":1717,"items_purged":["Strike_B","Pain"],"score":445,"play_id":"d3047f69-8a9e-447b-87bb-fbeb314208aa","local_time":"20190216135100","is_ascension_mode":true,"campfire_choices":[{"data":"Zap","floor":7,"key":"SMITH"},{"data":"Dualcast","floor":10,"key":"SMITH"},{"floor":15,"key":"REST"},{"data":"Loop","floor":24,"key":"SMITH"}],"neow_cost":"TEN_PERCENT_HP_LOSS","seed_source_timestamp":9686391914697,"circlet_count":0,"master_deck":["AscendersBane","Strike_B","Defend_B","Defend_B","Defend_B","Defend_B","Zap+1","Dualcast+1","Cold Snap","Cold Snap","Genetic Algorithm","Sweeping Beam","Ball Lightning","Reinforced Body","Loop+1","Sunder+1","Ball Lightning+1","Thunder Strike+1","Hologram","Redo+1","Auto Shields","Skim","Rip and Tear+1","FTL+1","Dark Shackles"],"relics":["Cracked Core","Runic Capacitor","Kunai","Golden Idol","Molten Egg 2","Gremlin Horn","Sozu","WarpedTongs","Dream Catcher","Pen Nib"],"potions_floor_usage":[6,6,13,16,16,30],"damage_taken":[{"damage":1,"enemies":"Cultist","floor":1,"turns":4},{"damage":10,"enemies":"Jaw Worm","floor":2,"turns":3},{"damage":0,"enemies":"2 Louse","floor":3,"turns":2},{"damage":4,"enemies":"Blue Slaver","floor":4,"turns":6},{"damage":18,"enemies":"Lagavulin","floor":6,"turns":7},{"damage":16,"enemies":"Gremlin Nob","floor":11,"turns":4},{"damage":1,"enemies":"Exordium Thugs","floor":12,"turns":4},{"damage":3,"enemies":"Exordium Wildlife","floor":13,"turns":4},{"damage":0,"enemies":"3 Louse","floor":14,"turns":3},{"damage":9,"enemies":"Slime Boss","floor":16,"turns":6},{"damage":5,"enemies":"Shell Parasite","floor":18,"turns":5},{"damage":0,"enemies":"Chosen","floor":19,"turns":3},{"damage":20,"enemies":"Snecko","floor":21,"turns":4},{"damage":8,"enemies":"Centurion and Healer","floor":25,"turns":6},{"damage":7,"enemies":"Book of Stabbing","floor":29,"turns":5},{"damage":12,"enemies":"Snake Plant","floor":30,"turns":4}],"seed_played":"-4238543018025305706","potions_obtained":[{"floor":2,"key":"SkillPotion"},{"floor":11,"key":"Energy Potion"},{"floor":12,"key":"SkillPotion"},{"floor":14,"key":"EntropicBrew"},{"floor":16,"key":"Energy Potion"}],"is_trial":false,"path_per_floor":["M","M","M","M","$","E","R","?","T","R","E","M","M","M","R","B",null,"M","M","?","M","?","?","R","M","T","$","?","E","M"],"character_chosen":"DEFECT","items_purchased":["Ball Lightning","Runic Capacitor","Strength Potion","Dark Shackles"],"campfire_rested":1,"item_purchase_floors":[5,5,5,27],"current_hp_per_floor":[63,53,53,49,49,31,31,31,31,31,15,14,11,11,28,19,49,44,44,44,24,24,24,24,16,16,16,16,9,0],"gold":166,"neow_bonus":"TWO_FIFTY_GOLD","is_prod":false,"is_daily":false,"chose_seed":false,"campfire_upgraded":3,"win_rate":0,"timestamp":1550278260,"path_taken":["M","M","?","M","$","E","R","?","T","R","E","M","M","M","R","BOSS","M","M","?","?","?","?","R","M","T","$","?","E","M"],"build_version":"2019-01-23","purchased_purges":2,"victory":false,"max_hp_per_floor":[64,64,64,64,64,64,64,59,59,59,59,59,59,59,59,59,59,59,59,59,59,59,59,59,59,59,59,59,59,59],"card_choices":[{"not_picked":["Beam Cell","Compile Driver"],"picked":"Cold Snap","floor":1},{"not_picked":["Darkness","Skim"],"picked":"Cold Snap","floor":2},{"not_picked":["Go for the Eyes","Stack"],"picked":"Genetic Algorithm","floor":3},{"not_picked":["Beam Cell","Stack"],"picked":"Sweeping Beam","floor":4},{"not_picked":["Coolheaded","Compile Driver","Thunder Strike"],"picked":"SKIP","floor":6},{"not_picked":["Turbo","Sweeping Beam+1"],"picked":"Reinforced Body","floor":11},{"not_picked":["Scrape+1","Turbo"],"picked":"Loop","floor":12},{"not_picked":["Hologram","Conserve Battery"],"picked":"Sunder+1","floor":13},{"not_picked":["Coolheaded","Leap"],"picked":"Ball Lightning+1","floor":14},{"not_picked":["Meteor Strike+1","Creative AI"],"picked":"Thunder Strike+1","floor":16},{"not_picked":["Force Field","Gash+1"],"picked":"Hologram","floor":18},{"not_picked":["Sweeping Beam+1","Steam"],"picked":"Redo+1","floor":19},{"not_picked":["Coolheaded","Gash+1"],"picked":"Auto Shields","floor":21},{"not_picked":["Coolheaded","Turbo"],"picked":"FTL+1","floor":25},{"not_picked":["Sweeping Beam+1","Coolheaded","Rip and Tear+1"],"picked":"SKIP","floor":29}],"player_experience":258727,"relics_obtained":[{"floor":6,"key":"Kunai"},{"floor":9,"key":"Molten Egg 2"},{"floor":11,"key":"Gremlin Horn"},{"floor":26,"key":"Dream Catcher"},{"floor":29,"key":"Pen Nib"}],"event_choices":[{"damage_healed":0,"gold_gain":0,"player_choice":"Lose Max HP","damage_taken":0,"relics_obtained":["Golden Idol"],"max_hp_gain":0,"max_hp_loss":5,"event_name":"Golden Idol","floor":8,"gold_loss":0},{"damage_healed":0,"gold_gain":0,"player_choice":"Rummage","damage_taken":0,"relics_obtained":["WarpedTongs"],"max_hp_gain":0,"max_hp_loss":0,"event_name":"Accursed Blacksmith","floor":20,"gold_loss":0,"cards_obtained":["Pain"]},{"damage_healed":0,"gold_gain":0,"player_choice":"Ignored","damage_taken":0,"max_hp_gain":0,"max_hp_loss":0,"event_name":"Vampires","floor":22,"gold_loss":0},{"damage_healed":0,"gold_gain":0,"cards_transformed":["Strike_B","Strike_B"],"player_choice":"Became Test Subject","damage_taken":0,"max_hp_gain":0,"max_hp_loss":0,"event_name":"Drug Dealer","floor":23,"gold_loss":0,"cards_obtained":["Skim","Rip and Tear"]},{"damage_healed":0,"gold_gain":0,"player_choice":"Got Potions","damage_taken":0,"max_hp_gain":0,"max_hp_loss":0,"event_name":"Lab","floor":28,"gold_loss":0}],"is_beta":false,"boss_relics":[{"not_picked":["Eternal Feather","Busted Crown"],"picked":"Sozu"}],"items_purged_floors":[5,27],"is_endless":false,"potions_floor_spawned":[2,11,12,14,16,21],"killed_by":"Snake Plant","ascension_level":14}