{"gold_per_floor":[115,133,133,147,167,200,200,227,227,227,31,31,60,75,75,179,179,198,198,198,198,123,123,157,168,221,221,221,21,21],"floor_reached":30,"playtime":1132,"items_purged":["Normality"],"score":356,"play_id":"a995ef08-334d-4a71-b646-b79d8b1a4667","local_time":"20190227022346","is_ascension_mode":true,"campfire_choices":[{"data":"Loop","floor":7,"key":"SMITH"},{"floor":12,"key":"REST"},{"data":"Seek","floor":15,"key":"SMITH"},{"data":"Fission","floor":23,"key":"SMITH"},{"floor":27,"key":"REST"}],"neow_cost":"NONE","seed_source_timestamp":45955921885006,"circlet_count":0,"master_deck":["Strike_B","Strike_B","Strike_B","Strike_B","Defend_B","Defend_B","Defend_B","Defend_B","Zap+1","Dualcast","Multi-Cast+1","FTL","Hologram","Auto Shields","Loop+1","Defragment","Undo","Glacier","Lockon","Seek+1","Fission+1","Writhe","Injury","Coolheaded","Leap","Necronomicurse","Coolheaded"],"relics":["Cracked Core","Bottled Tornado","Odd Mushroom","Pocketwatch","Happy Flower","Girya","Calling Bell","Ancient Tea Set","Cables","Prayer Wheel","Necronomicon","Potion Belt","Lee\u0027s Waffle"],"potions_floor_usage":[16,24,30,30,30,30],"damage_taken":[{"damage":2,"enemies":"Jaw Worm","floor":1,"turns":3},{"damage":6,"enemies":"Cultist","floor":2,"turns":3},{"damage":7,"enemies":"Small Slimes","floor":4,"turns":2},{"damage":1,"enemies":"Looter","floor":5,"turns":4},{"damage":15,"enemies":"Lagavulin","floor":6,"turns":7},{"damage":15,"enemies":"The Mushroom Lair","floor":8,"turns":4},{"damage":17,"enemies":"3 Sentries","floor":13,"turns":6},{"damage":0,"enemies":"3 Louse","floor":14,"turns":2},{"damage":10,"enemies":"Hexaghost","floor":16,"turns":10},{"damage":20,"enemies":"3 Byrds","floor":18,"turns":5},{"damage":27,"enemies":"Book of Stabbing","floor":24,"turns":6},{"damage":3,"enemies":"Shell Parasite","floor":25,"turns":5},{"damage":88,"enemies":"Gremlin Leader","floor":30,"turns":9}],"seed_played":"8367049706743252416","potions_obtained":[{"floor":1,"key":"Ancient Potion"},{"floor":5,"key":"Ancient Potion"},{"floor":14,"key":"EssenceOfSteel"},{"floor":18,"key":"GamblersBrew"},{"floor":25,"key":"FearPotion"},{"floor":28,"key":"Fire Potion"},{"floor":28,"key":"PowerPotion"},{"floor":28,"key":"Swift Potion"}],"is_trial":false,"path_per_floor":["M","M","?","M","M","E","R","?","T","?","$","R","E","M","R","B",null,"M","?","?","?","$","R","E","M","T","R","?","$","E"],"character_chosen":"DEFECT","items_purchased":["Glacier","Happy Flower","Lee\u0027s Waffle"],"campfire_rested":2,"item_purchase_floors":[11,11,29],"current_hp_per_floor":[66,60,60,53,52,37,37,22,22,22,22,44,27,27,27,17,61,41,25,50,36,36,36,9,6,6,30,30,87,0],"gold":21,"neow_bonus":"ONE_RANDOM_RARE_CARD","is_prod":false,"is_daily":false,"chose_seed":false,"campfire_upgraded":3,"win_rate":0,"timestamp":1551187426,"path_taken":["M","M","?","M","?","E","R","?","T","?","$","R","E","M","R","BOSS","M","?","?","?","$","R","E","M","T","R","?","$","E"],"build_version":"2019-01-23","purchased_purges":1,"victory":false,"max_hp_per_floor":[75,75,75,75,75,75,75,75,75,75,75,75,75,75,75,75,75,75,75,75,80,80,80,80,80,80,80,80,87,87],"card_choices":[{"not_picked":["Steam","Hologram"],"picked":"FTL","floor":1},{"not_picked":["Turbo","Consume"],"picked":"Hologram","floor":2},{"not_picked":["Sunder","Steam"],"picked":"Auto Shields","floor":4},{"not_picked":["Cold Snap","BootSequence"],"picked":"Loop","floor":5},{"not_picked":["Barrage","Steam Power"],"picked":"Defragment","floor":6},{"not_picked":["Darkness","Turbo"],"picked":"Undo","floor":8},{"not_picked":["Beam Cell","Gash"],"picked":"Lockon","floor":13},{"not_picked":["Gash","Cold Snap"],"picked":"Seek","floor":14},{"not_picked":["Hyperbeam","Machine Learning"],"picked":"Fission","floor":16},{"not_picked":["Barrage","Turbo"],"picked":"Coolheaded","floor":18},{"not_picked":["BootSequence","Self Repair"],"picked":"Leap","floor":18},{"not_picked":["Force Field+1","Reinforced Body","Consume"],"picked":"SKIP","floor":24},{"not_picked":["Blizzard","Genetic Algorithm"],"picked":"Coolheaded","floor":25},{"not_picked":["Genetic Algorithm","Cold Snap","Turbo+1"],"picked":"SKIP","floor":25}],"player_experience":421955,"relics_obtained":[{"floor":6,"key":"Bottled Tornado"},{"floor":8,"key":"Odd Mushroom"},{"floor":9,"key":"Pocketwatch"},{"floor":13,"key":"Girya"},{"floor":17,"key":"Ancient Tea Set"},{"floor":17,"key":"Cables"},{"floor":17,"key":"Prayer Wheel"},{"floor":19,"key":"Necronomicon"},{"floor":24,"key":"Potion Belt"}],"event_choices":[{"damage_healed":0,"gold_gain":0,"player_choice":"Upgraded","damage_taken":0,"max_hp_gain":0,"max_hp_loss":0,"event_name":"Upgrade Shrine","floor":3,"gold_loss":0,"cards_upgraded":["Multi-Cast"]},{"damage_healed":0,"gold_gain":0,"player_choice":"Fought Mushrooms","damage_taken":0,"max_hp_gain":0,"max_hp_loss":0,"event_name":"Mushrooms","floor":8,"gold_loss":0},{"damage_healed":0,"gold_gain":0,"player_choice":"Grow","damage_taken":0,"max_hp_gain":0,"max_hp_loss":0,"event_name":"Living Wall","floor":10,"gold_loss":0,"cards_upgraded":["Zap"]},{"damage_healed":0,"gold_gain":0,"player_choice":"Obtained Book","damage_taken":16,"max_hp_gain":0,"max_hp_loss":0,"event_name":"Cursed Tome","floor":19,"gold_loss":0},{"damage_healed":25,"gold_gain":0,"player_choice":"Heal","damage_taken":0,"max_hp_gain":0,"max_hp_loss":0,"event_name":"The Library","floor":20,"gold_loss":0},{"damage_healed":0,"gold_gain":0,"player_choice":"Shed Blood","damage_taken":19,"max_hp_gain":5,"max_hp_loss":0,"event_name":"Forgotten Altar","floor":21,"gold_loss":0},{"damage_healed":0,"gold_gain":0,"player_choice":"Got Potions","damage_taken":0,"max_hp_gain":0,"max_hp_loss":0,"event_name":"Lab","floor":28,"gold_loss":0}],"is_beta":false,"boss_relics":[{"not_picked":["Ectoplasm","FrozenCore"],"picked":"Calling Bell"}],"items_purged_floors":[22],"is_endless":false,"potions_floor_spawned":[1,5,14,18,25],"killed_by":"Gremlin Leader","ascension_level":8}