{"gold_per_floor":[114,114,164,22,39,72,149,4,4,4,31,331,392,404,404,404],"floor_reached":16,"playtime":1387,"items_purged":["Strike_R"],"score":108,"play_id":"d81cec59-837d-4da7-843a-29486cbb8260","local_time":"20180707025817","is_ascension_mode":false,"campfire_choices":[{"floor":10,"key":"REST"},{"floor":15,"key":"REST"}],"neow_cost":"","seed_source_timestamp":0,"circlet_count":0,"master_deck":["Strike_R","Strike_R","Strike_R","Defend_R","Defend_R","Defend_R","Defend_R","Bash","Purity","Dropkick+1","Flex","Body Slam+1","Iron Wave","Dropkick","Regret","Clothesline"],"special_seed":0,"relics":["Burning Blood","SsserpentHead","Toxic Egg 2","Happy Flower","Strawberry","Whetstone"],"potions_floor_usage":[6,16],"damage_taken":[{"damage":5.0,"enemies":"2 Louse","floor":1.0,"turns":3.0},{"damage":10,"enemies":"Cultist","floor":5,"turns":4},{"damage":41,"enemies":"Gremlin Nob","floor":6,"turns":5},{"damage":34,"enemies":"Lagavulin","floor":11,"turns":6},{"damage":3,"enemies":"Small Slimes","floor":13,"turns":3},{"damage":9,"enemies":"Blue Slaver","floor":14,"turns":4},{"damage":65,"enemies":"The Guardian","floor":16,"turns":10}],"seed_played":"-82102568017294262","potions_obtained":[{"floor":5,"key":"Block Potion"},{"floor":14,"key":"Energy Potion"}],"is_trial":false,"path_per_floor":["M","?","?","$","M","E","T","$","T","R","E","?","M","M","R"],"character_chosen":"IRONCLAD","items_purchased":["Purity","Dropkick","Flex","Dropkick"],"campfire_rested":2,"item_purchase_floors":[4,4,4,8],"current_hp_per_floor":[80,80,73,73,69,34,34,34,41,67,39,39,42,39,65,0],"gold":404,"neow_bonus":"","is_prod":false,"is_daily":false,"chose_seed":false,"campfire_upgraded":0,"win_rate":0.0,"timestamp":1530946697,"path_taken":["M","?","?","?","M","E","?","$","T","R","E","?","?","M","R","BOSS"],"build_version":"2018-07-05","purchased_purges":1,"victory":false,"max_hp_per_floor":[80,80,80,80,80,80,80,80,87,87,87,87,87,87,87,87],"card_choices":[{"not_picked":["Shrug It Off","Blood for Blood","Metallicize"],"picked":"SKIP","floor":1.0},{"not_picked":["Carnage","Sword Boomerang"],"picked":"Body Slam","floor":5},{"not_picked":["Anger","Exhume"],"picked":"Iron Wave","floor":6},{"not_picked":["Infernal Blade+1","Reckless Charge","Rage+1"],"picked":"SKIP","floor":11},{"not_picked":["True Grit+1","Flex+1"],"picked":"Clothesline","floor":13},{"not_picked":["Body Slam","Clothesline","Wild Strike"],"picked":"SKIP","floor":14}],"player_experience":97647,"relics_obtained":[{"floor":6,"key":"Toxic Egg 2"},{"floor":7,"key":"Happy Flower"},{"floor":9,"key":"Strawberry"},{"floor":11,"key":"Whetstone"}],"event_choices":[{"event_name":"FaceTrader","player_choice":"Trade","floor":2.0,"damage_taken":0.0},{"event_name":"Golden Wing","player_choice":"Card Removal","floor":3.0,"damage_taken":0.0},{"event_name":"Golden Shrine","player_choice":"Desecrate","floor":12,"damage_taken":0}],"boss_relics":[],"items_purged_floors":[8],"is_endless":false,"potions_floor_spawned":[5,14],"killed_by":"The Guardian","ascension_level":0}