{"gold_per_floor":[111,11,24,24,24,51,51,82,82,108,108,123,140,159,159,262,262,275,190,190,201,201,201,225,260,284,615,615],"floor_reached":28,"playtime":1073,"items_purged":[],"score":314,"play_id":"d6de7c43-75ca-4375-bd86-5d6ea9fb019f","local_time":"20190223205736","is_ascension_mode":true,"campfire_choices":[{"data":"Chaos","floor":7,"key":"SMITH"},{"data":"Hologram","floor":11,"key":"SMITH"},{"data":"Sweeping Beam","floor":15,"key":"SMITH"},{"data":"Static Discharge","floor":23,"key":"SMITH"}],"neow_cost":"NONE","seed_source_timestamp":441540733064788,"circlet_count":0,"master_deck":["Strike_B+1","Strike_B","Strike_B","Strike_B","Defend_B","Defend_B","Defend_B","Defend_B","Zap+1","Dualcast","Static Discharge+1","Cold Snap","Compile Driver","Leap+1","Chaos+1","Sweeping Beam+1","Hologram+1","Storm+1","Turbo","Conserve Battery","Rainbow","Conserve Battery","Capacitor+1","Writhe","Steam Power","Normality","Seek"],"relics":["Cracked Core","NeowsBlessing","Sundial","Pocketwatch","Molten Egg 2","Frozen Egg 2","Cursed Key","The Courier","Ancient Tea Set","Mercury Hourglass","Pen Nib","Old Coin"],"potions_floor_usage":[8,10,25,25,28],"damage_taken":[{"damage":0,"enemies":"Jaw Worm","floor":1,"turns":1},{"damage":0,"enemies":"2 Louse","floor":3,"turns":1},{"damage":0,"enemies":"Gremlin Nob","floor":6,"turns":1},{"damage":6,"enemies":"3 Sentries","floor":8,"turns":7},{"damage":12,"enemies":"Gremlin Nob","floor":10,"turns":3},{"damage":0,"enemies":"Cultist","floor":12,"turns":2},{"damage":0,"enemies":"Blue Slaver","floor":13,"turns":3},{"damage":0,"enemies":"Looter","floor":14,"turns":2},{"damage":15,"enemies":"Slime Boss","floor":16,"turns":6},{"damage":3,"enemies":"3 Byrds","floor":18,"turns":4},{"damage":1,"enemies":"2 Thieves","floor":21,"turns":3},{"damage":40,"enemies":"Slavers","floor":25,"turns":5},{"damage":16,"enemies":"Book of Stabbing","floor":27,"turns":4},{"damage":2,"enemies":"Centurion and Healer","floor":28,"turns":3}],"seed_played":"1434388901868127361","potions_obtained":[{"floor":6,"key":"Dexterity Potion"},{"floor":8,"key":"FearPotion"},{"floor":14,"key":"SpeedPotion"},{"floor":18,"key":"Fire Potion"},{"floor":21,"key":"Ancient Potion"}],"is_trial":false,"path_per_floor":["M","$","M","?","?","E","R","E","T","E","R","M","M","M","R","B",null,"M","?","?","M","?","R","T","E","T","E","M"],"character_chosen":"DEFECT","items_purchased":["Cold Snap","Compile Driver"],"campfire_rested":0,"item_purchase_floors":[2,2],"current_hp_per_floor":[75,75,75,60,60,60,60,54,54,42,42,42,42,42,42,27,75,72,72,72,71,57,57,57,17,17,1,0],"gold":615,"neow_bonus":"THREE_ENEMY_KILL","is_prod":false,"is_daily":false,"chose_seed":false,"campfire_upgraded":4,"win_rate":0,"timestamp":1550951856,"path_taken":["M","$","M","?","?","E","R","E","T","E","R","M","?","M","R","BOSS","M","?","?","M","?","R","?","E","T","E","?"],"build_version":"2019-01-23","purchased_purges":0,"victory":false,"max_hp_per_floor":[75,75,75,75,75,75,75,75,75,75,75,75,75,75,75,75,75,75,75,75,75,80,80,80,80,80,80,80],"card_choices":[{"not_picked":["Hologram","Loop"],"picked":"Static Discharge","floor":1},{"not_picked":["Streamline","Loop"],"picked":"Leap","floor":3},{"not_picked":["Leap","Steam"],"picked":"Chaos","floor":6},{"not_picked":["Stack","Streamline"],"picked":"Sweeping Beam","floor":8},{"not_picked":["Chaos","Hyperbeam+1"],"picked":"Hologram","floor":10},{"not_picked":["Hologram","Leap"],"picked":"Storm+1","floor":12},{"not_picked":["Leap","Streamline+1"],"picked":"Turbo","floor":13},{"not_picked":["Melter+1","Rebound+1"],"picked":"Conserve Battery","floor":14},{"not_picked":["Multi-Cast","Hyperbeam+1"],"picked":"Rainbow","floor":16},{"not_picked":["Leap","Double Energy"],"picked":"Conserve Battery","floor":18},{"not_picked":["Beam Cell+1","Barrage+1"],"picked":"Capacitor+1","floor":21},{"not_picked":["Turbo","Gash+1"],"picked":"Steam Power","floor":25},{"not_picked":["Reboot","Fusion"],"picked":"Seek","floor":27}],"player_experience":987247,"relics_obtained":[{"floor":6,"key":"Sundial"},{"floor":8,"key":"Pocketwatch"},{"floor":9,"key":"Molten Egg 2"},{"floor":10,"key":"Frozen Egg 2"},{"floor":24,"key":"Ancient Tea Set"},{"floor":25,"key":"Mercury Hourglass"},{"floor":26,"key":"Pen Nib"},{"floor":27,"key":"Old Coin"}],"event_choices":[{"damage_healed":0,"gold_gain":0,"player_choice":"Entered Light","damage_taken":15,"max_hp_gain":0,"max_hp_loss":0,"event_name":"Shining Light","floor":4,"gold_loss":0,"cards_upgraded":["Leap","Strike_B"]},{"damage_healed":0,"gold_gain":0,"player_choice":"Upgraded","damage_taken":0,"max_hp_gain":0,"max_hp_loss":0,"event_name":"Upgrade Shrine","floor":5,"gold_loss":0,"cards_upgraded":["Zap"]},{"damage_healed":0,"gold_gain":0,"player_choice":"Obtained Relic","damage_taken":0,"relics_obtained":["The Courier"],"max_hp_gain":0,"max_hp_loss":0,"event_name":"Addict","floor":19,"gold_loss":85},{"damage_healed":0,"gold_gain":0,"player_choice":"Ignored","damage_taken":0,"max_hp_gain":0,"max_hp_loss":0,"event_name":"Vampires","floor":20,"gold_loss":0},{"damage_healed":0,"gold_gain":0,"player_choice":"Shed Blood","damage_taken":19,"max_hp_gain":5,"max_hp_loss":0,"event_name":"Forgotten Altar","floor":22,"gold_loss":0}],"is_beta":false,"boss_relics":[{"not_picked":["Runic Pyramid","Astrolabe"],"picked":"Cursed Key"}],"items_purged_floors":[],"is_endless":false,"potions_floor_spawned":[6,8,14,18,21],"killed_by":"Centurion and Healer","ascension_level":1}