{"gold_per_floor":[363,363,538,552,426,426,457,473,473,473,496,510,510,534,534,662,662,681,532,532,807,195,238,259,297,321,446,465,465,486,502,502,502],"floor_reached":33,"playtime":1539,"items_purged":["Doubt","Clash","Regret"],"score":423,"play_id":"191c1440-187f-4f00-8296-7cc8fed9d49e","local_time":"20181004071422","is_ascension_mode":true,"campfire_choices":[{"data":"Armaments","floor":6,"key":"SMITH"},{"floor":10,"key":"REST"},{"floor":15,"key":"REST"},{"data":"Uppercut","floor":29,"key":"SMITH"},{"data":"Pommel Strike","floor":32,"key":"SMITH"}],"neow_cost":"TEN_PERCENT_HP_LOSS","seed_source_timestamp":920881212883714,"circlet_count":0,"master_deck":["Strike_R","Strike_R","Strike_R","Strike_R","Defend_R","Defend_R","Defend_R","Defend_R","Bash","Battle Trance","Armaments+1","Iron Wave","Pommel Strike","Uppercut+1","Pommel Strike","Warcry","Flex","Ghostly","Ghostly","Ghostly","Ghostly","Ghostly","Shrug It Off","Carnage","Twin Strike","Power Through+1","Pommel Strike+1","Evolve+1","Wild Strike+1"],"relics":["Burning Blood","Golden Idol","Torii","Bottled Flame","Velvet Choker","Meat on the Bone","Omamori","Happy Flower","Mercury Hourglass","Oddly Smooth Stone","Peace Pipe","Sundial"],"potions_floor_usage":[16,23,23,25,33,33,33],"damage_taken":[{"damage":7,"enemies":"2 Louse","floor":1,"turns":3},{"damage":15,"enemies":"Jaw Worm","floor":4,"turns":7},{"damage":31,"enemies":"Gremlin Nob","floor":7,"turns":5},{"damage":0,"enemies":"Small Slimes","floor":8,"turns":3},{"damage":22,"enemies":"Exordium Thugs","floor":11,"turns":7},{"damage":12,"enemies":"Looter","floor":12,"turns":4},{"damage":2,"enemies":"Red Slaver","floor":14,"turns":4},{"damage":19,"enemies":"Slime Boss","floor":16,"turns":8},{"damage":12,"enemies":"2 Thieves","floor":18,"turns":3},{"damage":29,"enemies":"Gremlin Leader","floor":23,"turns":12},{"damage":0,"enemies":"Spheric Guardian","floor":24,"turns":4},{"damage":5,"enemies":"Book of Stabbing","floor":25,"turns":5},{"damage":16,"enemies":"Colosseum Slavers","floor":27,"turns":5},{"damage":5,"enemies":"Colosseum Nobs","floor":27,"turns":6},{"damage":9,"enemies":"Snake Plant","floor":28,"turns":5},{"damage":2,"enemies":"Snecko","floor":30,"turns":5},{"damage":3,"enemies":"3 Cultists","floor":31,"turns":5},{"damage":51,"enemies":"Collector","floor":33,"turns":10}],"seed_played":"-449154983948671483","potions_obtained":[{"floor":1,"key":"Energy Potion"},{"floor":8,"key":"Fire Potion"},{"floor":16,"key":"Weak Potion"},{"floor":23,"key":"AttackPotion"},{"floor":24,"key":"Block Potion"},{"floor":27,"key":"BloodPotion"},{"floor":30,"key":"Ancient Potion"}],"is_trial":false,"path_per_floor":["M","?","?","M","$","R","E","M","T","R","M","M","?","M","R","B",null,"M","$","?","?","$","E","M","E","T","?","M","R","M","M","R"],"character_chosen":"IRONCLAD","items_purchased":["Armaments","Flex","Shrug It Off","Meat on the Bone","Carnage","Omamori"],"campfire_rested":2,"item_purchase_floors":[5,19,22,22,22,22],"current_hp_per_floor":[71,53,53,44,44,44,19,25,25,46,30,24,24,28,49,36,63,57,57,36,36,36,25,31,32,32,35,32,32,36,36,36,0],"gold":502,"neow_bonus":"TWO_FIFTY_GOLD","is_prod":false,"is_daily":false,"chose_seed":false,"campfire_upgraded":3,"win_rate":0,"timestamp":1538590462,"path_taken":["M","?","?","M","$","R","E","M","T","R","M","M","?","?","R","BOSS","M","$","?","?","$","E","M","E","T","?","M","R","M","M","R","BOSS"],"build_version":"2018-09-27","purchased_purges":3,"victory":false,"max_hp_per_floor":[72,72,72,72,72,72,72,72,72,72,72,72,72,72,72,72,72,72,72,36,36,36,36,36,36,36,36,36,36,36,36,36,36],"card_choices":[{"not_picked":["Flex","Iron Wave"],"picked":"Battle Trance","floor":1},{"not_picked":["Clash","Battle Trance","Carnage"],"picked":"SKIP","floor":4},{"not_picked":["Reaper","Blood for Blood"],"picked":"Iron Wave","floor":7},{"not_picked":["True Grit","Wild Strike","Battle Trance"],"picked":"SKIP","floor":8},{"not_picked":["Carnage","Armaments"],"picked":"Pommel Strike","floor":11},{"not_picked":["Demon Form","Intimidate"],"picked":"Uppercut","floor":12},{"not_picked":["Uppercut","Heavy Blade"],"picked":"Pommel Strike","floor":14},{"not_picked":["Rage","Hemokinesis"],"picked":"Warcry","floor":18},{"not_picked":["Clash","Wild Strike","True Grit+1"],"picked":"SKIP","floor":23},{"not_picked":["Battle Trance","Wild Strike"],"picked":"Twin Strike","floor":24},{"not_picked":["Wild Strike","Feel No Pain"],"picked":"Power Through+1","floor":25},{"not_picked":["Wild Strike","Entrench+1"],"picked":"Pommel Strike","floor":27},{"not_picked":["Seeing Red+1","Twin Strike+1"],"picked":"Evolve+1","floor":28},{"not_picked":["Clash","Warcry","True Grit"],"picked":"SKIP","floor":30},{"not_picked":["Battle Trance","Uppercut"],"picked":"Wild Strike+1","floor":31}],"player_experience":345725,"relics_obtained":[{"floor":7,"key":"Torii"},{"floor":9,"key":"Bottled Flame"},{"floor":23,"key":"Happy Flower"},{"floor":25,"key":"Mercury Hourglass"},{"floor":26,"key":"Oddly Smooth Stone"},{"floor":27,"key":"Peace Pipe"},{"floor":27,"key":"Sundial"}],"event_choices":[{"event_name":"Golden Idol","player_choice":"Take Damage","floor":2,"damage_taken":0},{"event_name":"Liars Game","player_choice":"agreed","floor":3,"damage_taken":0},{"event_name":"Transmorgrifier","player_choice":"Transform","floor":13,"damage_taken":0},{"event_name":"Ghosts","player_choice":"Became a Ghost","floor":20,"damage_taken":0},{"event_name":"Golden Shrine","player_choice":"Desecrate","floor":21,"damage_taken":0},{"event_name":"Colosseum","player_choice":"Fight","floor":27,"damage_taken":0},{"event_name":"Colosseum","player_choice":"Fought Nobs","floor":27,"damage_taken":0}],"is_beta":false,"boss_relics":[{"not_picked":["Runic Dome","Ectoplasm"],"picked":"Velvet Choker"}],"items_purged_floors":[5,19,22],"is_endless":false,"potions_floor_spawned":[1,8,16,23,24,27,30],"killed_by":"Collector","ascension_level":6}